2782 5026
129 424 150 490 8
474 434 657 488 uamcma
679 433 912 486 sumamma

127 613 159 660 et
171 612 240 675 post
251 602 309 659 hos
320 602 391 659 viris
403 619 472 658 cum
486 603 600 674 palmis,
613 612 644 658 et
657 602 831 659 mulieribus
842 617 913 658 cum
926 602 1025 659 aureis
1036 603 1202 661 simulacris
1217 604 1244 661 in

127 683 275 738 manibus.

179 775 218 834 4.
242 760 377 832 Septima
392 760 517 824 Cohors,
532 777 602 832 prae
617 762 683 816 luce
699 777 759 816 non
775 760 899 833 reliquis
913 761 985 824 visa,
1000 771 1065 817 erat
1079 778 1117 817 ex
1132 764 1246 818 oriente

127 842 218 904 caeli:
236 852 322 896 erant
331 841 429 912 angeli
442 857 479 895 ex
491 841 596 896 eadem
610 841 763 902 societate,
773 857 790 895 e
800 857 859 911 qua
872 839 930 894 fuit
939 842 1063 912 angelus
1075 843 1175 897 tubae.
1202 842 1245 896 Illi

128 936 196 974 cum
216 920 246 974 in
265 936 321 974 suo
339 922 423 975 caelo
441 921 628 981 audiverunt,
642 921 724 990 quod
744 936 782 974 ne
798 920 920 991 quidem
936 936 1015 974 unus
1031 920 1061 974 in
1077 919 1248 976 Christiano

126 1000 199 1054 orbe
212 999 287 1054 sciat
299 1000 371 1069 quid
385 1000 529 1070 gaudium
543 1000 626 1061 caeli,
640 1009 671 1053 et
684 998 810 1053 felicitas
822 1007 951 1060 aeterna.
966 1000 1044 1054 inter
1056 1016 1088 1055 se
1100 1000 1247 1062 dixerunt,

128 1086 144 1107 “
154 1077 349 1148 Nequaquam
364 1079 422 1133 hoc
431 1079 541 1132 veritas
550 1089 611 1140 est:
630 1094 690 1132 non
704 1088 804 1148 potest
814 1087 899 1132 tanta
909 1078 1013 1148 caligo,
1023 1088 1055 1133 et
1067 1079 1137 1134 talis
1146 1090 1249 1150 stupor

128 1157 285 1219 mentium,
305 1157 485 1213 Christianis
504 1173 584 1212 esse:
609 1158 827 1212 descendamus
846 1158 938 1211 etiam
959 1174 1021 1219 nos,
1041 1168 1072 1212 et
1091 1159 1248 1214 audiamus

128 1251 201 1289 num
214 1237 326 1291 veritas
338 1236 392 1299 sit:
410 1246 442 1291 et
455 1237 478 1291 si
492 1237 602 1291 veritas
614 1246 668 1299 est,
682 1252 753 1290 sane
765 1245 812 1291 est
825 1236 1023 1307 prodigium.'’

181 1315 268 1370 Tunc
283 1316 382 1386 angeli
398 1315 439 1369 illi
455 1316 596 1370 dixerunt
610 1317 648 1369 ad
664 1317 804 1386 angelum
819 1316 918 1377 tubae.
933 1324 948 1344 ‘⁴
957 1315 1043 1370 Nosti
1060 1316 1142 1386 quod
1158 1333 1248 1371 unus-

128 1394 255 1465 quis'que
268 1396 367 1457 homo,
377 1395 428 1465 qui
442 1395 664 1449 desideraverat
673 1395 796 1456 caelum,
807 1405 838 1448 et
852 1394 966 1465 aliquid
978 1394 1051 1449 certi
1065 1396 1248 1466 cogitaverat

128 1474 167 1528 de
179 1472 297 1544 gaudiis
310 1474 362 1536 ibi,·
370 1483 439 1545 post
452 1484 579 1528 mortem
594 1474 802 1528 introducatur
814 1473 844 1526 in
858 1473 1081 1544 imaginationis
1093 1490 1165 1529 suae
1178 1491 1248 1545 gau·

128 1552 194 1615 dia:
219 1563 250 1607 et
268 1553 349 1624 quod
369 1563 528 1623 postquam
544 1554 658 1623 experti
674 1563 754 1614 sunt,
770 1553 870 1623 qualia
883 1553 932 1607 illa
946 1553 1057 1623 gaudia
1071 1563 1151 1616 sunt,
1167 1554 1246 1624 quod

129 1632 190 1687 sint
204 1632 368 1687 secundum
383 1648 475 1687 vanas
495 1633 577 1687 ideas
596 1631 713 1693 mentis,
726 1643 758 1686 et
772 1633 937 1687 secundum
954 1632 1058 1685 deliria
1073 1633 1247 1702 phantasiae

129 1711 256 1772 illorum,
276 1711 443 1765 educantur
465 1712 503 1765 ab
526 1711 583 1766 illis
604 1721 636 1766 et
660 1711 854 1766 instruantur.
893 1711 961 1765 Hoc
985 1710 1020 1764 fit
1044 1712 1194 1782 plerisque
1218 1713 1247 1765 in

129 1790 243 1844 mundo
255 1789 421 1860 spirituum.
435 1791 486 1860 qui
507 1791 536 1844 in
551 1791 648 1860 priore
661 1791 724 1845 vita
737 1790 873 1844 meditati
888 1800 959 1845 sunt
972 1791 1009 1843 de
1022 1790 1114 1851 caelo,
1128 1801 1160 1845 et
1178 1807 1247 1846 con-

128 1869 281 1924 cluserunt
293 1869 404 1939 aliquid
418 1870 457 1924 de
468 1869 585 1940 gaudiis
599 1870 638 1923 ibi
651 1870 795 1940 usquead
810 1870 916 1924 horum
930 1869 1138 1923 desiderium.''

184 1947 241 2002 His
253 1948 372 2010 auditis,
384 1948 508 2018 angelus
527 1949 616 2003 tubae
635 1949 711 2002 dixit
729 1949 766 2002 ad
786 1965 838 2003 sex
850 1949 991 2002 cohortes
1009 1965 1047 2002 ex
1065 1948 1248 2018 sapientibus

129 2026 210 2082 orbis
229 2025 391 2081 Christiani
410 2038 598 2088 convocatas,
613 2026 804 2099 “Sequimini
823 2044 879 2089 me,
893 2039 924 2082 et
943 2028 1131 2082 introducam
1145 2044 1200 2082 vos
1218 2027 1247 2081 in

128 2105 239 2177 gaudia
251 2115 358 2167 vestra.
372 2106 414 2161 ita
429 2106 458 2160 in
472 2105 615 2161 caelum.''

182 2197 220 2257 5.
247 2183 304 2239 His
323 2182 420 2247 dictis,
439 2186 561 2255 angelus
580 2184 713 2255 praeivit,
732 2195 763 2241 et
788 2185 917 2256 primum
936 2185 1081 2239 comitata
1098 2195 1146 2239 est
1165 2185 1246 2239 illum

129 2266 239 2320 cohors
257 2280 294 2319 ex
313 2264 379 2326 illis,
395 2264 446 2334 qui
465 2265 520 2319 sibi
540 2275 747 2335 persuaserant
765 2265 845 2335 quod
865 2264 975 2335 gaudia
990 2265 1129 2319 caelestia
1147 2273 1247 2319 essent

129 2344 226 2399 solum
240 2344 402 2399 laetissima
413 2344 573 2405 consortia,
583 2353 614 2399 et
629 2344 823 2399 suavissimae
835 2342 1110 2398 confabulationes:
1129 2342 1185 2398 hos
1197 2359 1248 2398 an·

129 2424 213 2494 gelus
223 2423 389 2478 introduxit
397 2424 434 2478 ad
446 2432 549 2478 coetus
560 2423 590 2477 in
601 2423 688 2494 plaga
697 2423 931 2493 septentrionali,
939 2424 1048 2493 quibus
1055 2423 1165 2493 gaudia
1175 2422 1246 2477 caeli

130 2502 161 2557 in
175 2503 288 2558 mundo
302 2502 391 2573 priori
405 2519 465 2556 non
478 2502 537 2556 alia
549 2502 674 2557 fuerant.
713 2502 784 2557 Erat
797 2502 837 2555 ibi
850 2502 983 2572 spatiosa
993 2502 1101 2556 domus
1114 2501 1144 2555 in
1158 2517 1246 2572 quam

129 2581 205 2638 tales
214 2582 387 2652 congregati
400 2592 486 2644 sunt:
502 2582 532 2635 in
545 2582 638 2637 domo
650 2591 735 2636 erant
748 2582 813 2652 plus
826 2598 915 2651 quam
925 2581 1142 2651 quinquaginta
1152 2597 1248 2634 carne-

131 2677 188 2722 rae,
201 2659 360 2716 distinfiae
372 2661 537 2716 secundum
551 2661 633 2715 varia
646 2677 756 2731 genera
769 2659 1052 2715 confabulationum.
1091 2658 1125 2712 ln
1142 2660 1189 2713 his
1201 2676 1247 2714 ca·

131 2740 219 2794 meris
232 2740 431 2810 loquebantur
443 2740 481 2794 de
493 2740 602 2793 talibus
621 2756 697 2810 quae
709 2739 847 2794 viderant
859 2749 891 2793 et
903 2739 1080 2793 audiverant
1093 2738 1122 2791 in
1137 2739 1203 2793 foro
1217 2748 1248 2793 et

131 2819 161 2872 in
182 2818 303 2888 plateis:
328 2819 358 2872 in
379 2819 436 2873 illis
452 2819 651 2889 loquebantur
662 2819 743 2873 varia
756 2818 895 2873 amabilia
913 2819 951 2872 de
969 2834 1041 2873 sexu
1055 2818 1190 2887 pulchro,
1205 2817 1247 2871 in·

130 2896 287 2967 terspersis
300 2896 422 2958 facetiis.
433 2896 567 2952 adaudtis
580 2914 673 2967 usque
686 2898 723 2952 ad
737 2897 950 2968 expansionem
961 2896 1101 2951 facierum
1112 2897 1246 2951 omnium

131 2976 161 3030 in
176 2976 330 3030 consortio
346 2976 376 3030 in
393 2976 469 3031 risus
481 2974 655 3031 hilaritatis:
674 2977 703 3031 in
719 2977 785 3031 aliis
797 2976 922 3031 cameris
935 2977 1134 3046 loquebantur
1147 2975 1247 3030 novel-

130 3055 174 3109 las
187 3054 225 3109 de
237 3055 320 3116 aulis,
331 3055 369 3109 de
384 3055 563 3115 ministeriis,
573 3055 611 3110 de
623 3066 703 3109 statu
714 3055 846 3125 politico,
857 3055 895 3110 de
907 3056 996 3109 variis
1006 3071 1083 3125 quae
1095 3071 1112 3109 e
1125 3054 1247 3110 secretis

130 3134 263 3189 consiliis
275 3144 496 3196 emanaverunt,
511 3150 651 3190 unacum
664 3135 827 3189 ratiociniis
840 3144 871 3188 et
886 3132 1065 3205 conjecturis
1081 3134 1118 3188 de
1133 3134 1248 3189 eventi-

130 3214 202 3277 bus:
220 3213 251 3268 in
266 3213 332 3269 aliis
345 3214 382 3268 de
396 3214 618 3285 negotiatione:
637 3213 667 3268 in
681 3214 747 3269 aliis
762 3215 800 3268 de
813 3215 901 3269 rebus
914 3213 1068 3274 litteratis:
1088 3213 1117 3265 in
1131 3213 1197 3267 aliis
1210 3214 1246 3267 de

130 3293 240 3349 talibus
252 3309 330 3364 quae
343 3304 413 3348 sunt
427 3293 603 3364 prudentiae
612 3293 716 3356 civilis,
729 3303 760 3349 et
773 3293 853 3348 vitae
867 3292 986 3348 moralis
998 3309 1004 3354 ;
1024 3291 1054 3345 in
1067 3291 1134 3347 aliis
1149 3293 1188 3348 de
1201 3308 1247 3347 ec·

130 3372 304 3427 clesiasticis
315 3382 346 3427 et
361 3373 399 3426 de
410 3370 508 3433 seilis,
521 3382 552 3426 et
565 3371 608 3425 sic
621 3387 718 3442 porro.

185 3450 295 3505 Datum
310 3451 382 3504 mihi
396 3461 443 3505 est
455 3450 601 3520 inspicere
615 3451 645 3504 in
659 3451 739 3505 illam
752 3451 884 3511 domurn.
897 3460 929 3505 et
941 3450 1002 3505 vidi
1016 3449 1247 3505 discurrentesa

130 3529 254 3584 cameris
274 3529 303 3583 in
323 3545 462 3592 cameras.
479 3530 663 3601 inquirentes
682 3531 834 3584 consortia
852 3546 922 3585 suae
941 3528 1109 3584 affeflionis
1127 3539 1159 3584 et
1178 3530 1246 3583 inde

129 3608 246 3679 gaudii:
268 3618 299 3663 et
319 3609 348 3663 in
367 3610 526 3664 consortiis
538 3609 600 3663 vidi
615 3609 674 3664 tria
684 3626 802 3680 genera,
816 3611 960 3679 quosdam
974 3610 1051 3664 sicut
1064 3608 1190 3664 anhelos
1208 3608 1245 3663 ad

130 3687 323 3757 loquendum.
338 3688 484 3758 quosdam
500 3689 624 3759 cupidos
640 3689 677 3743 ad
696 3689 917 3750 sciscitandum,
931 3699 963 3743 et
981 3688 1127 3759 quosdam
1143 3688 1247 3743 avidos

130 3765 168 3819 ad
193 3766 387 3821 audiendum.
426 3766 518 3821 Erant
536 3777 665 3837 quatuor
686 3777 790 3837 portae
809 3767 925 3829 domus,
945 3783 1005 3821 una
1023 3768 1061 3821 ad
1082 3768 1247 3838 quamlibet

131 3845 259 3915 plagam,
269 3855 301 3899 et
313 3845 467 3900 observavi
478 3847 557 3916 quod
572 3846 671 3916 plures
683 3847 833 3901 solverent
843 3847 1002 3907 consortia,
1013 3856 1044 3900 et
1054 3854 1247 3916 properarent

131 3925 168 3979 ad
180 3924 358 3979 exeundum.
395 3923 521 3979 Secutus
534 3941 599 3979 sum
610 3925 754 3996 quosdam
768 3926 805 3979 ad
820 3936 936 3995 portam
947 3926 1131 3985 orientalem.
1142 3936 1172 3979 et
1185 3923 1245 3978 vidi

131 4003 248 4072 aliquos
257 4003 342 4073 juxta
352 4003 431 4057 illam
442 4003 580 4059 sedentes
590 4003 664 4059 facie
673 4004 767 4066 tristi:
786 4015 816 4059 et
826 4004 935 4059 accessi
949 4015 979 4058 et
992 4004 1133 4074 quaesivi,
1143 4020 1197 4058 cur
1207 4004 1247 4057 ita

131 4082 234 4138 tristes
252 4083 406 4145 sederent:
430 4093 461 4136 et
479 4084 705 4153 responderunt,
716 4083 849 4139 “Portae
869 4085 959 4154 hujus
978 4085 1086 4137 domus
1107 4092 1248 4137 tenentur

132 4161 250 4216 clausae
269 4177 323 4231 pro
337 4161 478 4223 exituris:
500 4171 531 4216 et
550 4178 629 4216 nunc
640 4163 747 4218 tertius
759 4164 824 4218 dies
842 4173 927 4224 esta
946 4179 1006 4233 quo
1020 4161 1204 4223 intravimus,
1217 4172 1248 4217 et

132 4240 286 4310 exegimus
294 4240 387 4295 vitam
397 4240 536 4295 desiderii
547 4241 641 4296 nostri
655 4241 684 4295 in
695 4242 853 4296 consortiis
863 4252 894 4296 et
906 4240 1071 4312 colloquiis.
1082 4250 1113 4294 et
1125 4256 1143 4294 a
1153 4241 1248 4295 conti·

134 4320 201 4373 uuis
214 4319 513 4374 sermocinationibus
526 4319 679 4391 defatigati
693 4337 796 4376 sumus
812 4321 842 4374 in
858 4330 974 4375 tantum
989 4330 1022 4375 ut
1036 4320 1087 4374 vix
1100 4320 1247 4374 sustinea-

135 4413 202 4454 mus
215 4397 318 4453 audire
330 4414 471 4455 sonorum
485 4415 618 4453 murmur
629 4416 666 4454 ex
680 4400 752 4464 illis;
771 4416 862 4472 quare
875 4398 938 4454 ¹¹1ex
951 4400 1051 4454 taedio
1066 4398 1248 4454 contulimus
