2782 5026
142 110 207 192 ²9⁶
488 125 673 176 ntucric
694 125 926 180 sammaa

193 290 609 363 Etpiebenditmcmannet
619 294 764 359 deduxit:
780 296 1236 370 etvididomunculasinquibut

138 373 303 443 gymnasia.
312 384 344 427 et
357 372 388 426 in
400 373 503 428 medio
512 373 630 427 illarum
643 390 744 435 unam
753 390 831 446 quae
840 388 907 431 erat
915 377 996 432 sicut
1006 379 1182 448 praetorium
1189 377 1237 433 reli·
1349 423 1357 436 ,

138 468 284 523 quarum:
300 451 361 506 boc
373 450 580 507 namnetum
594 464 662 508 erat
676 470 714 508 ex
728 454 879 525 lapidibus
893 457 997 527 piceis,
1009 459 1120 528 quibus
1130 457 1238 529 superis·

138 529 248 586 duciae
259 542 346 585 erant
357 531 495 586 hmellae
505 532 586 586 sicut
596 533 714 588 vitreae
725 550 764 588 ex
775 550 853 589 auru
862 545 896 589 et
912 548 1044 607 argento
1054 539 1141 608 quasi
1151 537 1239 592 micat·
1354 552 1381 591 4

138 622 196 671 tes,
213 611 318 681 quales
335 622 407 665 sunt
424 627 502 681 quae
520 624 668 666 vocantur
681 613 796 683 glacies
810 613 934 676 Mariae,
952 627 987 670 et
1003 616 1054 671 bic
1071 628 1105 672 et
1121 617 1160 672 ibi
1175 624 1242 673 erunt

139 691 322 760 interspersa
333 691 485 744 conchilia
496 691 637 746 similiter
648 692 787 748 nitentia

194 768 271 823 llluc
279 770 460 824 accessimus
472 780 505 824 et
517 771 711 840 pulsavimus,
719 782 751 826 et
764 787 835 826 mox
847 772 957 843 aliquis
966 774 1088 844 aperuit
1096 774 1253 845 ianuamet

139 848 225 911 dixit,
234 858 250 876 ··
260 848 466 904 Beneventote
475 850 501 910 ;''
514 861 545 904 et
557 851 690 904 cucurrit
702 851 741 904 ad
754 867 899 912 mensam,
907 863 940 906 et
951 855 1126 923 apportavit
1137 856 1260 926 quatuot

139 929 240 989 libros,
258 940 290 983 et
308 929 394 990 dixit,
410 928 476 983 “lli
499 929 566 982 libri
585 940 657 983 sunt
675 931 832 1000 sapientia,
850 931 899 985 cui
919 932 1087 987 multitudo
1105 933 1272 1005 regnorum

139 1007 232 1062 bodie
242 1008 413 1078 applaudit:
432 1008 504 1061 huic
516 1008 593 1063 libro
604 1025 658 1063 seu
670 1009 838 1079 sapientiae
849 1010 1040 1080 applaudunt
1052 1013 1140 1066 multi
1154 1013 1182 1067 in
1193 1005 1282 1068 Gal‘

139 1087 188 1147 lia,
201 1086 272 1141 huic
285 1087 372 1140 multi
385 1087 416 1141 in
429 1086 599 1149 Germania,
612 1088 683 1142 huic
694 1089 788 1159 aliqui
800 1089 833 1143 in
847 1088 984 1151 Batavis,
996 1102 1030 1145 et
1042 1090 1115 1146 huic
1126 1092 1214 1163 aliqui
1227 1083 1295 1145 ἰ’5

140 1165 323 1220 anaunia·
361 1165 457 1220 Porro
475 1166 560 1227 dixit,
574 1166 631 1222 ust
649 1168 743 1222 unns
760 1169 873 1229 viuere,
892 1167 1001 1223 faciam
1019 1181 1056 1224 ut
1080 1171 1113 1224 ni
1136 1181 1265 1241 quatuo
1280 1156 1305 1201 ³

139 1246 207 1300 libri
218 1261 321 1300 coram
333 1247 430 1300 oculis
439 1247 547 1300 vestris
559 1246 680 1301 luceant
688 1247 713 1308 ς’·
731 1258 764 1301 et
775 1259 850 1302 tunc
858 1248 986 1318 gloriam
997 1247 1096 1304 lamae
1109 1265 1180 1305 suae
1190 1246 1318 1303 clitr'

139 1326 186 1380 ‹nt
203 1337 234 1380 et
255 1325 500 1387 circumcunte
519 1326 586 1379 nuri
605 1342 677 1380 mox
695 1327 774 1381 sicut
792 1343 830 1381 ex
849 1327 917 1382 111oe
931 1325 1098 1392 mserum
1119 1329 1173 1384 seu
1191 1328 1245 1383 uae
1268 1308 1330 1361 ‘⁶

139 1407 192 1460 lux
203 1421 305 1459 coram
318 1405 415 1459 oculis
427 1405 540 1459 nostris
553 1405 633 1459 illico
645 1407 777 1460 evanuit

194 1484 233 1538 lit
244 1496 318 1539 tunc
330 1484 542 1555 quaesivimus,
556 1482 661 1556 “Quid
675 1500 757 1538 nunc
768 1485 875 1539 scribis
883 1483 915 1540 Υ·
1342 1538 1358 1578 e

195 1563 234 1618 Et
257 1564 422 1634 respondit,
441 1565 523 1634 quod
545 1579 625 1617 nunc
649 1564 708 1624 illa,
727 1579 804 1634 quae
822 1564 946 1619 intimae
963 1565 1132 1635 sapientiae
1151 1576 1228 1627 sunt,
1244 1566 1318 1620 9

140 1642 289 1698 thesauris
303 1643 366 1697 suis
377 1644 487 1697 eduoet
501 1654 533 1697 et
546 1654 712 1713 expromat,
725 1659 803 1713 quae
817 1643 848 1697 in
860 1645 1044 1714 compendio
1057 1656 1130 1699 sunt
1140 1645 1214 1701 haec
1222 1629 1372 1722 xj·

141 1723 184 1791 (i.)
203 1723 286 1776 :Van
298 1729 410 1775 natura
424 1726 465 1775 sit
482 1724 570 1782 vilae,
580 1722 629 1775 vel
638 1740 709 1775 nun
722 1726 788 1775 vr'ta
800 1726 842 1775 sit
855 1729 992 1779 naturae.
1031 1724 1087 1791 (it)
1105 1725 1189 1778 Num
1201 1700 1378 1812 ‘5²30

139 1812 220 1855 trun
243 1805 285 1855 sit
304 1803 437 1871 expansi,
454 1802 504 1854 vel
524 1819 594 1854 nun
611 1806 772 1872 expansum
794 1804 837 1855 sit
858 1805 961 1858 centri:
1008 1794 1074 1872 (lii.)
1105 1804 1154 1858 De
1170 1806 1332 1858 centross’

139 1888 168 1936 ei
179 1884 304 1951 apansa
315 1887 442 1933 naturae
453 1887 482 1933 et
493 1883 582 1935 vilae.

196 1960 253 2015 His
265 1959 354 2014 ditiis
367 1961 500 2029 reposuit
511 1976 544 2014 se
557 1976 647 2030 super
657 1960 735 2015 solio
750 1960 789 2014 ad
804 1976 956 2022 mensam:
978 1946 1122 2017 nos'vero
1138 1961 1168 2016 in
1182 1978 1263 2034 gym-
1278 1964 1341 1995 z
1372 2014 1378 2023 ,

141 2040 227 2094 nasio
245 2041 319 2110 ejus,
332 2041 413 2109 quod
433 2049 497 2093 erat
516 2041 693 2109 spatiosum,
712 2039 941 2096 ambulavimus.
979 2038 1034 2095 llle
1052 2057 1146 2111 super
1163 2057 1263 2096 mensa
1328 2053 1340 2059 ”
1386 2034 1388 2037 ’

141 2119 271 2173 babebat
283 2119 449 2178 candelam,
462 2119 533 2188 quia
546 2134 606 2173 non
620 2119 671 2172 lux
683 2118 791 2172 diurna
802 2118 910 2173 solaris
922 2118 963 2172 ibi
976 2129 1051 2180 erat,
1064 2117 1119 2175 sed
1133 2121 1186 2175 lux
1194 2136 1261 2175 noc·
1317 2112 1388 2139 ‘⁴

140 2209 230 2252 turna
244 2199 374 2259 lunaris:
396 2208 429 2251 et
446 2199 528 2267 quod
545 2199 671 2253 miratus
686 2214 764 2256 sum.
776 2198 902 2252 candela
915 2198 1044 2254 visa-est
1059 2200 1174 2255 circum
1187 2200 1264 2255 circa
1349 2203 1362 2210 ‘

142 2278 182 2332 ibi
198 2277 275 2338 terri,
291 2288 321 2331 et
338 2276 522 2338 illuminare;
549 2288 581 2332 at
598 2277 670 2348 quia
685 2277 736 2330 illa
754 2292 816 2331 non
830 2287 896 2332 erat
910 2275 1061 2340 emunda,
1078 2278 1264 2333 illuminabat
1371 2338 1391 2347 ,

142 2370 261 2426 parum:
279 2366 310 2410 et
325 2372 393 2409 cum
409 2356 536 2425 scripsit,
549 2356 679 2411 vidimus
692 2356 839 2426 imagines
854 2356 884 2410 in
899 2355 991 2410 variis
1005 2355 1112 2411 lormis
1126 2374 1146 2413 e
1164 2372 1265 2413 mensa
1374 2355 1383 2360 ¹

142 2435 172 2489 in
192 2434 319 2505 parietes
337 2435 482 2496 volantes,
501 2451 579 2505 quae
598 2436 628 2489 in
648 2434 794 2489 postuma
812 2436 864 2490 illa
880 2436 950 2490 luce
965 2436 1062 2490 lunari
1080 2438 1264 2507 apparebant

142 2515 218 2569 sicut
233 2515 370 2568 volucres
386 2513 527 2583 pulchrae
545 2514 682 2577 lndicae;
700 2515 753 2570 sed
772 2531 841 2569 cum
857 2514 1028 2584 aperuimus
1045 2516 1181 2586 januam.
1196 2531 1263 2571 ecce

142 2595 209 2648 illae
235 2593 263 2646 in
283 2594 350 2647 luce
368 2593 475 2647 diurna
493 2594 584 2648 solari
598 2595 784 2664 apparebant
801 2594 880 2649 sicut
898 2610 969 2650 aves
986 2610 1140 2665 vesperae,
1157 2595 1263 2666 quibus

141 2674 206 2728 alae
224 2672 391 2727 retilormes
406 2683 493 2735 sunt;
517 2685 603 2728 erant
617 2674 698 2728 enim
726 2673 1012 2735 verisimilitudines,
1027 2690 1105 2744 quae
1124 2690 1179 2744 per
1193 2691 1263 2730 con·

141 2752 325 2806 firmationes
335 2750 429 2806 iactae
439 2763 510 2807 sunt
520 2753 662 2814 fallaciae,
670 2769 747 2824 quae
758 2753 913 2825 ingeniose
924 2752 953 2806 in
964 2753 1058 2808 series
1067 2755 1107 2808 ab
1116 2753 1171 2808 illo
1179 2763 1263 2809 erant

140 2847 299 2887 connexae.

195 2911 360 2982 Postquam
374 2912 449 2966 haec
460 2912 791 2975 vidimusutccessimus
803 2912 841 2966 ad
855 2927 997 2974 mensam,
1010 2921 1043 2967 et
1057 2912 1262 2982 quaesivimus

141 2991 234 3055 illum,
247 2992 319 3062 quid
333 3009 413 3046 nunc
426 2992 538 3046 scribit
784 2999 792 3018 ·

195 3071 287 3133 Dixit,
299 3078 315 3100 ‘⁴
325 3071 370 3126 De
381 3071 478 3141 primo
489 3071 549 3132 illo,
557 3071 638 3124 Num
648 3077 760 3124 natura
767 3073 808 3124 sit
816 3073 905 3132 uriae,
914 3069 1039 3123 velitum
1048 3073 1116 3125 νῆα
1124 3073 1168 3126 sr't
1176 3078 1262 3126 natu·

139 3150 229 3214 rae,·”
248 3162 280 3206 et
293 3152 330 3206 de
344 3151 401 3205 hoc
416 3150 531 3221 inquiit,
544 3151 627 3220 quod
640 3150 736 3220 possit
748 3160 909 3220 utrumque
921 3148 1109 3212 confirmare,
1122 3161 1154 3205 et
1167 3150 1263 3207 lacere

139 3242 174 3286 ut
189 3233 229 3287 sit
241 3248 362 3293 verum:
382 3232 434 3286 sed
450 3230 522 3302 quia
537 3230 619 3284 intus
634 3230 707 3284 latet
722 3230 844 3301 aliquod
857 3229 1055 3292 reconditum,
1068 3231 1151 3299 quod
1167 3230 1262 3291 timet,

140 3328 201 3366 non
212 3313 290 3366 ausit
301 3311 477 3366 confirmare
488 3311 545 3365 nisi
559 3310 625 3370 hoc,
636 3308 726 3381 Quod
737 3321 843 3364 natura
852 3309 893 3364 sit
904 3309 992 3369 vitae,
1002 3308 1062 3362 hoc
1074 3319 1131 3371 est,
1142 3325 1181 3363 ex
1193 3310 1261 3371 vita,

140 3408 202 3446 non
215 3404 316 3447 autem
330 3391 410 3461 quod
424 3392 487 3445 vita
499 3390 539 3445 sit
551 3401 684 3448 naturae,
698 3388 756 3442 hoc
768 3399 822 3449 est,
835 3404 874 3443 ex
887 3397 1000 3442 natura.

194 3472 405 3545 Quaesivimus
418 3470 535 3532 blande,
547 3469 620 3540 quid
636 3478 683 3523 est
697 3469 779 3539 quod
794 3468 874 3522 intus
887 3468 961 3522 latet
973 3466 1166 3522 reconditum
1180 3467 1262 3538 quod

138 3551 236 3607 timet.

195 3630 371 3701 Respondit,
384 3629 465 3699 quod
481 3628 520 3682 sit
533 3628 614 3698 quod
628 3627 729 3681 vocari
744 3626 839 3697 possit
853 3624 1036 3687 naturalista,
1049 3634 1080 3681 et
1095 3626 1139 3681 sic
1154 3625 1263 3682 atheus

139 3726 177 3765 ex
189 3710 312 3771 clericis,
326 3719 357 3763 et
370 3708 453 3779 quod
466 3707 512 3761 vir
524 3724 584 3761 non
598 3723 689 3761 sanae
703 3706 827 3761 rationis
839 3722 857 3760 a
868 3705 960 3766 laicis,
970 3705 1115 3775 quoniam
1129 3705 1208 3761 hiet
1221 3706 1263 3761 illi

139 3800 210 3844 sunt
218 3791 266 3845 vel
280 3790 436 3844 credentes
449 3804 484 3842 ex
497 3803 586 3841 caeca
598 3787 666 3849 fide,
679 3787 727 3841 vel
740 3786 878 3841 videntes
890 3801 927 3840 ex
938 3784 1004 3839 visu
1018 3783 1262 3839 confirmantium

140 3869 229 3924 illam.
579 3894 581 3899 ·

193 3948 252 4004 Sed
262 3959 335 4004 tunc
348 3964 385 4002 ex
395 3946 524 4017 quadam
536 3945 742 4015 indignatione
751 3944 807 4000 zeli
821 3960 876 4016 pro
885 3941 1011 3998 veritate
1020 3940 1146 3997 allocuti
1156 3959 1263 3998 sumus

141 4029 232 4090 illuni,
246 4029 390 4090 dicentes,
404 4034 420 4055 “
429 4026 543 4086 Amice,
553 4025 641 4078 valde
655 4023 779 4086 falleris:
799 4022 945 4094 sapientia
956 4031 1018 4080 tua,
1027 4036 1105 4090 quae
1118 4031 1166 4076 est
1180 4022 1263 4094 inge·

140 4107 264 4164 niositas
273 4105 429 4170 scribendi,
438 4104 558 4160 seduxit
566 4114 606 4166 te,
614 4114 646 4158 et
654 4104 750 4175 gloria
760 4103 856 4158 lamae
865 4099 983 4156 induxit
992 4110 1023 4154 te
1032 4100 1070 4155 ad
1080 4101 1277 4175 confirmari·⁸
