2782 5026
337 111 389 162 us
413 111 893 178 nnonscouructnu1.-N.
917 99 985 163 182.
1166 116 1224 183 149

10 146 15 231 l

94 263 200 335 boum
210 297 268 335 una
278 297 346 336 esse
359 296 428 339 cum
442 282 598 351 sapientia,
612 292 642 336 et
655 279 831 337 adedliones
845 282 937 337 malas
949 297 1016 337 esse
1029 293 1135 338 contra
1147 284 1223 354 sapi·

91 359 240 415 entium„

165 435 283 508 Quando
306 439 508 493 ascenderunt
536 438 644 493 collem
669 438 869 501 Parnassium,
894 439 985 509 aliqui
1015 441 1155 494 custodes
1183 440 1223 494 ibi

81 518 299 584 apportabant
310 533 420 588 aquarn
436 533 473 572 ex
489 516 573 572 ionte
589 517 629 572 ibi
645 517 676 572 in
692 518 812 589 scyphis
827 518 1014 589 crystallinis.
1027 528 1059 573 et
1074 518 1223 581 dicebant,

79 591 92 613 '⁴
108 588 184 650 Est
194 613 267 669 aqua
278 613 318 652 ex
330 595 424 659 iente,
433 598 471 652 de
485 613 546 668 quo
559 597 669 652 vetusti
684 597 868 652 confabulati
882 608 961 659 sunt,
969 598 1050 668 quod
1065 610 1223 668 perruptus

72 666 136 724 sit
162 677 193 730 ab
202 677 312 748 ungula
324 676 395 746 equi
411 676 527 748 Pegasi,
540 687 572 731 et
587 688 693 747 postea
704 687 898 731 consecratus
911 693 1019 731 novem
1034 677 1223 749 Virginibus;

68 756 116 803 &t
158 772 203 826 per
218 773 328 827 equum
344 757 458 810 alatum
479 755 636 827 Pegasum,
653 756 865 811 intellexerunt
884 754 1069 811 intelletlum
1088 756 1150 811 veri
1171 773 1222 826 per

65 840 192 896 quem
203 836 367 906 sapientia;
386 851 440 906 per
452 836 581 906 ungulas
595 835 681 905 pedis
695 836 770 906 ejus,
785 835 996 890 intellexerunt
1020 836 1223 905 experientias

61 921 160 974 per
169 931 236 985 quas
246 915 447 986 intelligentia
457 914 612 974 naturalis:
627 929 659 972 et
665 931 718 985 per
728 931 837 968 novem
849 914 996 985 Virgines,
1009 915 1222 970 intellexerunt

59 995 286 1065 cognitiones
295 1005 327 1050 et
336 995 478 1050 scientias
487 995 587 1050 omnis
596 996 731 1068 generis:
751 996 825 1049 haec
835 995 1084 1050 vocanturhodie
1095 996 1222 1060 fabulae,

56 1075 157 1128 sed
168 1074 284 1129 inerunt
295 1074 588 1145 correspondentiae,
601 1075 761 1146 exquibus
775 1074 917 1144 primaevi
932 1074 1028 1129 locuti
1041 1086 1121 1130 sunt.
1134 1075 1152 1097 '⁹

156 1152 285 1208 Comites
303 1153 446 1208 dixerunt
464 1155 502 1207 ad
522 1164 584 1209 tres
598 1155 739 1215 advenas,
754 1153 825 1208 “Ne
845 1154 1002 1216 miremini,
1018 1155 1160 1209 custodes
1179 1153 1222 1208 lta

53 1223 180 1303 loqui
193 1231 331 1287 instructi
346 1243 426 1294 sunt,
439 1243 471 1288 et
486 1248 542 1288 nos
552 1250 611 1303 per
626 1233 727 1288 bibere
740 1249 849 1304 aquam
872 1250 908 1288 ex
924 1233 1009 1288 ionte
1025 1233 1221 1305 intelligimus

54 1303 203 1368 instrui
216 1315 253 1369 de
267 1313 353 1376 veris,
367 1324 399 1368 et
412 1329 466 1384 per
477 1329 548 1368 vera
561 1314 598 1367 de
613 1313 707 1375 bonis,
720 1324 752 1369 et
765 1313 808 1368 sic
820 1314 951 1384 sapere.’'

158 1392 224 1448 Post
247 1394 321 1448 haec
344 1393 532 1448 intraverunt
559 1393 735 1451 Palladium,
754 1403 786 1447 et
810 1409 879 1447 cum
906 1392 964 1447 illis
984 1403 1047 1448 tres
1070 1392 1176 1447 novitii
1204 1408 1221 1448 e

54 1473 221 1535 mundo,
239 1473 389 1535 sacerdos,
409 1473 559 1542 politicus,
579 1482 609 1526 et
629 1472 844 1542 philosophus;
867 1483 899 1527 et
920 1483 994 1527 tunc
1013 1473 1147 1535 laureati,
1166 1472 1220 1544 qui

54 1552 242 1606 sedebant
252 1552 290 1606 ad
304 1568 432 1614 mensas,
443 1553 664 1622 quaesiverunt,
677 1560 692 1581 “
701 1551 781 1623 Quid
796 1552 866 1606 novi
879 1569 897 1606 e
907 1562 987 1606 terra
995 1551 1026 1606 ν’

158 1631 191 1686 Et
208 1632 437 1702 responderunt,
457 1631 553 1685 “Hoc
572 1647 685 1685 novum
704 1642 759 1693 est,
773 1633 856 1703 quod
876 1632 998 1702 quidam
1014 1631 1170 1701 perhibeat
1188 1647 1221 1686 se

55 1699 181 1780 loqui
194 1727 261 1766 cum
272 1711 395 1783 angelis,
406 1727 441 1765 ac
451 1710 548 1765 visum
558 1709 668 1765 habere
678 1722 814 1781 apertum
826 1710 855 1765 in
867 1712 1012 1765 mundum
1024 1712 1221 1781 spiritualem,

57 1793 192 1859 a(tque
205 1790 283 1845 sicut
296 1801 433 1860 apertum
448 1791 539 1844 habet
555 1790 584 1843 in
601 1791 746 1844 mundum
761 1791 934 1852 naturalem,
947 1800 979 1845 et
994 1791 1042 1845 ille
1058 1807 1137 1844 nova
1151 1790 1221 1858 inde

57 1861 186 1923 affert
200 1870 292 1940 plura,
304 1870 383 1924 inter
393 1885 469 1939 quae
479 1880 550 1924 sunt
560 1870 649 1924 haec:
670 1860 752 1940 quod
766 1870 859 1923 homo
868 1870 950 1924 vivat
960 1871 1052 1924 homo
1063 1880 1131 1939 post
1142 1886 1221 1923 mor·

57 1947 172 2009 tem,
183 1949 257 2004 sicut
269 1949 345 2003 vixit
359 1948 441 2019 prius
455 1948 484 2001 in
499 1950 628 2010 mundo:
647 1949 729 2019 quod
742 1949 851 2010 videat,
865 1950 975 2009 audiat,
990 1949 1130 2018 loquatur
1142 1949 1221 2002 sicut

59 2024 181 2084 Prius
189 2028 217 2082 in
225 2029 355 2091 mundo;
367 2028 450 2099 quod
458 2028 605 2082 vestiatur
611 2029 860 2084 etornetursicut
868 2029 949 2099 prius
957 2029 987 2082 in
997 2029 1125 2088 mundo;
1138 2029 1220 2097 quod

59 2107 209 2161 esuriat
223 2118 254 2162 et
273 2107 365 2171 sitiat,
380 2108 450 2162 edat
465 2116 497 2162 et
513 2107 603 2169 bibat,
620 2108 697 2162 sicut
714 2108 795 2178 prius
815 2108 844 2162 in
865 2108 995 2168 mund0;
1014 2107 1095 2178 quod
1111 2109 1221 2164 delicio

59 2186 257 2258 conjugiali
273 2186 391 2242 ituatur
404 2186 483 2241 sicut
499 2186 580 2257 prius
600 2187 629 2240 in
647 2188 776 2250 mundo:
801 2189 883 2258 quod
899 2188 1031 2242 dormiat
1049 2198 1081 2242 et
1098 2188 1221 2259 evigilet

59 2252 265 2335 sicntprius
280 2267 309 2320 in
325 2266 453 2328 mundo:
473 2266 554 2337 quod
568 2266 608 2321 ibi
621 2267 682 2320 sint
691 2277 788 2322 terrae
801 2278 832 2321 et
844 2268 933 2328 lacus,
945 2278 1062 2322 montes
1075 2277 1105 2321 et
1118 2268 1218 2328 colles,

59 2334 235 2400 Planities
246 2355 278 2400 et
290 2346 393 2407 valles,
403 2345 504 2400 fontes
514 2356 545 2400 et
558 2346 650 2408 fluvii,
662 2346 790 2416 paradisi
804 2357 835 2400 et
848 2346 907 2401 luci
918 2364 924 2407 ;
937 2356 1001 2400 tum
1012 2347 1093 2417 quod
1109 2346 1148 2401 ibi
1159 2347 1220 2400 sint

58 2420 209 2479 palatia
221 2436 252 2480 et
264 2426 383 2488 domus,
396 2440 431 2479 ac
446 2426 534 2479 urbes
547 2435 578 2480 et
596 2426 693 2487 villae,
707 2426 785 2480 sicut
802 2426 831 2479 in
849 2426 963 2479 mundo
979 2426 1121 2487 naturali:
1141 2436 1220 2481 utet

57 2499 182 2557 quod
190 2505 248 2559 sint
258 2505 425 2575 scripturae
434 2514 466 2558 et
476 2504 551 2566 libri,
562 2516 592 2560 et
602 2506 683 2576 quod
693 2505 755 2559 sint
765 2503 935 2560 iundliones
944 2516 975 2561 et
988 2505 1219 2577 negotiationes,

56 2573 169 2634 mxu
177 2583 287 2654 lapides
298 2583 430 2654 pretiosi,
441 2599 545 2638 aurum
557 2595 587 2638 et
597 2595 756 2655 argentum
768 2602 775 2647 ς
790 2586 891 2647 verbo,
902 2585 983 2656 quod
995 2586 1034 2639 ibi
1046 2586 1107 2639 sint
1117 2585 1220 2639 omnia

56 2654 114 2738 ἒξ
139 2663 253 2734 singula
263 2679 342 2735 quae
353 2664 383 2717 in
393 2663 488 2724 terris,
497 2673 528 2718 et
538 2664 589 2717 illa
599 2664 628 2718 in
640 2664 730 2718 caelis
741 2663 856 2718 infinite
868 2663 1059 2734 perfeetiorae
1075 2681 1143 2718 cum
1155 2664 1219 2718 sola

57 2718 274 2804 ‘¹¹flerentia,
291 2743 373 2813 quod
392 2743 495 2797 omnia
514 2759 590 2813 quae
610 2743 639 2797 in
660 2744 774 2798 mundo
789 2744 934 2814 spirituali
952 2754 1030 2805 sunt,
1046 2760 1083 2799 ex
1102 2743 1219 2815 origine

56 2808 240 2877 spirituali
253 2822 323 2882 sint,
336 2833 368 2876 et
381 2822 450 2876 inde
463 2822 635 2892 spiritualia,
649 2823 719 2893 quia
732 2834 801 2878 sunt
817 2838 853 2876 ex
869 2822 931 2877 sole
946 2822 986 2876 ibi
1000 2822 1050 2893 qui
1066 2833 1112 2877 est
1127 2840 1219 2894 purus

55 2887 198 2964 amon
213 2911 245 2956 et
256 2901 340 2972 quod
350 2901 452 2955 omnia
463 2917 540 2972 quae
553 2901 583 2955 in
597 2903 711 2956 mundo
725 2903 851 2957 naturali
865 2912 943 2964 sunt,
954 2919 991 2956 ex
1004 2902 1119 2971 origine
1133 2913 1221 2957 natu·

56 2967 158 3030 ’Ἦί
168 2979 230 3042 sint,
243 2991 275 3035 et
288 2981 359 3034 inde
372 2980 518 3035 naturalia
529 2991 560 3035 et
573 2981 745 3043 materialia,
758 2982 830 3053 quia
842 2991 913 3036 sunt
925 2997 962 3035 ex
975 2983 1038 3036 sole
1053 2981 1092 3036 ibi
1108 2982 1159 3052 qui
1172 2993 1219 3036 est

56 3044 188 3113 ¹''ans
197 3059 289 3131 ignis:
304 3061 405 3121 verbo,
415 3061 496 3130 quod
508 3061 600 3115 homo
610 3071 679 3131 post
689 3071 816 3115 mortem
826 3061 865 3115 sit
876 3059 1005 3131 periet’te
1015 3061 1115 3121 homo.
1126 3062 1220 3116 immo

59 3123 255 3194 &mettius
269 3138 362 3193 homo
372 3154 460 3210 quam
476 3139 557 3209 prius
571 3139 600 3194 in
614 3141 743 3202 mund0;
763 3140 844 3210 prius
855 3141 935 3194 enim
949 3140 979 3193 in
993 3141 1107 3195 mundo
1117 3140 1174 3195 luit
1189 3142 1218 3195 in

57 3200 220 3286 οὒητοτε
232 3217 388 3280 materiali,
402 3218 432 3272 in
446 3218 504 3273 hoc
516 3229 616 3273 autem
629 3230 675 3274 est
689 3220 718 3273 in
731 3235 856 3288 corpore
869 3219 1042 3290 spirituali.''

63 3342 124 3416 ἰὴ
157 3294 208 3352 llis
221 3296 319 3360 ditiis,
335 3297 547 3369 quaesiverunt
562 3299 712 3369 sapientes
727 3298 851 3370 antiqui,
864 3300 937 3371 quid
953 3300 991 3354 de
1011 3300 1069 3354 illis
1083 3301 1218 3373 cogitant

156 3452 298 3510 Dixerunt
316 3455 359 3510 illi
378 3466 447 3519 tres,
461 3455 550 3511 “Nos
568 3457 678 3512 scimus
693 3457 776 3529 quod
791 3473 862 3512 vera
877 3457 944 3520 sint,
957 3457 1028 3528 quia
1042 3457 1091 3513 hic
1106 3475 1216 3520 sumus,

70 3519 135 3577 ²0
152 3532 336 3590 lustravimus
350 3544 383 3589 et
396 3535 616 3606 exploravimus
631 3537 747 3599 omnia:
765 3552 858 3609 quare
873 3538 1007 3592 dicemus
1020 3539 1091 3609 quid
1108 3540 1145 3593 de
1162 3539 1219 3593 illis

72 3582 189 3667 l<Ruti
201 3625 232 3669 et
244 3614 414 3670 ratiocinati
428 3625 498 3670 sunt
512 3616 540 3668 in
554 3616 660 3670 terra.”

157 3689 189 3746 Et
198 3703 269 3749 tunc
279 3693 419 3749 sacerdos
429 3693 513 3755 dixit,
521 3696 602 3764 quod
614 3695 656 3749 illi
666 3695 764 3765 quiex
774 3705 878 3749 nostro
886 3697 991 3750 ordine
999 3706 1077 3758 sunt,
1087 3696 1215 3766 primum

86 3752 172 3823 ‘lum
187 3773 367 3829 audiverunt
386 3773 443 3835 illa,
462 3775 637 3828 vocaverint
658 3774 798 3836 visiones,
818 3775 887 3829 dein
912 3786 1090 3836 commenta,
1110 3787 1216 3846 postea

95 3844 181 3906 quod
193 3851 297 3907 viderit
309 3853 422 3915 Ιετνεες
440 3862 470 3906 et
484 3853 606 3906 demum
619 3854 778 3915 haeserint,
789 3863 822 3908 et
833 3854 971 3916 dixerint,
985 3854 1106 3909 “Crede
1119 3855 1144 3909 si
1157 3855 1217 3909 vis:

103 3926 161 3978 ¹¹0⁸
170 3926 307 3987 hatlenus
320 3931 487 3992 docuimus,
500 3932 582 4003 quod
595 3932 688 3987 homo
703 3949 764 3987 non
777 3932 896 3988 iuturus
908 3935 947 3988 sit
963 3934 993 3987 in
1009 3949 1132 4004 corpore
1146 3945 1215 4004 post

109 4007 231 4072 m(uteru,
244 4011 430 4082 priusquam
443 4010 492 4065 die
505 4011 602 4065 ultimi
614 4012 747 4082 judicii.”

120 4091 124 4099 '
161 4081 192 4141 Et
204 4091 424 4161 quaesiverunt,
440 4089 576 4146 “Annon
590 4090 682 4162 aliqui
696 4091 899 4164 intelligentes
913 4091 1070 4148 interillos
1084 4092 1153 4155 sint,
1164 4093 1215 4164 qui
