2782 5026
352 446 402 497 oa
425 446 560 498 aaronis
582 406 943 500 sconrnron1o.-N.
960 436 1036 515 461.
1189 451 1249 519 351

129 616 318 700 sponsione
346 617 492 682 foederis
518 615 757 701 coniugialisz'.
776 627 831 683 est
860 632 997 703 quoque
1026 619 1085 684 illa
1111 620 1253 686 honoris

128 713 201 794 ejus
231 733 381 792 corona3
416 734 520 797 quare
550 715 680 797 absque
711 714 850 778 foedere
880 714 1027 797 conjugii
1058 716 1251 799 praeripere

127 807 236 883 illam,
261 817 297 871 et
328 817 450 890 postea
479 809 666 883 dimittere,
696 818 751 874 est
780 809 929 892 aliquam
958 811 1137 892 virginem,
1164 828 1251 895 quae

127 912 247 985 potest
272 923 400 985 sponsa
421 915 457 967 et
481 913 580 967 casta
601 925 690 967 uxor
711 903 793 980 fieri,
814 905 1030 970 meretricem
1049 906 1172 981 lacere,
1193 912 1251 969 aut

125 997 279 1079 aliquem
303 999 411 1061 virum
439 998 650 1072 defraudare,
671 1019 711 1062 ac
740 1008 920 1081 utrumque
947 1001 1152 1105 damnqsum
1175 1010 1249 1065 est:

126 1092 258 1155 idcirco
276 1093 332 1175 qui
351 1093 518 1174 virginem
537 1093 571 1155 in
589 1093 748 1175 pellicem
768 1095 832 1157 sibi
851 1093 1018 1175 adjungit,
1036 1104 1155 1177 potest
1175 1094 1249 1177 qui·

126 1186 207 1249 dem
227 1187 427 1251 cohabitare
446 1207 523 1251 cum
543 1187 612 1263 illa,
633 1198 669 1252 et
688 1189 735 1252 sic
754 1189 850 1252 illam
870 1190 904 1251 in
922 1190 1108 1253 amicitiam
1124 1190 1250 1252 amoris

125 1281 275 1357 initiare,
295 1282 356 1346 sed
376 1303 480 1366 usque
499 1302 577 1347 cum
596 1283 771 1347 constanti
791 1284 996 1357 intentione,
1020 1285 1047 1346 si
1067 1305 1136 1347 non
1156 1304 1250 1348 moe·

124 1376 261 1450 ebatur,
275 1387 312 1441 ut
328 1377 374 1440 sit
393 1378 448 1442 vel
467 1375 528 1441 fiat
543 1398 604 1441 sua
620 1399 716 1443 uxor.
764 1377 837 1460 (iii.)
862 1376 964 1458 Quod
984 1378 1165 1460 pellicatus
1182 1397 1249 1441 non

126 1472 332 1551 pangendus
346 1472 389 1535 sit
403 1491 478 1535 cum
490 1472 663 1546 maritata,
674 1472 752 1555 quia
763 1471 829 1536 hoc
843 1483 896 1536 est
910 1473 1126 1549 adulterium,
1140 1483 1248 1556 patet.

127 1563 204 1647 (iv.)
228 1563 331 1646 Quod
344 1584 440 1630 amor
452 1567 633 1648 pellicatus
645 1567 815 1630 tenendus
827 1568 872 1630 sit
888 1578 1066 1651 separatus
1079 1568 1123 1631 ab
1135 1586 1249 1631 amore

126 1658 323 1740 conjugia1i‚
353 1680 456 1723 causa
485 1668 547 1735 est,
575 1661 654 1744 quia
680 1681 815 1725 amores
833 1662 883 1724 illi
913 1661 1065 1725 distincti
1091 1672 1181 1733 sunt,
1210 1672 1248 1726 et

126 1753 207 1817 ideo
238 1774 306 1818 non
331 1755 596 1834 commiscendi;
631 1775 727 1820 amor
749 1759 840 1820 enim
864 1757 1047 1839 pellicatus
1070 1768 1124 1821 est
1151 1777 1248 1821 amor

126 1847 292 1923 incastus,
313 1850 490 1925 naturalis,
511 1861 545 1914 et
569 1861 744 1926 externus,
762 1861 798 1915 at
817 1871 914 1915 amor
932 1850 1080 1933 conjugii
1098 1861 1151 1916 est
1171 1872 1246 1915 cas·

125 1951 194 2016 tus,
221 1945 417 2025 spiritualia,
448 1954 484 2008 et
514 1946 688 2008 internus:
723 1965 819 2009 amor
849 1946 1033 2028 pellicatus
1063 1947 1247 2028 distinguit

126 2039 261 2101 animas
290 2039 444 2115 duorum,
469 2059 510 2102 ac
543 2039 722 2121 conjungit
753 2041 857 2103 modo
880 2041 1051 2104 sensualia
1073 2043 1246 2123 corporis;

126 2143 162 2197 at
198 2153 296 2197 amor
324 2134 473 2217 conjugii
503 2135 577 2198 unit
602 2135 745 2210 animas,
766 2144 802 2198 et
832 2156 877 2197 ex
906 2137 1030 2199 unione
1054 2138 1246 2200 animarum

126 2231 232 2293 etiam
249 2230 422 2294 sensualia
437 2231 600 2312 corporis,
617 2251 725 2314 usque
741 2230 820 2293 dum
838 2251 883 2293 ex
907 2230 1039 2294 duobus
1055 2230 1138 2295 liunt
1158 2231 1245 2295 sicut

126 2344 242 2398 unum,
273 2325 364 2406 quod
394 2334 447 2388 est
474 2345 541 2388 una
570 2345 661 2388 caro.
708 2320 770 2407 (v.)
795 2323 907 2389 Amor
936 2325 1118 2406 pellicatus
1141 2326 1246 2389 modo

126 2418 234 2482 intrat
252 2419 285 2481 in
303 2416 528 2493 intellectum,
540 2428 576 2482 et
593 2421 627 2481 in
643 2419 703 2482 illa
717 2440 805 2502 quae
821 2419 866 2482 ab
881 2417 1059 2483 intellectu
1073 2420 1244 2501 pendent;

127 2524 163 2575 at
195 2533 291 2576 amor
314 2513 462 2595 conjugii
487 2515 594 2578 intrat
618 2515 723 2577 etiam
747 2515 782 2577 in
805 2514 1033 2588 voluntatem,
1057 2524 1093 2577 et
1122 2515 1155 2576 in
1185 2514 1245 2579 illa

126 2628 213 2690 quae
237 2629 257 2671 a
279 2608 461 2672 voluntate
484 2608 649 2691 pendent,
674 2610 816 2691 proinde
843 2610 876 2672 in
906 2611 1020 2673 omnia
1044 2619 1079 2672 et
1109 2609 1245 2691 singula

128 2703 296 2780 hominis;
324 2724 427 2787 quare
450 2703 478 2766 si
500 2723 597 2767 amor
615 2703 798 2786 pellicatus
820 2702 858 2768 fir
882 2723 978 2767 amor
996 2702 1154 2785 conjugii,
1176 2722 1244 2766 non

127 2809 245 2881 potest
264 2798 314 2861 vir
332 2820 377 2861 ex
396 2797 511 2882 aliquo
526 2798 610 2880 jure,
623 2799 752 2881 absque
768 2798 956 2862 uiolatione
975 2798 1108 2861 unionis
1127 2796 1243 2878 conju·

126 2891 239 2974 gialis‚
259 2893 442 2970 recedere;
470 2903 506 2956 et
529 2894 557 2956 si
575 2894 716 2968 recedit,
736 2903 772 2957 et
795 2893 896 2957 aliam
916 2893 1022 2967 ducit,
1042 2912 1138 2956 amor
1159 2912 1243 2956 con·

124 2986 260 3069 jugialis
282 2989 315 3050 in
339 2984 485 3051 fractura
507 2986 577 3068 ejus
601 2989 699 3069 perit.
745 2987 928 3051 Sciendum
951 2997 1017 3061 est,
1037 2987 1128 3069 quod
1147 3006 1245 3050 amor

127 3082 310 3162 pellicatus
331 3082 528 3145 detineatur
550 3093 728 3164 separatus
755 3082 799 3145 ab
825 3102 941 3145 amore
964 3080 1159 3163 conjugiali,
1184 3101 1244 3163 per

127 3177 217 3260 quod
234 3176 348 3259 pellici
365 3197 433 3239 non
450 3177 619 3258 spondeat
636 3174 841 3258 conjugium,
857 3196 919 3239 nec
935 3175 1029 3238 illam
1046 3176 1079 3238 in
1096 3175 1243 3257 aliquam

127 3292 223 3354 spem
243 3270 392 3353 conjugii
410 3272 560 3335 inducat.
607 3270 766 3335 Praestat
783 3282 911 3346 tamen,
932 3280 970 3334 ut
993 3271 1098 3335 taeda
1116 3270 1242 3334 amoris

127 3388 230 3430 sexus
249 3374 326 3430 curn
346 3387 454 3430 uxore
473 3367 618 3449 primum
636 3368 856 3431 accendatur.

621 3504 748 3518 κ

126 3576 223 3655 461.
248 3574 312 3639 His
331 3575 509 3657 adjicietur
526 3574 592 3640 hoc
613 3574 836 3640 Memorabile
848 3594 901 3638 :-

179 3702 340 3775 Quondam
348 3705 467 3759 locutus
476 3720 541 3758 sum
549 3703 733 3774 cumspiritu
742 3702 866 3763 novitio,
875 3702 926 3773 qui
936 3702 1073 3757 dumiuit
1083 3702 1114 3757 in
1123 3703 1240 3758 mundo

126 3782 293 3837 decaeloet
303 3782 420 3838 inferno
429 3783 555 3837 multum
565 3783 788 3838 meditatuseet.
821 3781 1244 3853 Perspicitusnovitiosintel·

127 3860 259 3933 liguntur
265 3862 403 3918 homines
416 3860 683 3924 noviterdefuntti,
693 3861 744 3932 qui
757 3861 827 3932 quia
839 3872 911 3915 tunc
924 3871 994 3915 sunt
1005 3861 1142 3915 homines
1154 3860 1242 3930 spiri·

126 3940 228 4001 tuales,
237 3951 384 3995 vocantur
396 3940 526 4010 spiritus.
564 3938 617 3993 Ille
630 3949 664 3992 ut
678 3939 806 4009 primum
815 3938 937 3992 intravit
951 3938 980 3991 in
993 3939 1140 3991 mundum
1154 3937 1243 4007 spiri·

125 4019 243 4080 rualem,
254 4018 355 4088 coepit
365 4020 402 4074 de
414 4020 498 4074 caelo
510 4029 541 4073 et
555 4018 672 4073 inferno
680 4018 818 4073 similiter
828 4017 973 4078 meditari,
983 4026 1015 4071 et
1028 4017 1083 4072 sibi
1093 4015 1175 4072 visus
1185 4026 1241 4079 est.

123 4109 190 4153 cum
205 4099 244 4154 de
258 4100 351 4160 caelo,
365 4099 395 4153 in
412 4098 531 4170 gaudio,
547 4108 578 4152 et
596 4114 664 4153 cum
683 4099 723 4152 de
741 4096 866 4159 inferno,
882 4097 911 4150 in
930 4096 1060 4150 tristitia.
1099 4096 1153 4150 Ille
1171 4111 1240 4152 curn

126 4177 336 4233 animadvertit
350 4193 383 4232 se
402 4177 431 4231 in
448 4178 561 4232 mundo
576 4176 722 4247 spirituali
737 4191 811 4238 esse,
827 4175 929 4231 statim
944 4175 1093 4245 quaesivit
1107 4174 1158 4228 ubi
1173 4191 1242 4232 cae-

127 4256 185 4311 lum
198 4268 230 4312 et
242 4256 293 4311 ubi
307 4255 464 4317 infernum,
477 4264 541 4309 tum
555 4256 626 4325 quid
640 4265 671 4310 et
683 4255 771 4325 quale
784 4270 876 4307 unum
890 4264 921 4309 et
934 4255 1071 4309 alterum.

177 4336 215 4392 Et
239 4336 466 4406 responderunt,
486 4333 632 4389 “Caelum
651 4344 698 4389 est
715 4349 805 4403 supra
822 4343 913 4403 caput
930 4343 1025 4394 tuum,
1040 4343 1072 4388 et
1090 4329 1239 4388 infernum

126 4425 169 4471 est
184 4414 259 4470 inira
271 4415 363 4485 pedes
378 4424 456 4477 tuos,
470 4428 548 4467 nunc
560 4413 640 4468 enim
652 4427 686 4467 es
701 4411 731 4466 in
745 4411 858 4466 mundo
870 4410 1037 4481 spirituum,
1049 4411 1100 4482 qui
1115 4419 1163 4466 est
1178 4427 1240 4468 me·
