2782 5026
357 429 407 480 us
429 429 565 482 suone
587 430 948 490 sconrar0n1o.-u.
966 438 1041 504 440.
1158 501 1161 508 ,
1191 431 1251 510 '335

133 597 171 663 lis
191 617 286 682 quae
305 599 484 666 descendit
508 622 528 667 e
550 601 660 681 caelo,
679 603 808 670 afficiat
831 604 1006 671 hominem
1029 608 1251 692 recipientem

130 694 421 777 jucunditatibus;
444 717 549 762 causa
571 709 638 774 est,
657 701 736 783 quia
757 699 913 766 ultimum
933 702 1083 785 planum,
1103 704 1137 767 in
1160 706 1251 788 quod

130 789 365 871 jucunditates
384 792 559 875 utriusque
576 795 702 857 amoris
721 795 893 871 desinunt,
913 806 949 861 et
968 797 1024 861 ubi
1046 817 1085 862 se
1105 797 1251 881 implent

135 893 168 951 et
184 885 378 967 complent,
398 897 434 951 et
455 885 576 970 [quod]
597 888 673 953 illas
696 889 729 953 in
749 910 811 953 suo
829 910 930 955 sensu
949 892 1050 969 sistit,
1070 903 1124 957 est
1140 894 1250 957 idem:

133 981 208 1046 iude
220 991 289 1057 est,
301 982 393 1064 quod
404 985 574 1046 amatoria
586 985 804 1061 scortatoria,
817 995 853 1049 et
866 987 1034 1051 amatoria
1046 987 1252 1071 conjugialia

133 1077 165 1141 in
183 1077 352 1141 extremis
368 1078 597 1160 percipiantur
613 1079 747 1155 similia,
763 1082 903 1145 tametsi
922 1101 1059 1164 prorsus
1074 1081 1252 1167 dissimilia

134 1178 210 1234 sunt
221 1171 256 1233 in
265 1171 428 1234 internis:
448 1172 540 1254 quod
551 1172 632 1236 inde
642 1173 748 1237 etiam
758 1174 935 1238 dissimilia
944 1175 1014 1238 sint
1027 1175 1061 1238 in
1071 1177 1249 1250 extremis,

134 1285 176 1329 ex
189 1285 259 1329 non
271 1285 375 1328 sensu
386 1265 589 1329 discriminis
598 1266 787 1349 judicatur;
808 1288 887 1332 narn
897 1268 1192 1334 dissimilitudines
1204 1291 1250 1334 ex

133 1358 382 1422 discriminibus
411 1360 445 1422 in
468 1362 635 1424 extremis
657 1380 728 1425 non
751 1363 904 1426 sentiunt
927 1362 984 1426 alii
1007 1381 1108 1446 quarn
1131 1364 1187 1446 qui
1215 1364 1250 1428 in

134 1471 247 1517 amore
270 1474 351 1517 vere
369 1453 553 1535 conjugiali
571 1464 675 1533 sunt;
703 1455 830 1519 malum
849 1456 941 1520 enim
959 1457 1181 1539 cognoscitur
1202 1477 1249 1522 ex

134 1546 234 1622 bono,
255 1567 324 1610 non
344 1559 459 1612 autem
479 1549 607 1612 bonum
623 1570 668 1613 ex
688 1549 791 1626 malo,
808 1551 897 1614 sicut
916 1570 979 1615 nec
998 1552 1085 1616 odor
1102 1551 1212 1615 dulcis
1229 1571 1251 1616 a

134 1661 213 1706 nare
225 1661 302 1706 cum
319 1644 350 1706 ei
369 1641 525 1707 inhaeret
544 1644 629 1707 odor
645 1653 746 1708 teter.
791 1643 920 1709 Audivi
938 1646 983 1709 ab
999 1645 1144 1728 angelis,
1158 1645 1250 1729 quod

134 1735 180 1800 illi
202 1736 400 1801 discernant
423 1737 457 1800 in
480 1739 648 1802 extremis
671 1738 836 1802 lascivum
860 1759 881 1803 a
903 1759 971 1803 non
995 1739 1136 1815 lascivo,
1160 1741 1248 1804 sicut

134 1831 205 1913 quis
222 1832 384 1895 discernit
402 1834 517 1913 ignem
536 1833 698 1897 stercoris
716 1842 776 1897 aut
795 1830 945 1901 ¹¹¹cornus
963 1836 1032 1898 usti
1054 1856 1099 1899 ex
1119 1834 1249 1899 maleo·
1350 1904 1363 1928 .

134 1922 239 1989 lentia
254 1924 335 2005 ejus,
352 1925 397 1989 ab
411 1926 491 2006 igne
507 1926 671 1989 aromatis
687 1935 747 1990 aut
763 1925 847 2008 ligni
863 1928 1069 1990 cinnamomi
1088 1928 1155 1991 usti
1170 1947 1249 1992 sua·

133 2017 305 2083 ueolentia
317 2018 407 2100 ejus;
432 2029 468 2083 et
484 2020 575 2102 quod
594 2019 659 2085 hoc
672 2021 717 2084 sit
732 2041 777 2085 ex
790 2021 983 2084 discrimine
992 2020 1248 2102 jucunditatum

133 2112 353 2188 internarum,
373 2134 459 2196 quae
478 2114 714 2195 ingrediuntur
733 2124 898 2178 externas
916 2124 953 2178 et
973 2114 1125 2178 conflant
1144 2113 1230 2178 illas.

191 2221 297 2291 44⁰0
321 2207 411 2291 (xv.)
438 2207 535 2286 Quod
542 2208 770 2293 jucunditates
785 2208 912 2272 amoris
927 2209 1122 2273 scortatorii
1135 2208 1247 2272 incho-

132 2313 185 2367 ent
200 2325 223 2366 a
238 2323 348 2379 carne,
364 2313 396 2366 et
413 2303 504 2385 quod
517 2304 588 2366 sint
604 2304 719 2366 carnis
737 2303 839 2366 etiam
857 2303 892 2367 in
910 2304 1037 2387 spiritu
1046 2325 1062 2378 ,·
1084 2302 1148 2368 sed
1160 2304 1252 2386 quod

130 2399 356 2482 Jicmnditates
373 2398 500 2462 amoris
519 2397 715 2481 conjugialis
733 2396 882 2461 inchoent
899 2398 934 2461 in
952 2398 1089 2480 spiritu,
1108 2408 1140 2461 et
1160 2398 1251 2481 quod

132 2495 199 2559 sint
219 2493 366 2578 spiritus
387 2493 488 2556 ett'am
521 2493 556 2556 in
588 2490 844 2573 carna-Quod
863 2491 1098 2575 jucunditates
1120 2493 1247 2557 amoris

132 2589 326 2654 scortatorii
348 2587 514 2652 inchoent
536 2608 557 2650 a
579 2606 693 2662 carne,
713 2596 768 2650 est
790 2587 869 2669 quia
891 2597 1008 2650 oestra
1031 2588 1142 2651 carnis
1166 2596 1248 2652 sunt

131 2683 223 2748 initia
243 2683 396 2747 illarum:
420 2682 512 2766 quod
531 2680 683 2745 inficiant
698 2681 864 2764 spiritum,
882 2700 921 2745 ac
941 2682 1032 2764 quod
1051 2682 1120 2745 sint
1137 2682 1247 2746 carnis

131 2779 232 2842 etiam
252 2778 285 2840 in
305 2778 436 2860 spiritu,
457 2787 512 2841 est
531 2777 609 2858 quia
628 2795 708 2840 caro
726 2795 795 2838 non
814 2777 932 2851 sentit,
952 2776 1012 2839 sed
1032 2777 1170 2859 spiritus
1188 2775 1247 2841 illa

131 2891 214 2954 quae
231 2874 438 2954 contingunt
456 2872 489 2935 in
508 2890 631 2947 carne;
659 2889 736 2934 cum
754 2869 819 2933 hoc
837 2890 939 2934 sensu
954 2870 1065 2935 simile
1084 2879 1138 2935 est
1157 2871 1245 2937 sicut

130 2984 203 3031 cum
220 2966 369 3050 reliquis,
387 2977 424 3030 ut
445 2957 537 3049 quod
553 2964 672 3029 oculus
688 2984 758 3028 non
774 2965 892 3028 videat
908 2974 944 3029 et
960 2965 1135 3029 discernat
1151 2967 1246 3031 varia

130 3060 162 3125 in
174 3059 328 3143 objectis,
343 3061 404 3125 sed
417 3061 556 3142 spiritus
570 3085 578 3140 ς
599 3069 636 3124 et
652 3059 744 3143 quod
757 3078 819 3122 nec
833 3059 923 3124 auris
935 3060 1051 3124 audiat
1068 3070 1104 3124 et
1117 3060 1245 3125 discer-

129 3165 186 3222 nat
209 3156 405 3220 harmonias
428 3155 697 3219 modulaminum
720 3154 754 3218 in
777 3163 890 3229 cantu,
914 3162 950 3218 et
976 3155 1245 3220 concordantias

128 3250 377 3316 articulationis
394 3269 557 3313 sonorum
579 3249 612 3313 in
637 3247 793 3331 loquelis,
813 3249 875 3315 sed
894 3250 1055 3331 spiritus;
1083 3269 1122 3315 ac
1146 3250 1245 3333 spiri·

128 3353 181 3410 tus
203 3365 307 3410 omne
330 3345 437 3409 sentit
461 3344 647 3408 secundum
671 3343 902 3408 elevationem
925 3364 1022 3409 suam
1048 3345 1083 3408 in
1106 3346 1245 3426 sapien·

128 3441 234 3519 tiam;
264 3440 411 3522 spiritus,
430 3440 487 3521 qui
510 3459 579 3503 non
602 3437 757 3502 elevatus
780 3446 834 3502 est
857 3458 959 3520 supra
977 3438 1150 3503 sensualia
1167 3458 1245 3503 cor·

128 3534 226 3616 poris,
251 3545 288 3599 et
311 3535 359 3597 sic
382 3534 549 3598 adhaeret
571 3533 649 3607 illis,
670 3552 738 3596 non
762 3533 870 3597 sentit
894 3532 979 3597 alias
998 3533 1243 3614 jucunditates,

128 3648 227 3712 quam
246 3649 333 3713 quae
355 3649 375 3693 e
397 3648 499 3693 carne
519 3637 554 3692 et
575 3648 662 3710 quae
686 3648 704 3691 e
728 3627 856 3691 mundo
875 3648 935 3710 per
953 3648 1073 3692 sensus
1091 3629 1244 3710 corporis

127 3723 288 3801 influunt;
315 3723 378 3787 has
400 3723 529 3804 arripit,
550 3723 602 3785 his
625 3719 827 3796 delectatur,
847 3732 883 3786 et
906 3722 987 3786 iacit
1010 3743 1097 3786 suas.
1142 3722 1241 3788 Nunc

127 3819 201 3901 quia
224 3819 322 3904 initia
344 3819 469 3881 amoris
488 3817 685 3881 scortatorii
708 3825 787 3880 sunt
811 3817 914 3880 modo
933 3817 1044 3880 carnis
1067 3826 1183 3880 oestra
1205 3826 1242 3882 et

127 3913 325 3995 prurigines,
342 3922 451 3995 patet,
468 3913 559 3995 quod
579 3912 663 3975 haec
683 3911 717 3974 in
736 3910 856 3993 spiritu
875 3911 944 3974 sint
962 3930 1104 3993 spurcae
1123 3910 1242 3976 illece-

126 4006 215 4083 brae,
240 4028 327 4091 quae
346 4009 433 4071 sicut
452 4006 643 4070 ascendunt
666 4015 702 4069 et
725 4005 952 4080 descendunt,
972 4014 1008 4069 et
1030 4025 1068 4069 se
1091 4006 1242 4088 recipro-

126 4112 216 4178 cant,
240 4103 291 4166 ita
317 4103 475 4166 excitent
498 4111 535 4166 et
564 4100 763 4165 incendant.
808 4099 848 4163 In
871 4118 1008 4181 genere,
1032 4099 1242 4182 cupiditates

126 4197 235 4262 carnis
252 4197 288 4261 in
306 4217 344 4260 se
360 4194 534 4278 spettatae
551 4214 620 4259 non
636 4194 728 4259 aliud
745 4203 825 4258 sunt
841 4213 943 4277 quam
959 4193 1242 4276 conglomeratae

126 4291 424 4375 concupiscentiae
437 4289 518 4353 mali
533 4299 569 4353 et
586 4288 682 4367 salsi;
705 4288 784 4352 inde
797 4296 851 4353 est
867 4287 932 4353 hoc
946 4308 1062 4353 verum
1079 4288 1113 4353 in
1129 4286 1242 4353 eccle·

126 4387 183 4465 sia,
200 4386 297 4472 quod
309 4406 389 4451 earo
404 4384 625 4467 concupiscat
641 4392 761 4449 contra
772 4383 940 4467 spiritum,
953 4378 1018 4449 hoc
1036 4393 1102 4463 est,
1118 4395 1243 4452 contra
