2850 5026
387 349 439 401 oa
461 346 596 400 attona
618 341 937 412 comumnes-u.
959 342 1032 409 ²07·
1207 322 1267 404 ¹⁶7

148 518 267 611 potest
288 520 414 588 obduci
442 543 464 586 a
492 521 651 604 proxima
673 517 779 601 prole,
803 517 864 580 sed
895 534 1000 598 usque
1023 513 1137 596 prodit
1166 521 1202 577 et
1231 533 1269 576 se

148 619 281 686 revelat
300 620 334 682 in
354 617 517 700 progenie
536 625 669 697 postea.
713 611 817 694 Quod
836 613 950 675 anima
968 610 1013 673 sit
1032 628 1077 672 ex
1098 617 1207 690 patre,
1226 624 1267 670 ac

149 715 294 781 induitio
317 734 362 776 ex
385 721 506 786 matre,
527 709 688 773 illustrari
708 717 826 789 potest
850 727 910 790 per
932 704 1082 786 analoga
1104 704 1137 766 in
1161 721 1269 784 regno

148 809 359 892 vegetabili:
384 808 416 869 in
437 806 513 880 hoc,
530 816 622 868 terra
641 825 701 867 seu
719 803 842 866 humus
857 810 912 864 est
931 799 1121 864 communis
1137 808 1268 875 mater;

148 906 233 970 haec
258 905 292 967 in
315 903 459 965 sesicut
481 901 513 962 in
539 908 637 962 utero
659 899 790 979 recipit,
810 906 846 959 et
870 896 980 958 induit
1000 895 1143 969 semina,
1163 894 1269 956 immo

149 999 243 1082 quasi
266 997 326 1059 illa
350 996 514 1076 concipit,
534 1002 662 1074 gestat,
683 992 808 1073 gignit,
832 1000 868 1054 et
891 990 1028 1064 educat,
1048 989 1137 1052 sicut
1159 996 1268 1051 mater

149 1112 227 1157 suas
246 1091 427 1175 progenies
445 1110 491 1153 ex
509 1100 617 1172 patre.

644 1215 771 1229 —

149 1295 246 1365 m.
274 1279 340 1344 His
355 1277 511 1360 adjiciam
527 1277 595 1341 duo
614 1274 861 1341 Memorabilia.
907 1272 1054 1337 Primum
1073 1271 1205 1337 hocz-

201 1407 277 1463 Post
294 1407 416 1477 aliquod
429 1417 549 1477 tempus
568 1404 697 1476 spetlavi
717 1405 754 1459 ad
773 1404 877 1458 urbem
892 1403 1090 1463 Athenaeum,
1104 1402 1142 1457 de
1161 1418 1220 1473 qua
1238 1401 1269 1456 ln'

149 1487 239 1559 priori
255 1485 439 1541 Memorabili
449 1485 561 1556 aliquid
573 1484 684 1538 ditium
699 1494 758 1545 est:
777 1495 808 1538 et
820 1482 920 1537 audivi
935 1482 1004 1536 inde
1018 1482 1177 1536 clamorem
1192 1481 1270 1536 inso-

149 1567 252 1628 litum;
277 1576 341 1620 erat
360 1566 390 1619 in
411 1565 461 1619 illo
476 1564 588 1635 aliquid
605 1563 687 1624 risus.
704 1563 734 1616 in
750 1562 808 1616 hoc
822 1561 933 1632 aliquid
950 1561 1173 1632 indignationis,
1189 1571 1220 1615 et
1239 1561 1270 1614 iri

149 1645 205 1700 hac
216 1644 330 1715 aliquid
344 1643 526 1704 maestitiae:
545 1653 576 1697 at
591 1657 684 1712 usque
697 1641 811 1695 clamor
826 1640 874 1694 ille
890 1657 950 1695 non
964 1640 1033 1694 inde
1046 1650 1110 1694 erat
1123 1640 1268 1700 dissonus,

148 1724 200 1781 sed
212 1739 372 1783 consonus,
386 1722 457 1793 quia
468 1738 560 1775 unum
574 1736 636 1774 non
649 1731 713 1774 erat
726 1720 813 1774 simul
826 1736 894 1773 cum
908 1719 1010 1779 altero,
1022 1720 1073 1773 sed
1086 1734 1179 1772 unum
1194 1719 1271 1773 intra

149 1802 293 1864 tlterumt
312 1802 341 1855 in
358 1802 471 1855 mundo
485 1798 629 1870 spirituali
643 1799 804 1870 percipitur
818 1798 847 1852 in
862 1813 937 1852 sono
950 1795 1089 1852 distintis
1100 1797 1228 1852 varietas
1240 1808 1271 1853 et

151 1881 350 1936 commixtura
361 1879 565 1934 alietlionum.
1266 1883 1270 1897 '

200 1958 342 2033 Quaesivi
353 1975 369 2013 e
379 1959 554 2029 longinquo,
565 1955 670 2029 “Quid
682 1957 723 2012 rei
731 1952 762 2011 i”
791 1955 829 2010 Et
839 1956 987 2017 dixemnt,
996 1954 1112 2010 “Venit
1124 1955 1270 2010 nuntiuse

150 2038 224 2100 loco,
234 2039 286 2093 ubl
298 2039 431 2093 advenae
443 2054 460 2092 e
473 2036 644 2092 Christiano
656 2038 728 2091 orbe
739 2035 866 2106 primum
876 2045 1028 2105 apparent,
1039 2035 1149 2097 dicens,
1159 2035 1240 2105 quod
1253 2051 1272 2089 a

150 2117 244 2173 tribus
256 2117 297 2171 ibi
310 2115 464 2173 audiverit,
477 2117 557 2187 quod
573 2115 602 2169 in
616 2115 738 2174 mundo.
750 2116 830 2169 unde
843 2123 998 2175 venerunt,
1011 2130 1078 2167 cum
1093 2113 1214 2184 reliquis
1230 2114 1270 2168 ibi

149 2195 340 2257 crediderint,
348 2195 429 2266 quod
439 2195 534 2249 beatis
543 2205 573 2249 et
584 2192 719 2249 felicibus
727 2204 795 2264 post
806 2203 931 2247 mortem
940 2192 1041 2247 futura
1050 2193 1088 2246 sit
1098 2192 1272 2248 omnimoda

151 2275 267 2346 requies
281 2290 300 2329 a
314 2273 478 2334 laboribus:
498 2285 529 2328 et
544 2274 615 2344 quia
628 2272 908 2333 administrationes,
924 2270 1021 2326 officia
1036 2282 1067 2326 et
1081 2286 1188 2342 operae
1201 2283 1271 2326 sunt

151 2354 275 2415 labores,
284 2353 366 2423 quod
380 2352 498 2423 requies
509 2354 547 2406 ab
561 2352 618 2407 iliis
633 2351 732 2406 lutura
744 2351 799 2406 sit:
817 2361 848 2406 et
860 2350 931 2421 quia
942 2361 1004 2405 tres
1017 2349 1056 2403 iili
1069 2352 1107 2404 ab
1119 2348 1272 2404 emissario

151 2442 253 2488 nostro
268 2448 349 2486 nunc
362 2429 484 2486 addutli
499 2440 576 2492 sunt.
590 2440 621 2485 et
634 2441 714 2485 stant
727 2440 796 2484 ante
809 2440 924 2500 portam
938 2439 969 2484 et
981 2428 1162 2500 exspectant.
1177 2426 1271 2483 latius

151 2522 195 2566 est
203 2511 324 2570 clamor.
335 2521 366 2565 et
379 2526 416 2565 ex
428 2511 567 2564 consulto
578 2519 754 2570 statuerunt,
765 2509 847 2579 quod
863 2524 923 2562 non
938 2508 968 2562 in
981 2508 1141 2578 palladium
1156 2507 1185 2561 in
1201 2506 1272 2562 Par·

152 2589 257 2651 nassio.
272 2600 306 2644 ut
320 2589 439 2660 priores,
451 2589 502 2643 sed
518 2588 547 2641 in
558 2605 700 2659 magnum
709 2588 891 2642 auditorium
906 2587 945 2641 ibi
959 2588 1226 2647 introducerentur.
1237 2596 1272 2641 ut

150 2669 285 2738 aperiant
293 2685 370 2723 nova
379 2684 433 2722 sua
443 2685 459 2722 e
471 2667 640 2722 Christiano
648 2669 736 2730 orbe;
751 2677 782 2721 et
789 2666 918 2738 ablegati
927 2677 997 2721 sunt
1006 2666 1106 2737 aliqui,
1115 2666 1166 2737 qui
1174 2666 1272 2721 solen·

151 2746 229 2802 niter
240 2746 307 2802 illos
321 2746 569 2802 introducerent.”

202 2824 284 2898 Quia
292 2842 371 2880 eram
384 2826 412 2878 in
424 2825 537 2895 spiritu.
550 2835 581 2879 et
591 2824 743 2895 spiritibus
753 2824 911 2879 distantiae
922 2835 992 2879 sunt
1002 2824 1165 2879 secundum
1176 2834 1273 2879 status

152 2903 344 2959 siletlionum
364 2903 492 2964 illorum,
505 2914 536 2959 et
550 2905 622 2975 quia
637 2915 709 2958 tunc
725 2903 798 2957 mihi
817 2902 937 2958 aliet'iio
949 2903 1071 2958 videndi
1086 2913 1117 2958 et
1131 2902 1273 2958 audiendi

152 2983 302 3046 illuserat,
315 2983 396 3038 visus
408 2983 481 3037 mihi
495 3000 560 3038 sum
576 2999 714 3053 praesens
726 2983 766 3037 ibi
777 3000 783 3044 ;
801 2993 833 3037 et
844 2982 906 3036 vidi
920 2982 1114 3044 introdutlos,
1128 2993 1159 3037 et
1171 2981 1274 3037 audivi

152 3062 317 3133 loquentes.
355 3062 503 3118 Sederunt
516 3062 545 3115 in
556 3063 706 3117 auditorio
714 3061 847 3116 seniores
857 3077 908 3115 seu
919 3061 1113 3132 sapientiores
1123 3061 1160 3116 ad
1172 3059 1273 3123 laterai

151 3156 185 3196 se
197 3141 303 3213 reliqui
317 3141 347 3195 in
358 3142 473 3202 medio:
492 3153 523 3196 et
536 3152 606 3196 ante
616 3141 672 3196 hos
682 3151 746 3195 erat
754 3141 905 3195 elevatum
916 3141 1029 3201 solum:
1044 3140 1103 3194 huc
1113 3151 1174 3195 tres
1183 3141 1274 3195 adve-

152 3236 206 3276 nae
224 3236 293 3275 cum
315 3220 421 3275 nuntio
440 3221 469 3274 in
489 3220 605 3275 solenni
624 3221 769 3274 comitatu
788 3235 807 3274 a
827 3219 1052 3274 minorennibus
1070 3235 1123 3290 per
1140 3218 1273 3273 medium

152 3299 290 3354 auditorii
302 3298 429 3354 tradutli
441 3310 524 3361 sunt:
543 3310 574 3354 et
587 3310 655 3369 post
665 3298 816 3353 silentium
828 3297 947 3358 latium,
956 3298 1076 3353 salutati
1086 3309 1157 3353 sunt
1168 3314 1187 3353 a
1199 3312 1274 3370 quo·

153 3377 220 3433 dam
232 3378 397 3448 majorenni
408 3378 457 3440 ibi,
468 3389 498 3433 et
510 3378 646 3449 quaesiti,
654 3386 670 3407 ⁴⁴
680 3376 760 3450 Quid
771 3377 842 3431 novi
855 3392 872 3432 e
885 3388 963 3431 terra
971 3375 1002 3432 l’·

207 3456 246 3512 Et
258 3457 408 3520 dixerunt,
422 3464 438 3486 ⁴·
448 3456 525 3512 Sunt
535 3457 629 3511 multa
640 3472 726 3518 nova,
740 3458 791 3511 sed
805 3455 854 3510 dic
867 3472 980 3527 quaeso
993 3456 1030 3510 de
1043 3472 1101 3526 qua
1114 3454 1173 3511 re.”

207 3535 246 3590 Et
264 3536 418 3606 respondit
438 3536 625 3606 majorennis,
640 3534 745 3608 “Quid
761 3536 832 3590 novi
851 3545 963 3590 eterra
978 3535 1016 3590 de
1036 3544 1140 3590 nostro
1159 3534 1274 3590 mundo

153 3624 184 3670 et
195 3615 235 3670 de
247 3615 331 3670 caelo
340 3614 371 3670 l'·

207 3693 245 3749 Et
257 3694 483 3764 responderunt,
497 3694 581 3765 quod
595 3710 661 3748 cum
676 3703 811 3749 recentes
827 3693 856 3747 in
872 3693 953 3747 hunc
967 3692 1112 3746 mundum
1125 3693 1273 3755 venimus,

154 3773 361 3834 audiverimus.
378 3773 458 3844 quod
475 3773 514 3827 ibi
534 3784 565 3828 et
583 3773 614 3828 in
633 3773 716 3828 caelo
732 3773 793 3827 sint
807 3772 1088 3833 administrationes,
1102 3770 1273 3833 ministeria,

155 3850 330 3914 luntliones,
345 3852 572 3922 negotiationes,
583 3853 682 3907 studia
695 3853 828 3906 omnium
843 3850 1073 3921 disciplinarum,
1084 3861 1115 3905 et
1126 3850 1275 3905 mirabiles

155 3942 276 4002 operae3
288 3938 343 3986 “et
353 3942 453 3986 tamen
464 3931 644 3985 credidimus
655 3931 736 4002 quod
750 3943 818 4001 post
826 3930 1033 4001 migrationem
1044 3946 1095 3984 seu
1106 3928 1275 3983 translatio-

156 4024 221 4063 nem
241 4024 258 4064 e
277 4010 392 4064 mundo
404 4010 531 4064 naturali
551 4009 581 4064 in
596 4010 676 4063 hunc
689 4009 882 4080 spiritualem,
897 4009 926 4063 in
941 4020 1091 4064 aeternam
1106 4007 1237 4079 requiem
1256 4021 1275 4061 a

156 4085 305 4143 laboribus
316 4089 433 4143 venturi
446 4089 554 4145 simus:
573 4088 688 4160 etquid
702 4085 871 4143 funiliones
884 4088 939 4141 nisi
953 4088 1068 4142 labores
1076 4085 1106 4143 ?''

208 4167 257 4222 Ad
271 4166 345 4222 haec
358 4167 539 4237 majorennis
552 4167 636 4228 dixit.
646 4175 662 4196 ‘⁴
672 4166 751 4221 Num
766 4183 818 4238 per
830 4176 981 4221 aeternam
992 4165 1123 4236 requiem
1136 4181 1154 4220 a
1167 4161 1273 4219 labori-

156 4245 210 4301 bus
223 4246 411 4302 intellexistis
422 4257 575 4301 aetemum
589 4247 693 4308 otium,
707 4246 736 4300 in
752 4261 813 4316 quo
825 4245 967 4300 continue
981 4244 1124 4299 sederetis
1139 4254 1170 4299 et
1184 4242 1274 4298 cuba·

157 4325 234 4391 retis,
247 4327 432 4382 attrahentes
445 4324 566 4381 delicias
579 4323 708 4397 petlore,
721 4335 753 4381 et
765 4324 922 4380 sorbentes
935 4323 1046 4396 gaudia
1058 4338 1110 4379 ore
1118 4322 1150 4380 i''
