2782 5026
175 460 218 543 3⁶
522 473 709 525 ureteras
731 473 961 525 sensurus

176 646 277 712 Haec
296 646 374 729 quia
393 664 481 711 nunc
505 667 565 730 per
583 646 765 722 rationem,
785 655 821 710 et
839 645 939 710 simul
957 667 1019 730 per
1035 646 1293 730 experientiam,

175 740 380 806 confirmata
395 751 487 816 sunt,
507 741 670 806 ulteriore
688 742 988 806 demonstratione
1007 762 1076 806 non
1095 752 1213 824 egent.

239 852 308 922 41.
339 836 426 920 (vii.)
453 838 552 916 Quod
576 837 773 918 spirituales
800 837 953 917 Nuptiae
976 836 1212 919 intelligantur
1234 847 1298 920 per

173 931 314 995 Domini
332 932 444 1007 verba,
471 927 564 1015 'quod
582 941 662 1013 post
683 933 956 995 resurrediionem
982 952 1046 995 non
1071 932 1194 995 dentur
1215 943 1298 1014 nup·

174 1027 385 1109 tui-Apud
400 1026 646 1110 Euangelrstas
666 1027 828 1110 leguntur
845 1027 952 1092 haec:

222 1149 340 1216 Quidam
356 1150 503 1201 Sadducaei
521 1161 654 1215 negsmes
665 1147 891 1201 resurreetionem
906 1150 1108 1214 interrogarunt
1119 1149 1223 1216 Jesum,
1239 1148 1299 1200 “di·

305 1227 406 1277 centes,
420 1216 559 1280 Magister,
576 1217 669 1267 Moses
683 1217 801 1279 scripsit.
812 1255 830 1276 .,
844 1217 872 1267 si
885 1217 963 1279 cujus
976 1217 1060 1266 irater
1073 1228 1198 1267 mortuus
1210 1216 1299 1272 luerit.

305 1283 410 1332 habens
427 1297 547 1340 uxorem,
566 1284 642 1346 isque
659 1283 789 1345 improlis,
807 1292 837 1332 ut
854 1283 933 1332 ducat
951 1282 1034 1331 irater
1053 1282 1113 1344 ejus
1131 1297 1253 1340 uxorem,
1272 1291 1299 1330 et

305 1349 452 1398 exsuscitet
461 1363 554 1398 semen
565 1349 640 1397 tratri
653 1363 718 1398 suo:
734 1348 853 1398 luerunt.
864 1358 980 1410 septem
990 1346 1095 1405 iratres,
1105 1362 1220 1411 quorum
1230 1361 1300 1396 unus

306 1424 368 1477 post
380 1415 503 1472 alterum,
516 1425 678 1476 acceperunt
689 1428 801 1463 uxorem
813 1428 820 1472 ς
837 1415 886 1463 sed
898 1414 1027 1476 improles
1039 1415 1139 1462 mortui
1152 1423 1219 1463 suut
1227 1429 1246 1475 ;.
1256 1450 1262 1461 .
1273 1449 1296 1461 ..

305 1480 531 1529 demum..ctiam
554 1480 709 1529 mulier...:
734 1480 761 1528 in
783 1477 979 1529 resurreetione
999 1493 1029 1528 er
1066 1479 1168 1541 ,cujus
1189 1479 1299 1528 illorum

306 1545 351 1594 liet
362 1546 450 1595 uxor?
475 1544 590 1594 ...Sed
603 1544 770 1607 respondens
781 1544 861 1609 Jesus
873 1545 941 1594 dixit
955 1544 1016 1602 illis,
1051 1545 1089 1593 illl
1101 1544 1203 1593 saeculi
1215 1542 1297 1605 hujus

305 1610 1300 1739 ffissdidssllssddss'Qssdssssssss&iiiiiiahiiffffl‘iilil

305 1744 414 1804 nuptias
432 1741 539 1799 facient,
553 1755 639 1805 neque
657 1741 752 1804 nuptui
764 1714 916 1798 dabuntur;
935 1756 990 1789 non
1005 1739 1077 1789 enim
1097 1742 1166 1790 mori
1181 1714 1299 1804 sinplius

305 1817 429 1869 possunt,
441 1807 544 1856 similes
556 1808 630 1856 enim
642 1806 749 1869 angelis
762 1816 833 1864 sunt,
845 1814 873 1855 et
891 1806 938 1856 tilii
952 1806 1004 1855 Dei
1021 1815 1092 1864 sunt,
1104 1821 1165 1855 cum
1177 1817 1243 1857 sunt
1260 1818 1301 1853 re·

306 1869 481 1922 surredlionis
499 1872 553 1922 filii.
597 1872 677 1936 Quod
696 1883 787 1921 autem
807 1882 951 1934 resurgant
971 1872 1078 1930 mortui,
1097 1873 1179 1921 etiam
1206 1871 1300 1921 Moses

306 1937 435 1987 indicavit
443 1939 477 1987 ad
488 1939 591 1995 rubum,
600 1953 660 1987 cum
670 1937 733 1986 dicit
745 1937 891 1986 Dominum
903 1937 990 1986 Deum
1001 1936 1159 1995 Abrahami,
1170 1947 1198 1987 et
1209 1937 1300 1986 Deum

307 2000 385 2061 isaei,
402 2013 430 2052 et
448 2002 534 2052 mum
553 2003 663 2068 jacobi:
684 2003 739 2065 jam
758 2017 823 2051 vero
836 2002 910 2052 Deus
928 2017 983 2051 non
1002 2012 1044 2051 est
1061 2013 1230 2052 mortuorum
1249 2006 1298 2054 sed

306 2069 455 2118 viventium
466 2083 472 2126 ;
489 2083 586 2118 omnes
599 2069 672 2118 enirn
687 2069 729 2118 llli
742 2070 836 2118 vivunt
844 2068 858 2087 ''
870 2068 943 2130 (Luc.
955 2082 999 2118 xx.
1009 2069 1108 2130 27-38;
1125 2069 1226 2118 Marta.
1235 2070 1300 2120 xxii.

306 2145 404 2195 22-31;
421 2135 506 2184 Mare.
519 2136 563 2184 xii.
579 2134 675 2196 18-27).

174 2262 262 2329 Sunt
285 2264 354 2328 duo
372 2285 459 2349 quae
483 2264 650 2328 Dominus
673 2285 734 2347 per
756 2264 841 2328 haec
865 2263 1003 2342 docuit;
1031 2263 1187 2347 primum,
1208 2266 1300 2348 quod

173 2358 279 2423 homo
295 2371 374 2442 post
391 2371 539 2425 mortem
555 2370 732 2441 resurgat;
756 2369 792 2424 et
809 2359 967 2434 alterum,
982 2358 1073 2441 quod
1090 2378 1160 2422 non
1175 2360 1301 2424 dentur

174 2456 295 2537 nuptui
312 2457 344 2518 in
364 2455 473 2519 caelo.
519 2453 622 2536 Quod
646 2456 751 2518 homo
774 2464 855 2536 post
879 2463 1026 2517 mortem
1049 2464 1220 2535 resurgat,
1241 2474 1302 2537 per

174 2549 272 2624 haec,
290 2548 393 2631 Quod
413 2550 507 2613 Deus
523 2570 592 2613 non
612 2551 656 2613 sit
676 2560 888 2613 mortuorum
907 2549 968 2611 sed
986 2549 1174 2612 viventium
1194 2549 1300 2624 Deus,

173 2655 210 2708 et
223 2645 314 2727 quod
327 2645 518 2719 Abraham,
533 2645 619 2719 lsac,
634 2654 670 2708 et
685 2645 794 2726 Jacob
807 2645 925 2708 vivant
941 2665 949 2721 ;
973 2662 1013 2707 ac
1027 2663 1129 2725 porro
1145 2644 1179 2706 in
1197 2643 1301 2708 Para·

173 2739 255 2803 bola
270 2740 313 2802 de
333 2739 451 2803 Divite
469 2741 503 2802 in
521 2739 670 2814 Inserno,
688 2749 724 2802 et
741 2741 785 2803 de
802 2739 934 2802 Lazaro
950 2739 984 2801 in
1001 2737 1108 2802 Caelo
1121 2736 1215 2819 (Luc.
1229 2740 1300 2803 xvi.

173 2832 305 2916 22-31).
351 2831 524 2908 Alterum,
549 2835 640 2915 quod
665 2854 733 2896 non
757 2836 882 2899 dentur
902 2834 1022 2914 nuptui
1045 2833 1078 2895 in
1107 2832 1217 2909 caelo,
1240 2854 1302 2917 per

173 2927 270 3001 haec,
289 2925 391 3008 Quod
411 2929 466 3009 qui
485 2928 579 3009 digni
598 2928 780 3019 habentur,
798 2940 836 2992 ut
855 2938 1110 3011 consequantur
1125 2928 1300 2991 saeculum

173 3021 331 3096 alterum,
353 3042 421 3085 non
446 3023 582 3103 nuptias
600 3022 738 3097 saciant,
758 3043 868 3107 neque
892 3024 1011 3103 nuptui
1030 3023 1175 3085 dentur:
1207 3021 1300 3105 quod

174 3136 243 3180 non
256 3116 344 3180 aliae
357 3118 494 3197 nuptiae
506 3117 560 3180 hic
574 3117 813 3199 intelligantur
825 3136 927 3200 quam
940 3119 1079 3201 nuptiae
1093 3116 1299 3199 spirituales,

174 3220 272 3294 patet
285 3211 464 3275 manifeste
481 3232 526 3275 ex
540 3212 652 3275 verbis
664 3233 750 3296 quae
763 3215 984 3277 continenter
996 3221 1193 3294 sequuntur,
1208 3212 1300 3295 quod

174 3325 244 3369 non
260 3307 406 3389 amplius
422 3307 555 3387 possint
573 3308 668 3379 mori,
685 3309 764 3388 quia
779 3307 906 3370 similes
922 3306 1055 3388 angelis
1071 3316 1164 3382 sunt,
1180 3326 1222 3370 ac
1242 3304 1313 3371 filii'

175 3402 251 3476 Dei,
272 3421 349 3464 cum
368 3400 426 3464 filii
444 3399 721 3464 resurretiionis:
747 3421 806 3482 per
825 3404 963 3484 nuptias
982 3402 1178 3483 spirituales
1196 3402 1298 3467 intel·

174 3495 292 3578 ligitur
322 3493 516 3576 conjund'tio
539 3515 616 3559 cum
641 3496 802 3570 Domino,
828 3506 863 3560 et
887 3497 971 3561 haec
996 3496 1034 3559 fit
1057 3498 1095 3560 in.
1114 3497 1236 3575 terris;
1264 3506 1300 3559 et

174 3609 252 3655 cum
271 3588 361 3653 satta
379 3600 433 3653 est
452 3591 486 3652 in
505 3591 615 3665 terris,
636 3592 741 3654 etiam
759 3589 848 3654 saeta
867 3601 921 3654 est
940 3593 973 3654 in
994 3591 1118 3670 caelis;
1142 3612 1247 3674 quare
1265 3592 1298 3654 in

174 3685 279 3749 caelis
309 3705 377 3749 non
408 3685 493 3748 fiunt
522 3686 646 3748 iterum
670 3687 820 3767 nuptiae,
846 3695 880 3749 et
910 3686 1036 3750 dantur
1059 3688 1203 3767 nuptui;
1233 3687 1298 3750 hoc

174 3781 280 3844 etiam
310 3779 516 3860 intelligitur
539 3800 599 3861 per
621 3780 717 3855 haec,
744 3780 850 3843 “Filii
878 3781 1006 3844 saeculi
1035 3780 1133 3862 hujus
1160 3783 1298 3864 nuptias

175 3875 303 3938 faciunt
322 3884 358 3937 et
378 3875 497 3955 nuptui
516 3875 660 3952 dantur;
684 3876 843 3957 quivero
862 3876 956 3957 digni
975 3875 1147 3939 habentur
1166 3887 1204 3940 ut
1223 3897 1299 3941 sae-

175 3969 288 4034 culum
306 3968 452 4031 alterum
469 3979 733 4050 consequantur,
751 3989 860 4052 neque
877 3971 1015 4051 nuptias
1030 3971 1170 4046 iaciunt,
1188 3990 1298 4053 neque

176 4064 294 4147 nuptui
323 4062 476 4126 dantur.”
528 4063 573 4124 Hi
603 4083 738 4146 quoque
768 4084 788 4126 a
818 4064 968 4127 Domino
998 4075 1166 4129 vocantur
1192 4064 1298 4129 “Filii

176 4155 394 4239 nuptiarum”
423 4155 564 4237 (Mutila.
587 4157 633 4219 ix.
663 4172 718 4238 153
746 4157 853 4220 Marc.
874 4159 905 4221 ii.
929 4156 1004 4239 19);
1027 4169 1063 4223 et
1090 4178 1180 4223 nunc
1207 4164 1227 4193 ‘⁴
1238 4178 1299 4223 an·

176 4252 276 4334 geli’'
296 4249 386 4312 “filii
410 4249 505 4324 Dei,”
529 4260 564 4314 et
589 4250 676 4313 “filii
699 4249 983 4316 resurrediionis.”
1028 4251 1131 4334 Quod
1156 4253 1299 4317 “facere

177 4343 337 4426 nuptias”
360 4343 405 4406 sit
429 4346 589 4425 conjungi
614 4345 774 4420 Domino,
799 4355 835 4409 et
859 4347 950 4429 quod
975 4347 1130 4411 “intrare
1153 4347 1187 4411 in
1212 4367 1298 4430 nup·

177 4438 267 4503 tias”
285 4439 330 4502 sit
348 4438 452 4520 recipi
471 4439 505 4501 in
524 4439 656 4503 caelum
675 4461 696 4503 a
714 4440 875 4514 Domino,
896 4449 992 4524 patet
1011 4463 1056 4507 ex
1075 4442 1148 4507 his:
