2782 5026
380 504 384 513 ·
407 491 458 542 ns
481 489 616 542 amona
639 489 1009 558 couJuo1At1.-u.9.
1228 493 1264 559 13
1315 453 1324 473 ’

142 664 268 725 bescere,
285 671 320 718 et
340 661 371 716 in
391 662 541 718 mentibus
559 660 670 717 nostris
687 660 808 722 aboleri,
824 677 860 716 ac
878 660 941 716 fieri
961 659 1157 722 insensibiles,
1173 670 1204 715 et
1222 660 1266 716 sic

143 743 251 805 nullae;
271 753 306 797 et
322 757 392 797 cum
406 741 449 796 ita
460 741 611 812 exspirata
622 751 694 796 sunt
707 741 881 812 imaginaria
893 751 996 795 nostra
1008 741 1126 811 gaudia,
1139 740 1265 795 timeba-

143 838 201 877 mus
215 819 369 892 jaeiuram
383 822 481 876 omnis
493 821 689 892 jucunditatis
699 821 779 875 vitae
792 831 920 882 nostrae,
931 830 962 874 et
977 818 1047 874 laeti
1061 818 1190 874 l¹lsumus
1203 836 1266 874 arn·

143 901 217 973 bigui
233 900 274 956 de
290 899 437 956 felicitate
451 910 581 963 aeterna,
594 917 666 954 num
682 901 722 956 sit
736 901 852 970 aliqua:
875 909 907 955 et
927 910 1030 969 postea
1045 899 1146 970 vagati
1162 915 1266 955 sumus

144 980 264 1051 pervias
273 991 307 1034 et
320 995 413 1042 areas,
422 980 585 1051 quaesituri
600 990 717 1050 portam
728 995 880 1050 perquam
892 978 1082 1040 intravimus;
1097 979 1149 1034 sed
1163 978 1265 1049 vagati

143 1075 242 1114 sumus
252 1075 308 1130 per
315 1076 407 1131 gyros
416 1070 448 1114 et
457 1075 598 1130 gyros,ac
608 1059 857 1130 interrogavimus
866 1058 973 1112 obvios
981 1075 989 1120 ;
1003 1073 1041 1112 ex
1054 1058 1162 1129 quibus
1172 1058 1265 1129 aliqui

144 1138 290 1201 dixerunt,
306 1139 390 1209 quod
406 1149 493 1209 porta
512 1153 572 1193 non
589 1138 765 1200 inveniatur,
781 1138 852 1209 quia
870 1137 1072 1208 paradisiacus
1091 1137 1141 1192 hic
1159 1137 1265 1194 hortus

144 1228 186 1273 est
194 1218 348 1288 spatiosus
361 1218 557 1289 labyrinthus,
569 1217 621 1288 qui
634 1217 704 1272 talis
716 1227 770 1279 est,
784 1227 819 1271 ut
832 1217 884 1287 qui
896 1217 962 1271 vult
974 1217 1063 1279 exire,
1077 1217 1207 1287 penitius
1221 1216 1265 1270 in·

145 1306 215 1360 tret;
235 1306 344 1368 ‘quare
357 1312 418 1352 non
432 1295 560 1367 potestis
572 1296 659 1351 aliter
670 1313 760 1367 quam
774 1296 824 1351 hic
839 1311 960 1351 manere
976 1295 1006 1350 in
1019 1306 1191 1358 aeternum
1210 1312 1265 1352 vos

144 1376 211 1431 estis
230 1376 262 1430 in
282 1377 384 1431 medlo
403 1378 477 1447 ejus,
495 1376 545 1431 ubi
565 1387 671 1431 omnes
687 1376 811 1430 deliciae
828 1382 898 1430 sunt
918 1375 947 1430 in
966 1391 1022 1430 suo
1040 1375 1189 1430 centro.'''
1227 1374 1266 1429 Et

145 1471 231 1525 porro
241 1456 383 1510 dixemnt
392 1457 431 1510 ad
441 1456 567 1511 comites
574 1455 681 1526 angeli,
692 1462 708 1484 ⁴⁴
717 1454 776 1510 Hic
785 1470 865 1509 nunc
876 1471 928 1525 per
937 1472 1029 1509 unum
1039 1455 1119 1509 diem
1132 1464 1164 1509 et
1176 1455 1265 1509 dimi·

145 1534 222 1588 dium
236 1534 388 1597 sedimus3
412 1544 444 1590 et
461 1535 533 1605 quia
544 1536 657 1606 absque
669 1550 723 1605 spe
736 1534 908 1589 inveniendi
921 1534 1036 1590 exitum
1050 1550 1163 1595 sumus,
1177 1549 1264 1604 repo-

145 1614 255 1668 suimus
265 1630 322 1668 nos
330 1630 422 1684 super
432 1624 533 1669 roseto
541 1614 608 1677 hoc,
617 1624 648 1669 et
657 1612 828 1685 spectamus
838 1613 949 1668 circum
959 1629 1014 1668 nos
1025 1613 1054 1667 in
1065 1613 1152 1683 copia
1159 1613 1263 1677 olivas,

145 1707 221 1752 uvas,
235 1693 374 1746 aurantia
388 1704 419 1748 et
434 1693 541 1757 citros;
565 1694 618 1748 sed
630 1710 692 1764 quo
705 1694 772 1764 plus
785 1693 836 1747 illa
848 1690 1025 1763 spetlamus,
1038 1709 1075 1747 eo
1090 1693 1156 1762 plus
1168 1693 1264 1748 delas·

144 1782 222 1825 satur
236 1772 321 1826 visus
334 1772 477 1834 videndo,
492 1773 636 1827 odoratus
650 1772 814 1833 odorando,
830 1783 862 1826 et
879 1783 986 1844 gustus
1000 1773 1167 1842 gustando:
1189 1772 1264 1840 haec

143 1864 230 1906 causa
243 1861 292 1905 est
308 1851 483 1915 maestitiae,
496 1850 603 1916 luctus,
617 1861 649 1908 et
664 1852 896 1924 lacrymationis,
912 1851 943 1906 in
958 1852 1069 1922 quibus
1083 1867 1139 1907 vos
1154 1851 1263 1907 videtis

144 1930 221 1984 nos.”

193 2007 253 2063 His
273 2008 394 2070 auditis,
413 2011 537 2081 angelus
558 2010 693 2066 cohortis
714 2010 792 2065 dixit
813 2009 879 2073 illis,
903 2010 982 2067 “Est
1004 2009 1054 2066 hic
1075 2009 1263 2081 labyrinthus

142 2088 343 2156 paradisiacus
355 2104 425 2144 vere
435 2089 576 2145 introitus
589 2090 620 2144 in
633 2090 762 2152 caelum:
782 2090 852 2145 novi
867 2090 988 2152 exitum,
998 2100 1030 2145 et
1042 2090 1168 2145 educam
1182 2090 1263 2145 vos.''

141 2165 197 2222 His
215 2166 315 2228 dietis,
330 2168 471 2223 sedentes
484 2178 686 2232 surrexerunt,
701 2179 733 2224 et
752 2169 881 2239 amplexi
896 2171 1045 2240 angelum,
1061 2180 1092 2224 et
1114 2186 1175 2225 una
1193 2185 1262 2224 cum

137 2246 266 2301 cohorte
274 2247 341 2317 ejus
350 2247 487 2302 comitati
497 2258 568 2303 sunt
581 2248 674 2304 illurn.
705 2247 744 2303 Et
753 2250 877 2320 angelus
890 2249 920 2303 in
930 2249 980 2304 via
988 2249 1094 2304 docuit
1104 2248 1179 2310 illos,
1189 2249 1262 2319 quid

135 2329 281 2399 gaudium
292 2325 422 2383 caeleste
431 2338 462 2383 et
475 2327 545 2383 inde
554 2326 682 2383 felicitas
690 2337 820 2389 aeterna,
830 2327 911 2398 quod
925 2344 986 2382 non
997 2329 1058 2383 sint
1071 2330 1195 2385 deliciae
1208 2347 1260 2400 pa·

133 2407 301 2462 radisiacae
314 2416 456 2464 externae
468 2407 526 2462 nisi
537 2407 626 2462 simul
638 2422 707 2462 curn
721 2407 779 2462 illis
790 2407 852 2462 sint
865 2406 990 2463 deliciae
1001 2408 1201 2477 paradisiacae
1215 2410 1260 2463 in·

131 2493 258 2548 temne:
273 2485 422 2542 “deliciae
436 2486 637 2557 paradisiacae
646 2496 787 2542 externae
799 2496 869 2540 sunt
877 2486 969 2540 modo
979 2486 1104 2542 deliciae
1116 2503 1258 2543 sensuum

129 2566 277 2637 corporis,
290 2575 323 2621 at
337 2565 463 2620 deliciae
478 2566 680 2636 paradisiacae
695 2566 915 2622 internaesunt
927 2565 1052 2622 deliciae
1064 2564 1258 2621 affectionum

126 2645 268 2707 animae3
283 2645 341 2700 hae
351 2645 407 2699 nisi
418 2645 448 2698 in
458 2645 516 2700 illis
526 2646 594 2708 sint,
605 2661 666 2700 non
674 2655 721 2701 est
729 2646 792 2700 vita
800 2645 945 2708 caelestis,
954 2645 1025 2716 quia
1034 2661 1094 2699 non
1103 2656 1150 2700 est
1157 2643 1259 2700 anima

128 2721 162 2777 iu
174 2724 251 2778 illis:
269 2733 301 2778 et
313 2740 403 2779 omne
413 2724 552 2778 delicium
562 2725 675 2796 absque
687 2741 742 2779 sua
753 2724 1007 2796 correspondente
1017 2724 1124 2786 anima,
1135 2740 1172 2779 ex
1185 2739 1257 2780 con·

126 2804 223 2857 tinuo
235 2803 421 2874 elanguescit
434 2812 465 2858 et
479 2804 632 2873 torpescit
646 2815 678 2859 et
691 2804 757 2874 plus
770 2805 900 2860 delassat
912 2805 1047 2859 animum
1060 2820 1151 2875 quam
1164 2804 1257 2860 labor.

127 2880 211 2936 Sunt
227 2882 326 2936 ubivis
341 2882 372 2935 in
387 2883 478 2937 caelis
493 2882 572 2937 horti
590 2883 774 2953 paradisiaci,
790 2893 821 2939 et
842 2899 879 2938 ex
894 2883 942 2938 his
954 2884 1046 2938 etiam
1061 2892 1133 2937 sunt
1147 2883 1258 2954 gaudia

126 2961 256 3031 angelis,
272 2971 304 3015 et
324 2971 472 3032 quantum
494 2962 525 3015 in
544 2961 603 3016 illis
621 2972 668 3018 est
685 2961 826 3017 delicium
842 2963 968 3026 animae,
983 2971 1102 3017 tantum
1117 2972 1188 3016 sunt
1207 2961 1258 3018 illa

126 3039 244 3111 gaudia
256 3039 316 3094 illis
327 3040 464 3111 gaudia.”
1137 3072 1141 3080 ι

188 3117 247 3173 llis
261 3119 381 3183 auditis,
394 3120 606 3190 quaesiuerunt
620 3135 733 3184 omnes,
747 3119 853 3192 “Quid
868 3129 915 3176 est
930 3120 1071 3176 delicium
1086 3120 1211 3184 animae,
1224 3131 1257 3175 et

128 3198 215 3252 unde
227 3197 324 3253 hoc?’'

189 3276 358 3346 Respondit
370 3278 503 3349 angelus,
516 3277 690 3333 “Delicium
703 3278 820 3334 animae
835 3288 883 3333 est
897 3295 1048 3334 examore
1063 3289 1095 3334 et
1109 3277 1257 3349 sapientia

130 3370 152 3409 a
164 3354 312 3418 Domino:
331 3368 362 3411 et
374 3359 445 3427 quia
457 3373 542 3412 amor
554 3369 600 3413 est
612 3357 752 3421 efficiens,
761 3370 792 3413 et
805 3368 851 3414 est
860 3357 993 3414 efficiens
1006 3375 1059 3428 per
1067 3358 1255 3428 sapientiam,

131 3433 203 3489 ideo
212 3446 259 3490 est
268 3436 424 3507 utriusque
433 3438 521 3492 sedes
531 3437 561 3491 in
571 3436 688 3500 effectu,
697 3448 729 3492 et
738 3436 917 3493 effeetusest
926 3453 1006 3494 usus.
1037 3436 1105 3492 Hoc
1115 3438 1255 3493 delicium

131 3529 153 3567 a
165 3512 297 3569 Domino
310 3515 408 3569 influit
424 3517 455 3569 in
467 3517 607 3579 animam,
620 3526 652 3572 et
667 3518 822 3573 descendit
836 3534 889 3587 per
900 3517 1055 3587 superiora
1069 3526 1101 3571 et
1116 3515 1257 3572 interiora

134 3593 244 3647 mentis
256 3593 287 3648 in
300 3609 405 3650 omnes
417 3611 523 3651 sensus
535 3597 678 3666 corporis,
687 3608 718 3651 et
732 3597 836 3667 implet
848 3613 881 3652 se
894 3597 924 3650 in
938 3596 1011 3657 illis,
1031 3595 1099 3650 inde
1111 3596 1255 3667 gaudium

134 3671 169 3726 tit
182 3674 334 3744 gaudium,
350 3684 382 3728 et
406 3675 440 3729 fit
458 3686 614 3730 aeternum
633 3677 671 3731 ab
691 3677 825 3731 Aeterno
843 3692 862 3730 a
879 3674 958 3748 Quo.
995 3675 1121 3730 Vidistis
1137 3675 1254 3744 paradi·

136 3750 227 3814 daca:
248 3762 280 3807 et
294 3769 434 3808 assevero
446 3755 541 3817 vobis,
554 3756 636 3826 quod
652 3772 713 3810 non
728 3756 841 3825 aliquid
858 3756 898 3810 ibi
913 3755 961 3816 sit,
978 3771 1015 3809 ne
1030 3755 1151 3824 quidem
1168 3753 1256 3809 folio·

137 3829 204 3893 lum,
217 3833 299 3902 quod
313 3849 374 3887 non
388 3844 434 3887 est
446 3850 483 3889 ex
495 3835 638 3905 conjugio
646 3835 758 3889 amoris
770 3845 801 3889 et
814 3835 978 3904 sapientiae
992 3834 1021 3887 in
1035 3850 1106 3897 usu;
1124 3848 1217 3904 quare
1229 3832 1256 3888 si

119 3909 124 3920 ‘
138 3908 226 3965 horno
239 3910 268 3965 in
283 3912 341 3966 hoc
354 3923 408 3974 est,
422 3924 468 3968 est
482 3915 510 3967 in
525 3913 663 3983 paradiso
676 3914 806 3974 caelesti,
820 3914 863 3968 ita
875 3914 904 3967 in
918 3913 1028 3968 caelo.''

186 4002 227 4059 9.
254 3989 328 4045 Post
340 3991 416 4045 haec
427 3993 550 4063 angelus
564 3991 672 4047 ductor
684 3994 774 4048 rediit
788 3994 817 4047 in
829 3993 943 4054 aedem,
957 3994 995 4047 ad
1010 3992 1084 4054 illos,
1098 3991 1149 4062 qui
1163 3989 1255 4044 tirmi-

139 4077 182 4123 ter
193 4069 249 4124 sibi
264 4081 481 4140 persuaserant,
494 4071 576 4141 quod
589 4072 733 4142 gaudium
748 4073 877 4128 caeleste
891 4083 922 4127 et
938 4072 1065 4127 felicitas
1077 4082 1199 4125 aeterna
1214 4070 1255 4125 sit

140 4159 276 4219 perpetua
296 4149 478 4221 glorificatio
503 4150 568 4213 Dei,
588 4166 623 4206 ac
648 4151 678 4206 in
698 4162 855 4207 aeternum
876 4168 1044 4222 perennans
1065 4149 1192 4211 festum:
1216 4165 1255 4205 ex

140 4241 228 4290 musa,
243 4229 315 4299 quia
335 4229 367 4282 in
386 4229 499 4284 mundo
514 4230 703 4286 crediderant
718 4231 800 4302 quod
818 4241 892 4287 tunc
910 4231 1002 4286 visuri
1020 4231 1081 4286 sint
1101 4228 1207 4291 Deum,
1222 4239 1255 4286 et

140 4307 202 4377 quia
213 4309 276 4365 vita
288 4309 364 4363 caeli
377 4324 415 4363 ex
428 4309 510 4363 cultu
525 4309 581 4365 Dei
594 4319 719 4366 vocatur
731 4320 909 4381 perpetuum
923 4311 1118 4370 Sabbathum.

187 4386 241 4444 His
252 4389 381 4462 angelus
394 4387 479 4450 dixit,
490 4388 681 4459 “Sequimini
692 4406 748 4451 me,
759 4400 790 4445 et
803 4391 990 4446 introducam
1001 4409 1056 4448 vos
1069 4392 1098 4447 in
1109 4394 1253 4465 gaudium

140 4469 288 4526 restrum.”
324 4469 364 4525 Et
378 4467 544 4524 introduxit
555 4468 623 4524 illos
636 4469 666 4523 in
679 4485 801 4541 parvam
811 4471 924 4534 urbem,
936 4471 966 4526 in
979 4473 1065 4543 cujus
1075 4474 1175 4528 medio
1188 4485 1253 4530 erat
