2782 5026
352 113 401 162 DE
424 112 559 162 AMORE
582 111 903 178 CONJUGIALI.-·N.
924 114 995 180 292.
1167 112 1228 180 227

84 284 213 350 lucem
235 285 411 368 publicam
430 285 570 363 sistere;
595 284 719 349 timent
739 285 828 348 enirn
849 305 891 348 ne
910 284 1043 348 illarum
1063 302 1118 348 ars
1137 285 1229 349 obti-

82 381 204 445 nendi
218 391 436 464 potestatem
449 402 550 463 super
561 382 650 444 viros
663 381 762 444 simul
776 380 985 463 propaletur,
996 399 1098 464 quam
1111 389 1231 444 tamen

80 495 323 560 summopere
343 478 483 560 cupiunt
503 476 765 541 occultandam:
791 477 852 539 sed
868 477 946 559 quia
961 476 1097 540 excitor
1111 496 1132 539 a
1147 477 1230 540 viris

79 572 119 634 in
144 571 215 636 illo
232 573 364 635 mundo
383 572 426 636 ad
449 572 684 654 detegendum
708 592 829 635 causas
852 573 902 635 sui
925 571 1082 635 intestini
1100 572 1168 635 odii
1192 581 1231 635 et

79 669 194 750 quasi
212 668 335 731 furoris
351 667 437 731 illati
454 669 487 731 in
505 668 608 731 corda
625 667 759 731 illorum
777 677 897 730 contra
913 686 1050 743 uxores,
1069 688 1115 731 ex
1131 667 1228 731 clan-

78 764 250 826 destinis
274 764 404 826 artibus
428 764 573 837 illarum,
599 763 702 826 velim
726 763 837 826 solum
863 763 1034 827 adducere
1063 763 1148 827 haec
1173 784 1228 827 se·

77 859 255 940 quentia.
313 859 486 922 Dixerunt
514 859 585 934 viri,
610 859 702 941 quod
733 859 799 921 illis
829 859 962 931 nesciis,
988 859 1227 922 contraxerint

77 974 153 1036 pro
184 954 354 1017 uxoribus
378 953 562 1018 terrificum
586 955 756 1027 timorem,
781 974 827 1017 ex
850 974 917 1036 quo
943 973 1012 1016 non
1038 964 1226 1035 potuerunt

28 1110 47 1122 ,
77 1051 201 1112 aliter
222 1068 325 1130 quam
344 1047 589 1130 subjectissime
614 1049 753 1112 obedire
776 1049 923 1112 arbitriis
943 1048 1088 1124 illarum,
1108 1060 1144 1114 et
1163 1070 1227 1112 nu·

77 1146 191 1207 tibus
213 1144 350 1207 illarum
369 1145 511 1227 obsequi
531 1145 709 1227 plusquam
730 1145 885 1208 vilissimi
904 1147 1003 1219 servi,
1025 1147 1071 1208 sic
1092 1157 1129 1209 ut
1146 1144 1226 1210 satri

77 1242 162 1302 sint
188 1240 281 1302 sicut
297 1259 453 1322 vappac;
477 1250 512 1303 et
529 1240 620 1323 quod
640 1241 689 1302 ita
708 1237 787 1302 facti
807 1241 875 1303 sint
894 1260 956 1322 pro
975 1241 1138 1304 uxoribus
1155 1256 1228 1304 non'

76 1334 204 1398 modo
226 1333 286 1407 illi,
304 1335 409 1416 quiin
430 1333 523 1396 nulla
540 1334 712 1415 dignitate
729 1336 910 1397 constituti
930 1345 1020 1408 sunt,
1041 1335 1101 1398 sed
1120 1335 1225 1399 etiam

75 1431 144 1511 qui
175 1430 213 1490 in
237 1448 372 1509 magna,
393 1430 498 1491 immo
522 1429 650 1492 strenui
673 1438 709 1492 et
733 1428 898 1511 praeclari
921 1429 1045 1507 duces;
1069 1440 1105 1494 et
1124 1430 1225 1495 dixe·

75 1535 174 1588 runt
197 1524 291 1606 quod
316 1533 394 1606 post
418 1521 632 1587 contractum
657 1523 750 1587 illum
776 1533 941 1588 terrorem
962 1545 1029 1588 non
1050 1526 1225 1607 potuerint

74 1620 115 1683 in
140 1618 214 1683 illo
243 1638 326 1680 ausu
345 1639 421 1681 esse
447 1619 507 1682 sari
535 1638 612 1682 cum
636 1619 798 1681 uxoribus
822 1620 884 1682 nisi
909 1621 1027 1692 amice,
1052 1630 1088 1682 et
1112 1620 1225 1684 iacere

74 1713 158 1777 illis
184 1713 253 1776 nisi
271 1714 362 1795 quod
387 1714 504 1795 placiti
527 1714 661 1777 illarum
685 1725 750 1788 est,
773 1715 913 1778 tametsi
935 1714 1050 1778 odium
1070 1715 1223 1780 interne·

72 1813 211 1872 einum
238 1808 271 1869 in
295 1809 454 1871 cordibus
483 1811 552 1872 suis
582 1819 703 1873 contra
733 1810 809 1872 illas
836 1811 1012 1888 soverent3
1039 1820 1075 1874 et
1099 1812 1222 1889 adhuc,

70 1904 188 1988 quod
215 1923 322 1985 usque
346 1925 471 1967 uxores
490 1924 566 1968 cum
590 1905 657 1968 illis
680 1905 826 1968 comiter
844 1904 1028 1987 loquantur
1046 1916 1082 1969 et
1102 1918 1222 1987 agant,

69 2013 117 2062 et
135 1998 352 2081 quibusdam
366 2001 434 2061 suis
448 2001 566 2082 petitis
579 2001 862 2082 obtemperanter
874 1999 1081 2064 auscultent.
1121 2000 1221 2064 Nunc

67 2096 172 2176 quia
194 2094 261 2174 ipsi
280 2095 340 2155 viri
360 2095 533 2175 permirati
549 2105 637 2169 sunt,
656 2095 746 2159 unde
763 2095 833 2157 tale
850 2095 1098 2177 antipathicum
1118 2096 1151 2158 in
1171 2096 1222 2158 in-

66 2189 204 2252 ternis
219 2187 366 2261 illorum,
381 2199 417 2251 et
434 2189 506 2252 tale
521 2189 609 2252 sicut
622 2190 875 2271 sympathlcum
892 2191 925 2252 in
938 2191 1104 2265 externis
1120 2191 1223 2254 obor-

64 2295 165 2346 turn
193 2293 262 2356 est,
287 2282 557 2366 exploraverunt
581 2303 702 2370 causas
725 2305 745 2347 a
771 2284 915 2360 seminis,
939 2285 1060 2367 quibus
1087 2294 1223 2349 secreta

61 2379 149 2442 illa
167 2399 228 2441 ars
248 2378 308 2440 fuit
328 2388 431 2454 nota;
456 2389 491 2442 et
508 2381 713 2462 inquierunt,
732 2380 823 2462 quod
843 2401 889 2442 ex
905 2401 963 2443 ore
982 2379 1117 2443 illarum
1136 2379 1222 2444 hau·

60 2477 216 2548 serint,
238 2474 330 2556 quod
354 2475 512 2538 mulieres
535 2475 606 2538 alte
629 2477 719 2558 apud
743 2495 781 2539 se
807 2476 998 2539 recondant
1028 2475 1220 2549 scientiam,

57 2591 159 2652 qua
180 2568 315 2633 callent
334 2570 425 2632 viros
440 2568 525 2650 jugo
543 2571 593 2632 sui
611 2570 753 2651 imperii,
775 2570 802 2632 si
822 2569 954 2645 volunt,
975 2570 1160 2650 subjicere;
1184 2580 1221 2636 et

55 2664 187 2746 quod
208 2664 274 2727 hoc
295 2663 354 2727 fiat
375 2665 465 2747 apud
486 2686 611 2728 uxores
634 2666 735 2728 rudes
759 2685 819 2746 per
838 2665 1091 2774 increpationes
1115 2676 1151 2729 et
1170 2664 1221 2728 al·

53 2771 214 2823 ternas
231 2758 420 2822 faventias·
413 2760 534 2842 ‚apud
547 2760 632 2823 alias
645 2779 706 2842 per
718 2758 833 2822 vultus
849 2759 951 2821 duros
968 2768 1004 2822 et
1020 2760 1220 2824 inamoenos

52 2855 274 2927 continue,
298 2864 334 2918 et
357 2855 446 2954 apud
470 2854 599 2918 similes
621 2854 741 2918 aliter:
770 2865 806 2918 at
828 2853 919 2936 apud
943 2874 1069 2918 uxores
1093 2855 1221 2937 politas

52 2967 154 3027 per
169 2950 388 3013 obnixitatcs
403 2946 614 3033 petitionum
626 2971 686 3033 per
701 2950 792 3013 vices
809 2968 981 3031 nunquam
995 2950 1219 3026 intermissas,

51 3053 123 3105 et
153 3064 216 3127 per
239 3045 455 3109 resistentias
485 3046 679 3126 pertinaces
702 3054 824 3106 contra
851 3044 994 3106 maritos
1017 3044 1046 3106 si
1069 3044 1153 3105 dura
1175 3045 1221 3107 ab

51 3134 162 3202 illis
185 3140 374 3223 patiuntur,
398 3140 599 3202 insistentes
619 3138 682 3220 juri
706 3159 786 3201 suae
809 3137 1032 3219 aequalitatis
1054 3158 1099 3200 ex
1129 3137 1218 3220 lege,

48 3247 140 3296 ex
159 3255 228 3318 quo
251 3231 414 3298 audacter
437 3235 615 3297 obstinant
640 3254 696 3296 se:
721 3234 827 3296 immo
850 3233 940 3315 quod
964 3233 992 3295 si
1015 3232 1219 3313 ejicerentur

51 3321 212 3405 domo,
231 3331 376 3394 redeant
395 3349 441 3392 ex
457 3328 576 3403 lubitu,
597 3348 636 3391 ac
660 3329 791 3392 instent
815 3327 958 3407 similia;
982 3329 1095 3392 sciunt
1115 3329 1218 3403 enirn,

51 3426 188 3499 quod
205 3426 266 3488 viri
285 3445 331 3488 ex
351 3445 412 3487 sua
431 3435 553 3488 natura
571 3443 786 3507 nequaquam
810 3425 945 3505 possint
965 3424 1218 3487 obnixitatibus

50 3527 230 3585 suarum
250 3535 395 3584 uxorum
412 3521 581 3593 resistere,
598 3529 635 3583 et
654 3520 744 3602 quod
764 3528 844 3601 post
861 3520 1052 3582 cessionem
1069 3518 1218 3582 arbitriis

49 3600 226 3679 ¹1larum
248 3635 286 3679 se
305 3615 533 3693 submittant,
557 3624 593 3678 et
609 3614 700 3697 quod
725 3623 806 3677 tunc
831 3634 969 3688 uxores,
990 3614 1083 3675 sub
1074 3616 1218 3696 imperio

49 3715 166 3786 ⁸¹10,
186 3712 301 3776 civilia
323 3721 360 3775 et
383 3711 510 3775 blanda
534 3711 664 3774 maritis
687 3710 888 3772 exhibeant.
933 3708 1045 3774 Causa
1068 3711 1218 3792 genuina

50 3794 341 3871 dominationis
368 3825 513 3871 uxorum
544 3827 604 3888 per
634 3805 722 3869 hunc
751 3816 866 3870 astum
889 3815 954 3882 est,
978 3805 1069 3890 quod
1098 3804 1148 3867 vir
1171 3824 1217 3867 ex

51 3901 272 3967 ¹¹¹telle8tu
291 3912 386 3984 agat,
407 3911 442 3965 et
459 3902 586 3967 semina
604 3922 650 3965 ex
669 3900 866 3973 voluntate,-
882 3911 917 3965 et
940 3900 1030 3984 quod
1055 3900 1217 3963 voluntas

52 3996 203 4061 Possit
227 3999 402 4062 obstinare
425 4019 473 4073 se,
494 4018 563 4061 non
586 4007 702 4061 autem
725 3994 931 4061 intellectus.
977 3992 1113 4058 Dictum
1133 3993 1217 4058 mihi

51 4093 160 4171 est,
179 4094 269 4178 quod
294 4094 465 4176 pessimae
484 4092 582 4177 hujus
600 4093 738 4169 farinae,
759 4112 846 4176 quae
864 4092 997 4154 ambitu
1016 4088 1217 4153 dominandi
