2782 5026
383 442 433 492 ns
456 439 591 492 anona
614 439 973 492 scommata-u.
992 445 1066 510 430.
1197 444 1260 511 329

136 632 197 695 per
218 609 372 675 malum:
406 620 442 676 et
465 632 600 695 quoque
622 611 782 686 vicissim,
807 611 898 694 quod
921 613 977 694 qui
1006 613 1040 675 in
1070 612 1163 676 bono
1191 621 1257 688 est,

134 717 173 771 et
203 707 302 771 nubit
333 726 428 781 vero,
451 716 511 770 aut
538 709 595 790 qui
622 708 656 770 in
684 726 767 771 vero
796 715 860 781 est,
884 716 919 770 et
946 707 1042 771 ducit
1069 708 1202 771 bonum
1223 709 1258 772 in

134 803 348 865 consortium
366 801 511 865 thalami
530 821 657 877 secum,
676 811 797 866 contra
815 802 1020 866 adulterium
1040 812 1076 867 et
1095 821 1156 884 pro
1175 820 1258 866 con·

131 895 229 979 jugie
247 918 285 961 se
305 895 498 973 confirmet,
514 917 554 962 ac
574 897 712 961 beatam
732 896 960 980 conjugialem
978 899 1086 962 vitam
1105 897 1257 981 amplec-

135 1001 243 1056 tatur.

199 1102 304 1171 429.
328 1085 390 1170 (v.)
417 1085 515 1164 Quod
539 1087 616 1150 inde
643 1106 740 1151 amor
760 1087 978 1151 scortatorius
1010 1087 1059 1151 sit
1085 1086 1257 1168 oppositus

134 1183 248 1245 amori
255 1183 442 1266 cory‘ugiali,
456 1183 542 1246 sicut
552 1182 720 1262 infernum
728 1193 780 1245 est
791 1183 977 1263 oppositum
986 1180 1258 1246 caelu—Omnes

133 1278 192 1360 qui
208 1277 243 1340 in
260 1277 392 1340 inferno
404 1286 494 1352 sunt,
509 1279 542 1340 in
558 1279 730 1340 connubio
745 1278 826 1340 mali
842 1287 878 1341 et
895 1276 969 1341 salsi
987 1288 1077 1352 sunt,
1089 1287 1124 1341 et
1136 1294 1258 1343 omnes

134 1373 192 1454 qui
215 1373 249 1435 in
274 1371 371 1435 caelo
390 1382 480 1447 sunt,
500 1373 534 1434 in
557 1371 718 1453 conjugio
736 1371 817 1435 boni
840 1381 876 1435 et
900 1372 971 1436 veri
990 1382 1090 1449 sunt;
1121 1383 1158 1438 et
1181 1373 1259 1455 quia

133 1466 345 1530 connubium
365 1466 445 1530 mali
463 1477 501 1530 et
518 1465 605 1540 falsi,
623 1476 676 1530 est
695 1484 831 1549 quoque
849 1466 1068 1541 adulterium,
1091 1466 1144 1549 (ut
1167 1484 1257 1532 nunc

134 1581 249 1643 supra,
267 1581 300 1624 n.
314 1575 390 1641 427,
406 1563 480 1639 428,
494 1572 673 1624 ostensum
686 1559 769 1642 est.)
783 1570 837 1624 est
853 1560 1020 1624 infernum
1032 1563 1137 1626 etiam
1152 1561 1257 1641 illud;

134 1656 216 1720 inde
238 1664 305 1729 est,
325 1656 417 1738 quod
440 1675 561 1718 omnes
583 1656 629 1718 ibi
651 1656 685 1718 in
709 1654 860 1730 libidine,
881 1653 1031 1730 lascivia,
1051 1666 1087 1720 et
1111 1657 1257 1739 impudi·
1322 1728 1324 1733 ⁴

134 1750 217 1814 citia
240 1752 365 1814 amoris
387 1751 584 1815 scortatorii
607 1760 698 1825 sunt,
722 1770 762 1814 ac
793 1761 890 1815 casta
919 1760 956 1815 et
985 1752 1108 1834 pudica
1130 1752 1257 1816 amoris

134 1844 337 1927 conjugialis
355 1844 489 1927 fugiant
507 1855 543 1909 et
562 1845 777 1908 exhorreant
796 1843 969 1926 (videatur
985 1864 1098 1927 supra,
1116 1865 1148 1908 n.
1165 1845 1256 1928 428).

135 1939 193 2002 Ex
216 1939 269 2002 his
292 1940 398 2002 videri
422 1947 551 2022 potest,
571 1939 662 2021 quod
686 1939 755 2002 bini
784 1938 833 2002 illi
861 1956 1007 2014 amores,
1031 1941 1257 2004 scortatorius

134 2044 171 2098 et
191 2034 404 2116 coniugialia,
424 2035 488 2097 sibi
506 2036 658 2118 oppositi
678 2036 758 2110 sint,
779 2036 867 2098 sicut
887 2035 1052 2098 infernum
1072 2044 1126 2100 est
1145 2035 1255 2110 caelo,

135 2148 176 2193 ac
195 2129 329 2193 caelum
349 2128 491 2192 inferno.

196 2238 303 2306 430.
327 2222 403 2305 (vi.)
430 2221 527 2300 Quod
541 2224 748 2287 immundum
766 2224 894 2305 inferni
908 2224 957 2288 sit
975 2240 1150 2288 examore
1166 2233 1256 2289 s'cor·

135 2318 268 2393 tatorio,
286 2327 318 2380 et
335 2317 426 2399 quod
437 2318 595 2381 mundum
610 2318 694 2382 caeli
706 2319 754 2382 sit
768 2339 811 2382 ex
825 2340 937 2382 amore
949 2318 1255 2405 consonate-To·

135 2422 208 2478 tum
239 2412 406 2476 infernum
437 2422 551 2477 scatet
584 2413 819 2489 immunditiis,
844 2425 880 2477 et
911 2413 1031 2478 harum
1055 2414 1256 2480 universalis

134 2510 231 2590 origo
244 2518 299 2571 est
312 2507 502 2589 impudicus
513 2518 550 2574 et
562 2508 732 2572 obscenus
744 2527 840 2572 amor
852 2509 1096 2586 scortatorius;
1116 2509 1148 2571 in
1167 2509 1255 2573 talea

134 2614 316 2668 vertuntur
335 2603 486 2685 jucunda
504 2606 584 2685 ejus.
631 2602 715 2684 Quis
734 2613 850 2685 potest
870 2604 1021 2675 credere,
1041 2605 1133 2686 quod
1153 2623 1254 2667 omne

132 2697 317 2780 jucundum
341 2699 478 2772 amoris,
503 2699 536 2761 in
560 2700 689 2761 mundo
712 2699 879 2780 spirituali
902 2699 1046 2760 sistatur
1067 2698 1130 2760 sub
1153 2700 1255 2762 variis

134 2793 314 2876 speciebus
337 2793 534 2866 videndum,
559 2792 622 2856 sub
651 2793 753 2856 variis
777 2791 938 2856 odoribus
962 2790 1193 2867 sentiendum,
1217 2804 1254 2857 et

134 2890 198 2952 sub
211 2890 313 2952 variis
328 2888 445 2950 formis
457 2888 644 2950 bestiarum
659 2897 695 2951 et
712 2889 824 2950 avium
841 2887 1146 2968 conspiciendum?
1169 2887 1254 2971 Spe·

133 2985 213 3058 cies,
232 2984 296 3046 sub
313 2982 435 3065 quibus
454 2983 487 3044 in
507 2982 640 3045 inferno
650 2981 800 3063 jucunda
816 2981 998 3045 lasciviosa
1014 2984 1141 3045 amoris
1159 2973 1254 3047 scor·

133 3080 252 3143 tatorii
275 3080 442 3141 sistuntur
460 3077 619 3152 videnda,
639 3087 719 3140 sunt
738 3087 891 3141 stercora
909 3087 945 3140 et
965 3096 1093 3155 caena;
1117 3079 1253 3155 odores,

133 3192 194 3256 per
208 3194 296 3257 quos
315 3171 374 3236 illa
390 3173 560 3236 sistuntur
575 3171 768 3246 sentienda,
785 3172 830 3235 ibi
849 3182 928 3235 sunt
941 3182 1081 3254 putores
1100 3183 1136 3236 et
1156 3175 1254 3238 nido·

132 3289 210 3346 res;
235 3276 270 3331 et
288 3268 418 3331 formae
434 3267 619 3331 bestiarum
638 3277 675 3330 et
693 3268 816 3341 avium,
834 3266 897 3329 sub
912 3267 1033 3349 quibus
1052 3268 1110 3331 illa
1126 3270 1172 3332 ibi
1191 3271 1254 3333 sis·

132 3371 255 3428 tuntur
277 3354 532 3444 conspicienda,
553 3371 637 3426 sunt
655 3381 744 3435 sues,
764 3371 955 3443 serpentes,
976 3378 1058 3426 aves
1081 3364 1194 3427 ochim
1218 3375 1254 3430 et

132 3460 228 3524 tziim
252 3467 411 3521 vocatae.
457 3453 544 3520 Vice
565 3476 664 3520 versa
686 3465 801 3519 autem
821 3454 971 3537 jucunda
1000 3468 1098 3522 casta
1128 3461 1254 3523 amoris

132 3553 337 3636 coniugialis
356 3554 389 3616 in
410 3552 527 3616 caelo:
553 3552 695 3634 species,
716 3551 779 3613 sub
797 3551 919 3632 quibus
939 3551 998 3615 illa
1021 3553 1065 3615 ibi
1089 3555 1256 3620 sistuntur

125 3645 295 3723 irridenda,
320 3657 400 3711 sunt
423 3646 515 3710 horti
541 3657 577 3709 et
605 3647 716 3726 campi
739 3645 892 3723 floriferi;
927 3647 1062 3722 odores,
1087 3667 1147 3730 per
1168 3669 1255 3732 quos

132 3745 191 3810 illa
214 3745 261 3808 ibi
285 3744 452 3807 sistuntur
470 3741 662 3815 sentienda,
683 3748 762 3804 sunt
785 3740 1001 3806 redolentiae
1023 3762 1068 3806 ex
1091 3742 1255 3807 frudtibus

132 3849 171 3904 e‘t
187 3839 398 3921 fragrantiae
415 3856 462 3901 ex
480 3836 639 3912 floribus;
664 3844 700 3898 et
720 3834 849 3898 formae
868 3836 1076 3912 animalium,
1098 3839 1161 3901 sub
1179 3839 1253 3921 qui·

132 3936 195 3999 bus
218 3933 279 3998 illa
303 3933 348 3996 ibi
371 3934 539 3996 sistuntur
557 3930 810 4013 conspicienda,
831 3940 911 3994 sunt
934 3932 1025 4012 agni,
1045 3931 1159 4008 haedi,
1183 3943 1254 3998 tur-·

133 4034 228 4094 tures
240 4039 277 4094 et
294 4048 378 4091 aves
390 4027 634 4109 paradisiacae.
680 4023 782 4107 Quod
792 4023 942 4105 jucunda
952 4044 1105 4090 amorum
1122 4028 1156 4090 in
1169 4028 1255 4094 talia

132 4132 170 4189 et
187 4123 314 4189 similia
333 4130 525 4197 vertantur,
545 4129 600 4184 est
618 4120 696 4204 quia
713 4117 848 4194 cundia,
869 4139 956 4203 quae
978 4122 1012 4184 in
1035 4122 1166 4187 mundo
1184 4126 1253 4206 spi·

132 4218 246 4283 rituali
265 4218 435 4292 existunt,
455 4224 536 4279 sunt
556 4213 904 4295 correspondentiam
935 4215 969 4276 in
992 4213 1055 4278 bas
1071 4225 1256 4283 vertuntur

132 4303 269 4379 interna
288 4301 457 4377 inentium
476 4311 623 4384 illorum,
643 4310 724 4373 dum
743 4318 925 4372 transeunt
944 4319 980 4374 et
1001 4309 1086 4375 fiunt
1105 4323 1255 4379 externa

134 4424 250 4475 coram
262 4408 431 4474 sensibus.
476 4405 530 4471 A't
540 4406 714 4471 sciendum
727 4413 792 4483 est,
803 4405 895 4488 quod
907 4405 976 4469 sint
989 4406 1256 4472 innumerabiles
