2850 5026
204 443 265 508 180
546 454 726 506 nameus
749 454 978 507 sanemus

197 624 292 688 tinue
308 644 328 688 a
344 622 504 699 Domino,
518 624 596 706 quia
612 623 672 688 illa
687 633 766 688 sunt
783 624 872 705 lpse,
886 634 921 688 et
937 625 982 688 ab
995 623 1075 706 Ipso
1087 633 1167 689 sunt
1183 625 1317 704 omnia;

195 729 233 783 et
252 739 339 802 quae
355 719 399 782 ab
418 718 497 799 Ipso
516 718 718 799 procedunt,
738 718 883 800 implent
902 720 1115 797 universum;
1140 739 1220 783 nam
1240 721 1317 784 abs·

195 834 261 897 que
281 835 323 877 eo
338 812 422 876 nihil
438 813 640 876 subsisteret
657 814 749 895 quod
767 814 912 876 exstitit.
957 811 1045 877 Sunt
1061 813 1174 894 plures
1193 815 1317 897 sphae-

196 928 266 983 rae,
287 928 373 990 quae
396 907 440 970 ab
464 907 544 989 Ipso
567 909 778 988 procedunt:
809 917 846 971 ut
873 907 1018 989 sphaera
1047 910 1320 973 conservationis

196 1003 342 1066 universi
360 1003 477 1076 creati,
491 1002 636 1083 sphaera
655 1003 837 1065 tutationis
856 1002 937 1065 boni
961 1011 996 1065 et
1015 1004 1085 1065 veri
1103 1012 1226 1067 contra
1244 1023 1318 1066 ma·

196 1095 266 1161 lum
293 1108 329 1160 et
358 1096 490 1171 salsum,
515 1097 661 1178 sphaera
689 1096 941 1160 reformationis
971 1105 1006 1159 et
1032 1098 1317 1177 regenerationis,

195 1191 342 1273 sphaera
374 1193 593 1254 innocentiae
626 1200 662 1254 et
690 1191 794 1273 pacis,
818 1191 965 1271 sphaera
994 1191 1249 1254 misericordiae
1281 1201 1317 1254 et

195 1287 338 1369 gratiae,
359 1295 496 1367 praeter
507 1285 640 1366 plures;
664 1295 701 1349 at
717 1285 916 1348 universalis
932 1286 1082 1348 omnium
1101 1296 1155 1349 est
1172 1285 1319 1368 sphaera

195 1380 407 1463 conjugialis,
421 1382 499 1462 quia
517 1380 602 1443 haec
626 1381 730 1444 etiam
754 1391 808 1445 est
827 1379 973 1461 sphaera
991 1382 1264 1462 propagationis,
1282 1392 1317 1444 et

195 1476 242 1539 sic
256 1476 510 1556 supereminens
527 1475 672 1556 sphaera
688 1475 960 1538 conservationis
973 1475 1119 1537 universi
1136 1477 1243 1539 creati
1257 1495 1316 1557 per

141 1604 144 1611 ,
194 1571 405 1634 successivas
428 1572 679 1651 generationes.
726 1568 826 1650 Quod
851 1568 996 1650 sphaera
1010 1568 1095 1633 haec
1115 1568 1317 1652 conjugialis

195 1663 337 1745 impleat
366 1666 570 1738 universum,
595 1675 630 1728 et
654 1665 819 1746 pervadat
842 1664 901 1726 illa
923 1684 943 1726 a
966 1665 1082 1745 primis
1109 1663 1152 1728 ad
1179 1665 1313 1739 ultima,

195 1768 294 1839 patet
310 1779 330 1820 a
346 1779 447 1840 supra
463 1759 622 1834 ostensis,
636 1759 727 1840 quod
745 1757 902 1839 conjugia
918 1759 987 1822 sint
1003 1759 1036 1821 in
1054 1758 1168 1833 caelis,
1185 1769 1222 1823 et
1239 1779 1315 1841 per-

193 1851 378 1916 sedtissima
403 1855 437 1916 in
468 1853 565 1916 caelo
591 1855 693 1916 tertio
720 1873 779 1916 seu
808 1872 979 1934 supremo,
1003 1862 1038 1916 et
1062 1854 1152 1934 quod
1180 1864 1315 1935 praeter

194 1948 284 2030 apud
308 1948 474 2022 homines,
494 1949 538 2012 sit
562 1949 595 2010 in
618 1948 775 2011 omnibus
798 1945 958 2028 subjedlis
981 1950 1077 2029 regni
1101 1949 1258 2013 animalis
1280 1949 1340 2026 in,

194 2045 303 2117 terris,
321 2065 426 2126 usque
449 2045 493 2106 ad
512 2063 670 2120 vermes;
701 2053 737 2107 et
760 2044 896 2124 insuper
915 2043 1007 2125 quod
1030 2045 1074 2107 sit
1098 2044 1131 2106 in
1155 2042 1315 2117 omnibus

194 2136 353 2219 subjedtis
370 2139 465 2219 regni
479 2137 693 2220 vegetabilis
707 2137 752 2200 ab
763 2137 848 2200 oleis
864 2147 899 2200 et
916 2138 1037 2218 palmis
1054 2159 1159 2220 usque
1175 2139 1219 2201 ad
1236 2158 1313 2220 gra·

194 2232 330 2296 minula.
369 2231 470 2314 Quod
484 2233 569 2296 haec
582 2232 727 2315 sphaera
743 2232 964 2296 universalior
977 2236 1021 2298 sit
1033 2234 1178 2314 sphaera
1191 2234 1313 2298 caloris

193 2337 229 2391 et
247 2326 341 2402 lucis,
362 2349 448 2410 quae
468 2328 622 2410 procedit
642 2348 662 2389 a
680 2327 754 2390 sole
773 2328 880 2390 nostri
900 2329 1028 2401 mundi,
1049 2329 1138 2391 ratio
1157 2327 1313 2392 convinci

192 2432 310 2505 potest
327 2444 372 2486 ex
389 2444 440 2498 eo,
455 2423 545 2505 quod
563 2424 666 2487 etiam
683 2433 843 2504 operetur
858 2424 891 2484 in
911 2423 1068 2486 absentia
1088 2424 1210 2487 caloris
1229 2423 1310 2504 ejus,

193 2529 231 2582 ut
261 2518 383 2592 hieme,
408 2528 444 2581 et
473 2520 506 2580 in
537 2517 693 2580 absentia
724 2516 806 2580 lucis
836 2517 917 2599 ejus,
942 2528 980 2582 ut
1011 2516 1123 2594 nocte,
1148 2519 1312 2600 imprimis

192 2614 282 2694 apud
301 2613 476 2688 homines;
500 2613 590 2694 quod
611 2614 658 2675 ita
676 2622 846 2693 operetur,
863 2622 918 2676 est
933 2614 1011 2695 quia
1026 2623 1080 2677 est
1099 2635 1117 2678 e
1134 2613 1208 2677 sole
1227 2613 1311 2678 caeli

192 2708 349 2789 angelici,
363 2717 399 2771 et
416 2708 494 2770 inde
511 2718 564 2770 est
581 2718 744 2771 constans
764 2709 924 2789 aequatio
940 2707 1063 2771 caloris
1081 2718 1118 2772 et
1137 2709 1232 2785 lucis,
1246 2709 1310 2774 hoc

192 2816 258 2877 est,
279 2800 472 2884 conjundiio
495 2803 575 2865 boni
602 2812 639 2865 et
661 2805 731 2865 veri
749 2823 756 2879 ;
791 2813 845 2865 est
865 2803 953 2865 enim
973 2803 1006 2865 in
1026 2805 1191 2867 continuo
1209 2824 1310 2884 vere;

193 2898 400 2962 mutationes
420 2896 499 2959 boni
515 2906 553 2959 et
573 2898 654 2970 veri,
668 2918 727 2960 seu
744 2896 865 2960 caloris
884 2905 920 2959 et
940 2896 1024 2959 lucis
1043 2896 1124 2978 ejus,
1142 2917 1212 2961 non
1232 2909 1310 2964 sunt

192 2993 398 3054 variationes
422 2990 502 3070 ejus,
523 2991 609 3053 sicut
633 3001 712 3054 sunt
729 2992 935 3054 variationes
958 2991 992 3053 in
1016 2992 1115 3053 terris
1134 3012 1179 3054 ex
1194 3003 1309 3059 muta·

194 3087 345 3151 tionibus
369 3085 491 3149 caloris
515 3094 550 3148 et
574 3084 658 3147 lucis
681 3106 725 3148 ex
748 3085 821 3149 sole
843 3085 899 3159 ibi,
917 3086 977 3148 sed
1001 3086 1154 3150 oriuntur
1183 3085 1263 3151 illae
1292 3108 1313 3152 a

191 3179 351 3262 subjectis
370 3201 456 3262 quae
475 3180 652 3261 recipiunt.

255 3290 348 3357 223.
380 3274 480 3357 (xiv.)
508 3275 604 3352 Quod
617 3274 697 3337 haec
714 3273 861 3355 sphaera
878 3275 1061 3356 recipiatur
1077 3297 1100 3339 a
1114 3297 1197 3340 sexu
1206 3278 1310 3359 semi·

192 3371 279 3445 nino,
293 3380 325 3432 et
334 3369 494 3450 perhanc
509 3370 742 3449 transferatur
755 3369 790 3430 in
807 3390 922 3432 sexum
937 3369 1310 3454 masculinum-Quod

192 3465 282 3548 apud
305 3484 426 3529 sexum
443 3464 665 3527 masculinum
690 3483 757 3525 non
781 3464 824 3526 sit
848 3462 967 3545 aliquis
985 3484 1081 3528 amor
1099 3464 1309 3547 conjugialis,

192 3561 254 3623 sed
285 3559 376 3641 quod
400 3558 509 3622 solum
533 3568 586 3622 est
610 3558 700 3638 apud
722 3575 844 3620 sexum
875 3558 1081 3634 femininum,
1107 3570 1142 3624 et
1172 3561 1217 3624 ab
1245 3560 1310 3626 hoc

191 3655 414 3719 transferatur
436 3655 470 3716 in
494 3654 728 3729 masculinum,
748 3653 816 3715 vidi
839 3663 1006 3717 testatum
1029 3655 1074 3718 ab
1097 3657 1312 3736 experientia

193 3748 252 3834 (de
270 3770 337 3832 qua
355 3768 456 3829 supra
475 3768 507 3811 n.
532 3747 626 3830 161):
651 3749 703 3811 cui
720 3749 824 3811 etiam
847 3748 1075 3828 adstipulatur
1096 3746 1182 3813 haec
1202 3751 1309 3827 ratio;

190 3845 282 3928 quod
305 3844 412 3907 forma
434 3843 621 3906 masculina
644 3844 688 3906 sit
711 3843 818 3905 forma
843 3841 1095 3917 intellectualis,
1116 3861 1156 3907 ac
1184 3843 1310 3923 semina

191 3942 236 4003 sit
263 3940 369 4003 forma
387 3937 600 4014 voluntaria;
633 3949 669 4000 et
695 3937 804 4000 forma
830 3935 1072 4000 intelleCiualis
1095 3957 1165 4000 non
1192 3946 1309 4020 potest

191 4035 362 4098 calescere
385 4033 498 4096 calore
521 4030 701 4114 conjugiali
721 4053 741 4095 a
759 4052 806 4107 se,
826 4032 886 4094 sed
910 4052 931 4095 a
952 4032 1067 4095 calore
1090 4029 1308 4114 conjunctivo

191 4128 341 4210 alicujus,
366 4128 419 4191 cui
451 4126 509 4190 ille
542 4148 562 4190 a
594 4127 767 4190 creatione
800 4126 1025 4207 implantatus
1057 4136 1131 4205 est;
1166 4127 1308 4209 proinde

191 4243 260 4286 non
287 4232 404 4305 potest
430 4223 581 4303 recipere
603 4221 696 4284 illum
723 4241 884 4296 amorem,
905 4222 969 4284 nisi
992 4241 1052 4303 per
1080 4221 1225 4286 sormam
1248 4222 1310 4287 sibi

191 4316 385 4398 adjunilam
400 4317 627 4380 voluntariam
644 4317 798 4390 feminae,
814 4317 891 4398 quia
910 4317 993 4380 haec
1013 4317 1116 4379 etiam
1133 4327 1187 4381 est
1203 4317 1310 4381 forma

192 4413 327 4477 amoris.
383 4412 480 4478 Idem
510 4411 575 4475 hoc
609 4411 754 4492 amplius
783 4420 901 4493 posset
929 4410 1120 4476 confirmari
1149 4433 1196 4477 ex
1227 4432 1305 4477 con·
