2782 5026
377 110 426 159 ua
449 108 584 160 nunna
606 109 923 177 couJuomm-u.
941 115 1016 178 411.
1194 115 1253 183 315

124 282 220 357 viris,
232 289 272 344 ut
291 279 530 364 supradictum
541 291 616 346 est:
641 283 720 346 inde
732 292 796 358 est,
808 284 899 365 quod
915 284 948 345 in
965 283 1122 346 domibus
1139 283 1172 347 in
1183 285 1257 367 qui-

124 377 193 440 bus
210 396 284 440 non
300 388 356 440 est
372 398 468 440 amor
483 378 685 460 conjugialis
698 379 788 441 inter
804 379 912 440 virum
928 388 963 441 et
982 399 1136 454 uxorem,
1151 401 1257 462 usque

126 483 253 536 tamen
284 473 332 535 sit
362 462 450 555 apud
482 492 637 547 uxorem,
658 482 693 536 et
725 493 785 553 per
807 472 902 535 illum
926 471 1039 555 aliqua
1063 472 1258 554 conjunctio

124 578 284 631 externa
302 587 379 630 cum
396 569 479 630 viro.
525 567 581 630 Ex
601 568 722 631 eadem
746 567 809 630 hac
830 587 932 630 causa
955 576 1020 641 est,
1041 570 1257 650 quodetiam

126 674 252 727 scorta
270 674 389 726 ament
413 683 491 725 suas
514 664 718 746 progenies3
753 682 832 725 nam
852 664 885 725 id
909 665 1001 744 quod
1030 685 1050 726 a
1080 668 1256 730 creatione

126 757 381 840 implantatum
415 769 469 822 est
503 759 692 834 animabus,
723 768 759 821 et
793 755 928 839 spectat
959 762 1256 841 propagationem,

124 856 321 920 indelebile
340 865 376 918 et
395 856 657 937 inexstirpabile
677 864 738 917 est.

196 965 299 1032 410.
324 948 429 1032 (xix.)
456 948 553 1027 Quod
566 970 662 1013 amor
680 951 848 1028 infantum
862 960 1094 1030 postmortem
1113 962 1256 1027 maneat,
1320 1000 1326 1014 .

126 1045 306 1126 imprimis
324 1046 419 1125 apud
434 1044 799 1108 mulz'eres.-Insantes
823 1055 859 1107 ut
884 1047 1028 1126 primum
1052 1049 1258 1111 exsuscitati

125 1150 227 1215 sunt,
242 1141 334 1222 quod
353 1139 391 1203 fit
411 1141 530 1203 statim
550 1150 630 1222 post
647 1141 789 1214 obitum,
807 1140 987 1202 elevantur
1006 1142 1038 1203 in
1056 1141 1200 1215 caelum,
1218 1160 1258 1204 ac

127 1237 321 1300 traduntur
338 1235 470 1316 angelis
490 1236 545 1317 qui
568 1256 587 1299 e
611 1256 698 1299 sexu
720 1237 883 1298 feminino
907 1246 998 1309 sunt,
1019 1257 1105 1317 quae
1129 1237 1162 1298 in
1185 1237 1259 1300 vita

129 1331 289 1412 corporis
307 1331 357 1393 sui
376 1331 410 1392 in
430 1331 557 1393 mundo
568 1340 770 1393 amaverunt
787 1331 947 1404 infantes,
958 1342 994 1393 et
1014 1331 1113 1393 simul
1133 1331 1258 1394 timue·

128 1435 216 1489 runt
236 1425 347 1488 Deum
364 1447 371 1503 ;
395 1425 460 1489 hae
479 1427 557 1508 quia
576 1447 621 1489 ex
641 1427 870 1489 teneritudine
890 1436 1047 1488 materna
1066 1446 1188 1488 omnes
1206 1426 1257 1488 in·

126 1521 248 1585 fantes
264 1531 476 1594 amaverant,
495 1520 663 1602 recipiunt
683 1520 761 1583 illos
777 1522 865 1583 sicut
882 1541 972 1593 suos,
990 1540 1029 1583 ac
1047 1520 1196 1584 infantes
1212 1521 1257 1583 ibi

127 1616 224 1679 sicut
242 1635 288 1678 ex
304 1615 409 1678 insito
425 1624 544 1679 amant
562 1615 640 1678 illas
656 1626 821 1698 tanquam
838 1636 916 1678 suas
934 1626 1083 1693 matres;
1108 1617 1257 1680 totidem

124 1710 286 1774 infantes
302 1719 382 1772 sunt
402 1711 491 1792 apud
511 1710 599 1784 illas,
620 1719 703 1791 quot
727 1732 772 1772 ex
796 1709 965 1792 spirituali
985 1719 1101 1790 storge
1121 1711 1257 1774 deside·

126 1815 223 1868 rant.
271 1803 424 1879 Caelum,
445 1805 500 1867 ubi
531 1805 680 1867 infantes
710 1814 801 1879 sunt,
823 1814 966 1886 apparet
997 1815 1192 1867 antrorsum
1222 1806 1257 1867 in

124 1900 276 1981 regione
293 1899 426 1974 frontis,
444 1901 477 1962 in
498 1899 588 1962 linea
608 1920 668 1962 seu
687 1900 783 1962 radio
799 1919 866 1981 quo
882 1899 998 1980 angeli
1014 1897 1142 1963 directe
1158 1919 1257 1982 spec·

127 2004 213 2057 tant
231 1993 438 2070 Dominum;
462 1995 548 2057 situs
564 1993 653 2056 illius
670 1994 756 2057 caeli
773 1995 818 2057 ibi
835 2005 899 2068 est,
917 1995 994 2075 quia
1011 2014 1131 2056 omnes
1146 1994 1257 2057 insan-

128 2098 189 2151 tes
224 2090 287 2151 sub
324 2090 526 2152 immediato
555 2090 714 2171 auspicio*
740 2089 879 2151 Domini
907 2090 1115 2166 educantur;
1150 2089 1258 2152 influit

130 2185 241 2248 etiam
271 2184 363 2267 apud
396 2185 474 2247 illos
505 2184 637 2247 caelum
666 2185 892 2256 innocentiae,
918 2184 1008 2265 quod
1039 2193 1093 2246 est
1122 2183 1256 2246 caelum

131 2280 297 2342 tertium:
331 2289 409 2360 post
438 2289 592 2342 aetatem
619 2279 707 2342 hanc
732 2280 875 2360 primam
900 2276 1085 2361 peractam,
1110 2278 1257 2341 transfe-

131 2385 256 2437 runtur
274 2376 307 2437 in
328 2374 419 2436 aliud
439 2376 583 2448 caelum,
605 2375 659 2437 ubi
678 2376 903 2437 instruuntur.

198 2483 292 2552 411.
317 2467 410 2550 (xx.)
437 2468 534 2546 Quod
548 2469 695 2548 infantes
711 2468 772 2532 sub
787 2468 934 2549 auspicii)
949 2468 1088 2531 Domini
1098 2467 1258 2548 perillus

131 2562 320 2636 educentur,
330 2585 368 2626 ac
376 2574 550 2627 staturae!
558 2564 781 2645 intelligentia
791 2574 938 2626 crescant
947 2563 1031 2625 sicut
1040 2563 1074 2624 in
1085 2563 1259 2625 mundo,—

138 2659 291 2722 Infantes
315 2661 350 2721 in
369 2658 466 2721 caelo
486 2659 676 2721 educantur
692 2659 758 2721 hoc
778 2659 901 2721 modo:
934 2679 954 2721 a
977 2679 1038 2720 sua
1061 2658 1258 2721 educatrice

135 2753 273 2817 discunt
292 2754 384 2834 loqui
397 2774 405 2831 ;
430 2752 568 2834 loquela
579 2753 714 2816 illorum
728 2753 836 2834 prima
852 2762 906 2815 est
921 2754 1025 2815 modo
1038 2773 1141 2815 sonus
1155 2752 1258 2815 affec-

138 2850 250 2923 tionis,
272 2850 306 2911 in
337 2868 404 2929 quo
427 2857 543 2910 tamen
567 2858 621 2909 est
645 2848 772 2929 aliquid
802 2848 931 2911 initiale
955 2848 1187 2928 cogitationis,
1211 2868 1257 2910 ex

136 2963 203 3024 quo
222 2943 408 3007 humanum
427 2943 462 3004 in
481 2962 567 3004 sono
583 2942 807 3022 distinguitur
825 2962 845 3004 a
864 2962 950 3004 sono
969 2941 1147 3016 animalis;
1171 2942 1257 3005 haec

138 3036 273 3119 loquela
292 3059 353 3119 per
371 3039 497 3119 gradus
514 3034 707 3099 distinctior
726 3034 774 3109 fit,
792 3036 881 3099 sicut
898 3036 995 3098 ideae
1014 3057 1058 3098 ex
1078 3033 1258 3099 affectione

138 3133 389 3213 cogitationem
423 3133 576 3208 intrant;
611 3151 731 3193 omnes
761 3131 895 3193 illorum
931 3128 1139 3204 affectiones,
1170 3150 1256 3212 quae

140 3228 241 3289 etiam
258 3236 429 3301 crescunt,
444 3227 635 3308 procedunt
649 3226 692 3288 ab
705 3226 912 3288 innocentia.
960 3224 1032 3286 lllis
1046 3226 1259 3286 insinuantur

139 3322 281 3400 primum
305 3321 400 3395 talia,
420 3341 507 3402 quae
530 3332 612 3383 ante
636 3320 755 3382 oculos
779 3329 957 3401 apparent,
983 3329 1017 3381 et
1040 3317 1255 3382 delectabilia

140 3427 236 3492 sunt;
261 3436 348 3498 quae
367 3417 445 3497 quia
464 3436 508 3478 ex
532 3416 663 3496 origine
682 3415 848 3495 spirituali
869 3423 957 3486 sunt,
979 3415 1011 3476 in
1036 3413 1094 3475 illa
1113 3412 1254 3476 influunt

139 3509 235 3572 simul
252 3531 340 3593 quae
356 3509 443 3572 caeli
459 3520 551 3584 sunt,
566 3530 625 3590 per
642 3531 729 3591 quae
745 3510 943 3590 aperiuntur
956 3508 1116 3570 interiora
1132 3508 1258 3569 mentis

139 3603 281 3668 illorum.
328 3605 409 3668 Post
429 3605 525 3680 haec,
544 3605 703 3678 infantes,
721 3605 807 3667 sicut
825 3602 1042 3685 perficiuntur
1058 3601 1257 3682 intelligen-

141 3701 196 3774 tia,
216 3701 268 3763 ita
286 3710 446 3764 crescunt
466 3709 608 3774 statura,
630 3719 669 3761 ac
690 3696 887 3781 spectantur
906 3697 1010 3759 etiam
1030 3696 1143 3778 quoad
1167 3694 1256 3757 hanc

140 3795 346 3858 adultiores:
382 3814 486 3857 causa
509 3803 572 3869 est,
597 3795 675 3877 quia
697 3792 931 3874 intelligentia
954 3801 989 3853 et
1013 3791 1181 3871 sapientia
1204 3798 1259 3852 est

140 3888 211 3970 ipsa
230 3891 374 3953 nutritio
390 3889 594 3972 spiritualis;
619 3890 747 3952 idcirco
763 3888 833 3960 illa,
851 3908 936 3968 quae
954 3887 1105 3948 nutriunt
1122 3895 1258 3947 mentes

141 3983 284 4059 illorum,
303 3986 407 4048 etiam
427 3986 472 4048 ibi
496 3986 649 4047 nutriunt
669 4003 812 4064 corpora
831 3982 975 4044 illorum.
1022 3979 1089 4042 Sed
1110 3979 1258 4041 infantes

141 4079 293 4145 incaelo
317 4101 386 4143 non
409 4081 612 4143 adolescunt
631 4078 838 4160 ultraquam
861 4077 904 4138 ad
929 4076 1072 4158 primam
1092 4082 1256 4148 aetatem,
