2782 5026
206 456 252 522 68
557 473 739 526 numeras
762 475 991 526 sarrsnrma

209 639 269 696 teis
283 648 314 694 et
332 637 404 695 ioris
418 638 610 696 lustravimus
624 641 689 712 ejus
705 642 828 698 domos:
846 653 932 698 erant
947 643 1075 699 totidem
1092 645 1212 716 palatia,
1228 645 1318 702 stmti
1340 670 1383 689 κ

210 735 249 774 ex
257 735 419 780 marmore:
434 730 504 774 ante
515 720 565 775 illa
573 732 658 776 erant
667 723 778 793 gradus
787 738 825 777 ex
834 723 990 786 alabastro,
997 735 1028 778 et
1038 725 1075 778 ad
1087 725 1182 780 latera
1191 724 1383 798 gradnurss

209 798 367 853 columnae
380 814 417 853 ex
429 799 562 870 iaspide:
579 800 711 855 vidimus
720 801 810 856 etiam
824 803 936 873 templa
947 819 984 856 ex
997 803 1130 874 pretioso
1143 804 1244 876 lapide
1256 807 1383 862 colo·d

211 878 252 932 ris
270 878 435 949 sapphirini
454 888 485 933 et
503 879 621 935 lazurei.
660 880 698 935 Et
722 881 799 935 dixit
817 882 890 935 mihi
913 883 1044 953 angelus,
1058 882 1201 939 “Domus
1220 884 1278 940 illis
1300 894 1383 941 et-

211 957 360 1028 lapidibus
375 968 453 1021 sunt,
463 958 534 1030 quia
546 959 661 1030 lapides
674 959 842 1032 significant
853 961 997 1016 veritates
1010 963 1168 1025 naturales,
1179 974 1212 1019 et
1224 964 1383 1036 lapidea

213 1037 334 1108 pretiosi
349 1037 490 1092 veritates
505 1037 690 1109 spirituales:
708 1049 739 1093 et
754 1040 894 1095 omnibus
910 1040 974 1102 illis,
989 1041 1041 1112 qui
1058 1041 1087 1095 in
1103 1053 1250 1113 argenteo
1265 1053 1383 1099 aevo

210 1116 357 1178 vixerunt,
368 1116 425 1170 fuit
435 1116 632 1189 intelligentia
643 1135 681 1173 ex
692 1118 868 1174 veritatibus
878 1119 1080 1191 spiritualibus
1092 1133 1124 1176 et
1138 1121 1210 1177 inde
1221 1133 1383 1178 naturar-

213 1195 305 1258 libus:
324 1196 420 1251 simile
433 1196 523 1250 etiam
537 1197 684 1268 significat
696 1199 882 1268 argentum'·

267 1273 302 1328 ln
327 1275 536 1346 perlustrando
555 1277 667 1338 urbem,
684 1278 816 1332 vidimus
835 1277 884 1332 hic
908 1287 939 1333 et
964 1278 1004 1333 ibi
1022 1290 1187 1342 consortes,
1208 1280 1293 1352 paria
1309 1287 1383 1336 et!

214 1354 310 1425 paria:
332 1365 363 1409 et
378 1355 449 1426 quia
463 1368 548 1410 erant
564 1356 661 1411 mariti
677 1367 708 1412 et
723 1373 840 1418 uxores,
856 1356 1101 1428 exspeliavimus,
1118 1371 1152 1413 ut
1167 1359 1281 1414 alieubi
1297 1361 1383 1414 in·-

211 1434 388 1497 vitaremur;
407 1444 438 1489 et
453 1451 521 1490 cum
536 1436 593 1490 hoc
607 1435 637 1489 in
651 1436 753 1490 animo
766 1447 836 1497 erat,
851 1436 880 1490 in
897 1438 1080 1493 transeundo
1093 1440 1311 1494 revocabamur
1322 1449 1383 1495 κ

212 1513 331 1568 duobus
344 1514 374 1567 in
387 1515 521 1576 domum,
532 1531 566 1569 ac
579 1516 776 1577 ascendimus,
787 1526 818 1570 et
832 1516 1024 1571 intravimus:
1042 1527 1073 1570 et
1086 1519 1213 1588 angelus
1223 1535 1279 1589 pro
1292 1528 1383 1574 mc:

211 1593 332 1647 locutus
346 1610 414 1647 cum
429 1593 488 1648 illis
499 1595 615 1665 aperuit
624 1611 743 1649 causam
753 1596 899 1649 adventus
915 1596 944 1650 in
958 1595 1017 1650 hoc
1030 1596 1154 1658 caelum,
1166 1598 1250 1667 quod
1262 1600 1383 1653 essetz

213 1679 229 1700 ‘⁴
236 1684 359 1743 propter
368 1672 594 1729 instruciionem
604 1675 642 1728 de
651 1674 801 1745 conjugiis
808 1676 887 1745 apud
898 1675 1071 1746 antiquos,e
1081 1675 1193 1746 quibus
1201 1693 1259 1732 vos
1268 1677 1383 1732 estin

213 1751 289 1806 hic.''

268 1830 306 1885 Et
321 1830 547 1902 responderunt,
563 1831 652 1887 “Nos
667 1830 780 1887 luimus
804 1849 841 1887 ex
861 1833 980 1904 populis
1001 1833 1031 1886 in
1054 1833 1135 1895 Asia,
1149 1849 1185 1889 ac
1204 1835 1338 1889 studium
1370 1872 1383 1880 -

213 1921 332 1965 nostrae
342 1911 450 1966 aetatis
459 1910 517 1965 fuit
526 1911 659 1966 studium
668 1912 837 1974 veritatum,
848 1929 901 1983 per
912 1929 987 1984 quas
999 1913 1086 1968 nobis
1096 1913 1155 1967 fuit
1168 1913 1383 1986 intelligenw‘

212 1989 271 2052 tia:
291 1990 349 2044 hoc
362 1991 494 2044 studium
506 1991 602 2045 iuerat
613 1991 730 2046 animae
743 2002 774 2045 et
787 1992 897 2046 mentis
908 2003 1026 2046 nostrae
1039 1992 1171 2046 studium
1184 2009 1191 2054 ;
1210 1994 1264 2048 sed
1278 2004 1362 2048 stur

213 2069 296 2124 diurn
310 2086 451 2125 sensuum
464 2086 623 2142 corporum
640 2081 812 2126 nostrorum
828 2069 946 2125 inerant
961 2071 1251 2142 repraesentationes
1263 2073 1345 2127 veri-

213 2159 310 2203 tatum
325 2149 354 2203 in
368 2148 480 2212 formis,
491 2167 526 2204 ac
539 2150 664 2205 scientia
675 2150 1006 2221 correspondentiamm
1019 2150 1177 2220 conjunxit
1190 2152 1351 2206 sensualia

213 2244 372 2300 corporum
391 2240 562 2285 nostrorum
587 2246 655 2284 cum
682 2229 923 2301 perceptionibus
942 2229 1088 2283 mentium
1107 2239 1290 2294 nostrarum,
1308 2241 1339 2285 et

213 2308 384 2364 conciliavit
397 2309 484 2365 nobis
497 2309 752 2381 intelligentiam.”

269 2387 326 2444 His
348 2388 467 2453 auditis,
484 2389 601 2462 rogavit
614 2389 746 2462 angelus,
762 2397 797 2442 ut
814 2387 927 2459 aliquid
947 2387 984 2442 de
1003 2387 1154 2460 conjugiis
1171 2389 1254 2459 apud
1274 2387 1341 2443 lllos

213 2467 365 2524 referrent.

268 2548 306 2603 Et
316 2548 393 2602 dixit
403 2548 534 2611 maritus,
546 2555 561 2577 ¹¹
572 2547 625 2602 Est
634 2546 898 2618 correspondentia
909 2545 1167 2617 interconjugium
1176 2545 1340 2616 spirituale,

213 2628 295 2698 quod
312 2638 358 2682 est
372 2627 435 2683 veri
451 2643 519 2682 cum
536 2627 625 2689 bono,
639 2637 670 2681 et
685 2626 763 2681 inter
777 2625 950 2697 conjugium
967 2625 1109 2686 naturale,
1123 2624 1205 2696 quod
1222 2635 1270 2680 est
1284 2625 1340 2691 viri

213 2723 282 2762 cum
298 2723 357 2760 una
372 2723 481 2768 uxore:
500 2717 531 2762 et
546 2706 616 2777 quia
631 2705 801 2761 studuimus
816 2703 1096 2775 correspondentiis,
1109 2703 1242 2759 vidimus
1257 2705 1339 2776 quod

213 2785 339 2841 ecclesia
357 2803 425 2840 cum
441 2786 503 2840 suis
516 2785 594 2841 veris
609 2797 640 2840 et
658 2786 745 2840 bonis
761 2801 948 2856 nequaquam
966 2783 1029 2837 dari
1045 2783 1139 2854 possit
1154 2784 1236 2854 apud
1255 2784 1340 2846 alios,

214 2881 303 2936 quarn
317 2865 369 2936 qui
383 2865 413 2919 in
426 2880 528 2920 amore
539 2880 608 2918 vere
621 2863 782 2935 eonjugiali
796 2880 864 2918 cum
879 2879 938 2917 una
951 2879 1044 2917 uxore
1057 2862 1177 2924 vivunt:
1196 2873 1244 2918 est
1257 2863 1339 2918 enim

213 2945 388 3016 conjugium
404 2943 475 2998 boni
494 2952 525 2998 et
539 2944 600 2998 veri
617 2943 743 2997 ecclesia
760 2943 839 3013 apud
860 2942 1029 3004 hominem;
1048 2957 1139 3012 quare
1155 2957 1264 2997 omnes
1283 2958 1340 2997 nos

214 3024 265 3095 qui
279 3023 328 3077 hic
339 3039 448 3084 sumus,
459 3022 593 3083 dicimus,
604 3022 686 3093 quod
701 3022 825 3076 maritus
837 3022 876 3077 sit
888 3038 1000 3084 verum,
1011 3031 1042 3075 et
1054 3037 1130 3074 uxor
1142 3021 1209 3091 ejus
1219 3021 1341 3084 bonum,

214 3113 246 3158 et
258 3102 339 3173 quod
350 3104 462 3157 bonum
475 3118 535 3155 non
547 3101 641 3172 possit
650 3117 748 3156 amare
757 3101 837 3155 aliud
847 3118 949 3155 verum
959 3116 1047 3172 quam
1062 3116 1157 3161 suum,
1169 3115 1225 3155 nec
1234 3116 1340 3155 verum

215 3182 369 3237 redamare
384 3181 464 3236 aliud
481 3181 592 3236 bonum
609 3197 699 3252 quam
715 3197 817 3243 suum:
837 3180 861 3235 si
874 3180 964 3242 aliud,
979 3180 1088 3250 periret
1102 3179 1280 3251 conjugium
1296 3179 1342 3233 in·

215 3273 342 3322 temum,
358 3262 439 3332 quod
460 3260 531 3315 iacit
545 3260 709 3321 ecclesiam,
725 3270 756 3314 et
775 3259 860 3314 fieret
878 3259 1052 3330 conjugium
1066 3259 1158 3313 modo
1170 3268 1341 3321 externum,

214 3340 263 3396 cui
277 3340 446 3395 idololatria
458 3351 489 3394 et
502 3356 562 3394 non
573 3338 698 3394 ecclesia
712 3338 940 3409 correspondet:
957 3338 1067 3392 idcirco
1082 3337 1257 3409 eonjugium
1271 3355 1340 3394 curn

215 3436 275 3475 una
294 3436 396 3482 uxore,
410 3435 553 3474 vocamus
571 3419 797 3480 sacrimonium;
821 3428 853 3472 at
871 3417 895 3473 si
915 3417 1000 3472 fieret
1021 3417 1242 3488 cumpluribus
1259 3420 1340 3490 apud

215 3516 279 3561 nos,
292 3515 468 3554 vocaremus
481 3497 554 3552 illud
568 3497 784 3569 sacrilegium.”
953 3543 956 3549 .

271 3579 328 3634 His
341 3577 436 3640 dictis,
451 3575 613 3632 introdueli
627 3593 729 3631 sumus
745 3576 774 3629 in
788 3575 1026 3633 antithalamum.
1038 3575 1089 3629 ubi
1104 3574 1189 3645 plura
1200 3576 1341 3633 techniea

215 3675 305 3730 super
318 3658 486 3729 parietibus,
497 3668 528 3711 et
538 3656 681 3728 imagines
694 3672 801 3727 parvae
814 3655 891 3709 sicut
904 3655 985 3711 lusae
998 3671 1036 3710 ex
1048 3664 1174 3726 argento
1187 3666 1292 3721 erant;
1310 3666 1341 3711 et

215 3738 357 3811 quaesivi,
372 3735 479 3808 “Quid
495 3737 544 3790 illa
554 3734 584 3791 ?''

271 3818 426 3878 Direrunt,
450 3816 552 3871 “Sunt
574 3813 751 3885 picioraeet
774 3812 888 3868 formae
913 3812 1182 3884 repraesentativae
1207 3813 1339 3885 plurium

217 3898 402 3968 qualitatum,
414 3894 678 3968 praedicationum,
689 3902 720 3947 et
731 3893 963 3963 jucunditatum,
973 3909 1049 3964 quae
1062 3891 1173 3946 amoris
1185 3893 1341 3964 conjugia·

217 3976 254 4032 lis
267 3987 352 4032 sunt:
371 3975 427 4029 hae
441 3983 664 4044 repraesentant
676 3972 821 4026 unitatem
835 3971 1009 4033 animarum,
1024 3972 1079 4025 hae
1092 3969 1338 4041 conjunc'iionem

218 4056 372 4117 mentium,
386 4055 442 4108 hae
455 4052 645 4108 concordiam
661 4049 824 4122 pedlorum,
839 4051 905 4104 illae
918 4050 1040 4105 delicias
1053 4049 1122 4104 inde
1135 4050 1307 4107 oriundas.”

273 4135 307 4190 ln
321 4134 475 4189 lustrando
488 4131 619 4188 vidimus
631 4131 708 4185 sicut
723 4130 827 4184 iridem
842 4146 931 4200 super
943 4130 1062 4200 pariete,
1076 4145 1114 4183 ex
1126 4129 1224 4185 tribus
1235 4129 1342 4186 colori·

218 4216 274 4269 bus
285 4224 482 4275 constantem,
494 4227 651 4283 purpureo,
662 4209 865 4281 hyacinthino,
876 4218 908 4263 et
920 4208 1049 4262 candido
1059 4226 1065 4270 ;
1084 4218 1115 4262 et
1124 4207 1258 4265 vidimus
1270 4225 1344 4282 quo·

220 4295 311 4349 modo
324 4294 409 4350 color
421 4307 588 4363 purpureus
598 4290 738 4344 transiret
747 4288 984 4360 hyacinthinum,
996 4299 1027 4342 et
1040 4286 1170 4359 tingeret
1180 4289 1341 4344 candidum

219 4373 320 4427 colore
335 4388 455 4444 cyaneo,
469 4381 499 4426 et
515 4370 595 4440 quod
613 4369 661 4423 hic
674 4369 756 4422 color
769 4367 906 4422 reflueret
919 4384 972 4437 per
984 4365 1211 4438 hyacinthinum
1228 4368 1259 4423 in
1277 4385 1344 4442 pur·

221 4469 355 4523 pureum,
370 4465 401 4506 et
414 4451 494 4505 hunc
507 4452 637 4505 elevaret
650 4449 726 4502 sicut
741 4447 770 4500 in
784 4447 871 4516 jubar
884 4445 1063 4501 flammeum.
