2850 5026
400 467 451 518 oa
473 462 952 530 xuoxscouJuorxt1.-u.
974 448 1022 530 56.
1231 463 1269 544 53

206 635 298 700 Dixit,
312 635 408 691 “Non
424 632 595 696 sum‘soius
609 649 685 689 uxor
698 648 815 688 mecum
828 642 883 695 est,
896 642 927 687 et
946 647 1001 687 nos
1016 646 1118 686 sumus
1133 630 1202 692 duo,
1217 631 1268 685 sed

155 732 244 788 usque
257 733 317 770 non
332 717 402 778 du0,
415 715 467 770 sed
482 731 541 768 una
554 713 650 768 caro.”

204 796 247 850 At
265 795 336 858 dixi,
350 794 446 849 “Scio
464 795 546 865 quod
565 793 683 863 sapiens
702 792 760 854 sis;
778 801 809 846 et
827 791 898 863 quid
920 790 1038 860 sapiens
1056 805 1108 844 seu
1127 788 1272 859 sapientia

154 889 220 929 curn
240 872 390 929 lemina?'¹

204 954 253 1008 Ad
273 953 348 1007 haec
363 952 472 1023 hospes
484 968 521 1007 ex
534 951 662 1023 quadam
677 949 884 1021 indignatione
897 949 1068 1002 mutabatur
1080 947 1162 1008 facie,
1176 956 1207 1001 et
1222 963 1272 1001 ex·

153 1032 320 1103 porrigebat
331 1047 460 1094 manum,
471 1041 502 1085 et
513 1047 582 1085 ecce
592 1041 665 1084 tunc
675 1045 711 1083 ex
724 1028 866 1083 aediculis
877 1027 1052 1099 propinquis
1060 1026 1109 1081 alii
1121 1027 1272 1096 sapientes

154 1112 282 1172 aderant,
296 1111 405 1182 quibus
422 1110 553 1181 jocando
571 1109 656 1170 dixit,
670 1107 809 1162 “Noster
827 1108 943 1163 advena
961 1106 1010 1161 hic
1028 1106 1208 1161 sciscitando
1228 1105 1272 1159 in·

154 1190 236 1261 quiit‚
250 1188 347 1261 ‘Quid
360 1190 480 1259 sapiens
491 1205 543 1243 seu
556 1187 702 1258 sapientia
714 1203 782 1242 cum
796 1185 935 1241 femina?
946 1186 961 1207 '⁹

205 1269 255 1325 Ad
268 1269 342 1324 haec
352 1268 481 1324 riserunt
490 1283 603 1329 omnes,
614 1277 645 1321 et
658 1268 805 1328 dixerunt,
817 1264 921 1338 “Quid
932 1265 1049 1335 sapiens
1061 1280 1114 1320 seu
1127 1262 1274 1333 sapientia

154 1349 262 1419 absque
277 1347 396 1410 femina.
410 1363 461 1402 seu
477 1347 589 1418 absque
601 1345 723 1401 amore?
758 1344 842 1402 Uxor
856 1354 902 1400 est
916 1360 1001 1399 amor
1012 1343 1175 1414 sapientiae
1193 1342 1272 1413 sapi-

154 1426 256 1482 entis.”

205 1503 264 1560 Sed
275 1505 385 1575 hospes
395 1503 479 1567 dixit,
489 1511 505 1533 ‘⁴
514 1503 730 1559 Consociemur
739 1518 820 1557 nunc
831 1503 933 1572 aliquo
943 1517 1080 1557 sermone
1094 1500 1273 1571 sapientiae:

154 1584 190 1640 sit
202 1600 301 1639 sermo
311 1584 350 1639 de
361 1584 466 1645 causis.
477 1594 508 1638 et
521 1600 602 1638 nunc
612 1584 650 1638 de
660 1598 751 1637 causa
763 1582 995 1652 pulchritudinis
1007 1597 1096 1635 sexus
1107 1580 1273 1635 feminini?

206 1663 327 1718 Ettunc
340 1663 370 1717 in
381 1663 486 1718 ordine
499 1663 592 1717 locuti
606 1672 692 1717 sunt:
708 1672 740 1717 et
750 1662 827 1716 dixit
839 1662 952 1731 primus
965 1661 1179 1722 hanccausam,
1189 1661 1271 1730 quod

154 1741 279 1797 feminae
298 1758 317 1797 a
337 1741 469 1797 Domino
489 1753 605 1797 creatae
625 1742 685 1796 sint
703 1739 879 1796 affectiones
897 1741 1060 1810 sapientiae
1081 1740 1222 1802 virorum.
1241 1749 1273 1794 et

154 1819 271 1876 affeilio
283 1821 447 1890 sapientiae
460 1831 506 1877 est
520 1821 584 1892 ipsa
596 1820 797 1891 pulchritudo.

204 1900 292 1954 Alter
311 1900 389 1954 dixit
409 1900 487 1954 hanc
504 1916 632 1961 causam,
645 1900 727 1971 quod
746 1899 857 1953 femina
872 1915 890 1952 a
906 1897 1038 1953 Domino
1052 1907 1152 1952 creata
1166 1897 1205 1952 sit
1221 1913 1273 1968 per

154 1978 328 2049 sapientiam
340 1979 405 2041 viri,
418 1979 489 2050 quia
501 1995 520 2034 a
533 1979 605 2040 viro.
616 1988 648 2033 et
660 1979 741 2048 quod
758 1979 827 2032 inde
840 1977 880 2032 sit
895 1977 991 2032 forma
1003 1977 1166 2048 sapientiae
1180 1977 1273 2046 inspi-

154 2069 215 2112 rata
226 2055 387 2113 affeilione
396 2059 555 2122 amoris5et
565 2059 635 2129 quia
644 2057 764 2112 affetlio
773 2057 883 2111 amoris
892 2068 940 2111 est
953 2058 1017 2128 ipsa
1025 2058 1096 2118 vita,
1106 2067 1152 2112 est
1162 2056 1274 2111 femina

153 2136 213 2192 vita
224 2136 396 2207 sapientiae.
410 2138 559 2192 masculus
570 2147 671 2192 autem
685 2137 838 2207 sapientia,
849 2153 884 2192 ac
896 2137 959 2191 vita
972 2136 1136 2206 sapientiae
1148 2147 1194 2191 est
1207 2136 1273 2206 ipsa

154 2216 352 2285 pulchritudo.

203 2293 324 2350 Tertius
335 2295 412 2350 dixit
424 2295 501 2349 hanc
514 2311 640 2356 causam,
650 2296 732 2366 quod
745 2293 864 2349 feminis
878 2294 916 2348 sit
926 2294 996 2348 data
1008 2293 1160 2364 perceptio
1170 2293 1272 2348 delici-

152 2389 234 2428 arum
246 2374 357 2429 amoris
369 2373 562 2445 conjugialis;
581 2385 611 2428 et
624 2374 695 2444 quia
706 2384 804 2428 totum
819 2374 933 2428 illarum
946 2389 1055 2443 corpus
1068 2383 1114 2428 est
1126 2388 1271 2444 organum

153 2452 229 2507 illius
249 2454 457 2523 perceptionis,
472 2469 532 2507 non
552 2464 651 2522 potest
670 2453 756 2507 aliter
769 2469 860 2523 quam
880 2462 914 2507 ut
933 2452 1079 2507 habitatio
1097 2453 1269 2507 deliciarum

152 2532 259 2586 amoris
271 2532 448 2603 coniugialia
461 2549 529 2587 cum
544 2548 598 2586 sua
611 2532 801 2602 perceptione
814 2532 854 2586 sit
867 2531 1068 2602 pulchritudo.

204 2609 336 2683 Quartus
348 2611 425 2665 dixit
438 2611 515 2666 hanc
527 2627 654 2672 causam,
668 2613 749 2681 quod
767 2611 914 2667 Dominus
929 2610 1128 2681 desumpserit
1141 2611 1272 2681 pulchri·

153 2689 287 2745 tudinem
301 2700 333 2744 et
345 2690 526 2760 elegantiam
538 2691 619 2745 vitae
632 2706 650 2744 a
662 2690 736 2751 viro,
750 2700 780 2745 et
795 2691 1014 2761 transcripserit
1030 2691 1060 2745 in
1075 2689 1226 2753 feminam,
1239 2703 1271 2744 et

153 2769 231 2840 quod
246 2769 316 2824 inde
328 2769 376 2824 vir
387 2772 498 2841 absque
511 2769 680 2823 reunitione
693 2785 760 2823 cum
774 2786 828 2825 sua
843 2769 1064 2840 pulchritudine
1077 2780 1108 2824 et
1123 2770 1272 2841 elegantia

154 2845 182 2901 in
195 2847 314 2909 femina,
327 2848 366 2902 sit
379 2858 490 2910 torvus
504 2860 650 2910 austerus,
663 2848 761 2903 siccus
776 2859 807 2903 et
823 2849 997 2912 inamabilis.
1010 2859 1042 2904 et
1057 2849 1106 2904 ille
1119 2865 1180 2903 non
1193 2849 1270 2919 sapi-

152 2940 204 2980 ens
215 2936 261 2981 est
274 2926 331 2981 nisi
347 2926 403 2982 sibi
418 2927 483 2989 soli,
497 2937 528 2981 et
543 2927 592 2982 hic
607 2938 652 2982 est
668 2927 811 2989 stolidus:
829 2939 860 2983 at
872 2944 940 2982 cum
956 2928 1002 2982 vir
1016 2928 1119 2982 unitur
1132 2943 1201 2982 cum
1218 2944 1272 2983 sua

153 3005 373 3075 pulchritudine
392 3016 423 3060 et
444 3007 592 3077 elegantia
609 3006 689 3061 vitae
712 3007 742 3061 in
765 3023 865 3070 uxore,
886 3007 920 3062 fit
938 3007 1098 3078 jucundus,
1116 3023 1270 3069 amoenus,

152 3084 236 3139 vivus
248 3094 280 3138 et
291 3086 434 3146 amabilis,
447 3095 478 3140 et
491 3086 533 3141 sic
546 3086 671 3155 sapiens.

203 3162 334 3236 Quintus
349 3165 426 3218 dixit
445 3163 522 3219 hanc
536 3181 663 3227 causam,
680 3165 761 3236 quod
781 3164 908 3220 feminae
926 3175 1043 3221 creatae
1061 3166 1121 3221 sint
1139 3166 1270 3236 pulchri·

153 3243 269 3298 tudines
281 3258 340 3298 non
352 3254 474 3313 propter
484 3260 515 3299 se
525 3244 577 3298 sed
589 3254 712 3314 propter
720 3244 808 3305 viros,
819 3245 915 3299 utviri
925 3262 962 3299 ex
970 3261 1001 3300 se
1010 3245 1076 3299 duri
1086 3246 1269 3306 mollescant.

151 3322 240 3376 animi
255 3321 372 3376 illorum
386 3339 423 3377 ex
435 3339 467 3377 se
480 3339 585 3393 graves
599 3324 765 3384 mitescant,
779 3334 810 3377 et
823 3324 914 3378 corda
927 3325 1045 3378 illorum
1058 3341 1095 3379 ex
1110 3340 1142 3380 se
1161 3325 1269 3397 frigida

151 3400 313 3463 calescant;
332 3411 363 3455 et
376 3402 451 3456 tales
464 3402 548 3462 fiunt,
561 3418 629 3456 cum
646 3402 722 3457 fiunt
735 3419 796 3457 una
810 3418 879 3457 caro
892 3418 959 3457 cum
973 3404 1034 3458 suis
1047 3404 1197 3459 uxoribus.

202 3478 311 3535 Sextus
320 3480 397 3535 dixit
407 3481 484 3535 hanc
496 3497 622 3542 causam.
633 3482 714 3551 quod
727 3483 902 3537 universum
913 3498 932 3537 a
945 3483 1076 3537 Domino
1085 3493 1216 3538 creatum
1229 3484 1270 3538 sit

152 3557 397 3627 perfectissimum
414 3576 506 3630 opus:
530 3571 562 3615 at
580 3561 610 3614 in
630 3562 682 3615 illo
699 3562 772 3615 nihil
789 3560 949 3631 perfectius
963 3573 1095 3617 creatum
1110 3573 1165 3624 est.
1178 3579 1266 3634 quam

151 3635 261 3693 lemina
272 3637 404 3693 iormosa
417 3638 491 3693 facie
504 3650 535 3693 et
547 3640 656 3694 decora
671 3641 812 3702 moribus,
826 3652 947 3711 propter
962 3658 1079 3696 causam
1096 3652 1130 3696 ut
1144 3643 1191 3697 vir
1202 3658 1268 3713 gra-

149 3716 204 3770 tias
214 3728 283 3787 agat
294 3717 425 3771 Domino
436 3728 557 3788 propter
567 3719 646 3773 illam
658 3720 900 3783 munificentiam.
909 3731 940 3775 et
950 3721 1094 3776 retribuat
1105 3737 1157 3792 per
1167 3738 1268 3792 recep·

150 3794 261 3850 tionem
275 3797 438 3866 sapientiae
451 3799 488 3851 ab
503 3797 581 3868 Ipso.

202 3874 366 3945 Postquam
386 3876 460 3930 haec
478 3886 509 3931 et
528 3877 613 3946 plura
626 3877 735 3933 similia
749 3876 830 3933 didla
845 3889 922 3941 sunt,
939 3879 1077 3949 apparuit
1094 3895 1170 3933 uxor
1184 3889 1266 3933 trans

150 3953 290 4022 parietem
304 3955 515 4025 crystallinum,
528 3967 560 4010 et
573 3956 648 4011 dixit
661 3958 699 4011 ad
713 3958 860 4020 maritum.
872 3967 887 3987 ‘⁶
898 3958 1039 4028 Loquere.
1053 3959 1076 4012 si
1091 3959 1187 4028 placet
1197 3958 1221 4019 ;'¹
1235 3969 1266 4012 et

148 4046 215 4085 curn
231 4033 349 4087 locutus
362 4043 416 4094 est.
430 4034 459 4088 in
476 4050 616 4089 sermone
632 4037 848 4105 percipiebatur
860 4037 923 4091 vita
937 4037 1100 4106 sapientiae
1114 4039 1151 4090 ab
1164 4052 1265 4099 uxore,

148 4124 223 4165 sono
235 4111 315 4165 enim
333 4112 467 4182 loquelae
484 4113 578 4168 inerat
592 4130 677 4169 amor
689 4116 771 4186 ejus;
790 4116 832 4170 ita
847 4116 1030 4186 experientia
1045 4116 1205 4171 testificata
1219 4128 1266 4171 est

149 4188 227 4243 illam
240 4191 408 4246 veritatem.

201 4268 276 4323 Post
288 4268 362 4324 haec
375 4269 566 4327 lustravimus
577 4272 723 4343 templum
734 4273 905 4343 sapientiae,
915 4284 946 4328 et
955 4290 1073 4345 quoque
1084 4273 1265 4343 paradisiaca

147 4346 256 4402 circum
272 4347 355 4409 illud.
364 4364 401 4403 ex
410 4350 518 4419 quibus
532 4350 646 4420 impleti
659 4352 775 4422 gaudiis
785 4353 941 4414 abivimus,
952 4365 982 4408 et
995 4352 1185 4408 transivimus
1195 4369 1265 4425 por·

147 4425 239 4480 ticum
253 4428 292 4481 ad
306 4437 431 4497 portam,
443 4439 475 4484 et
489 4445 541 4500 per
553 4430 631 4485 viam
644 4447 786 4487 ascensus
800 4432 1017 4488 descendimus.
