2850 5026
394 465 445 516 un
468 459 946 529 AuouscoujunrnL1.-u.
971 445 1039 527 138.
1213 457 1272 525 117

149 635 237 697 mino,
250 645 283 690 et
296 634 379 706 quod
393 649 482 689 nemo
497 632 593 704 sapiat
608 649 645 687 ex
662 631 802 693 Domino,
816 629 873 686 uisi
888 645 925 685 ex
940 644 1042 684 amore
1055 642 1163 682 usuum
1179 624 1269 681 iaciat

150 731 226 770 usus.

200 793 271 847 Vidi
286 793 379 847 etiam
392 802 465 846 tunc
478 791 618 846 utensilia
630 791 774 844 domuum
789 787 916 848 illorum,
929 802 1007 857 quae
1021 785 1124 841 omnia
1138 793 1224 840 erant
1240 784 1269 838 in

151 873 252 929 formis
265 872 455 934 caelestibus,
468 882 500 927 et
513 870 669 942 fulgebant
681 885 718 924 ex
732 884 806 924 auro
822 867 901 923 sicut
916 866 1089 922 flammante
1103 881 1141 921 ex
1156 864 1271 920 rubinis

152 952 329 1009 intertextis.

539 1140 843 1158 w

648 1325 759 1414 [vu]

436 1525 493 1590 Da
517 1524 644 1590 Casro
667 1539 716 1588 ar
739 1536 821 1588 nou
844 1523 982 1589 Crsno.

211 1716 310 1800 138·
341 1716 511 1799 Quoniam
531 1717 640 1781 adhuc
660 1717 693 1780 in
717 1717 873 1798 ingressu
888 1717 932 1779 ad
949 1714 1208 1798 transigendum
1227 1714 1272 1778 de

155 1831 267 1876 amore
295 1812 479 1894 conjugiali
508 1814 541 1874 in
569 1813 682 1895 specie
709 1831 795 1886 sum,
820 1821 855 1874 et
884 1831 982 1874 amor
1007 1810 1208 1892 conjugialis
1237 1809 1271 1872 in

154 1908 263 1989 specie
283 1927 352 1970 non
372 1917 489 1990 potest
509 1908 573 1970 nisi
597 1904 794 1970 indiffinite
813 1915 849 1969 et
869 1907 916 1969 sic
936 1905 1079 1969 obscure
1095 1904 1271 1986 cognosci,

155 2004 215 2066 nisi
241 2003 347 2066 etiam
374 2002 629 2085 quodammodo
656 2010 820 2084 appareat
847 1998 918 2082 ejus
947 2001 1155 2083 oppositum,
1179 2001 1272 2082 quod

154 2107 204 2161 est
223 2099 405 2170 incastum,
426 2106 462 2159 et
485 2095 550 2159 hoc
570 2096 826 2179 quodammodo
845 2117 904 2158 seu
927 2094 1097 2159 inumbra
1115 2103 1271 2177 apparet,

154 2210 227 2255 cum
243 2201 379 2255 castum
396 2191 598 2254 describitur
614 2211 680 2252 una
699 2209 776 2253 cum
793 2208 862 2253 non
880 2200 988 2265 casto,
1002 2186 1108 2251 ¹¹¹nam
1125 2190 1271 2251 castitas

154 2296 203 2349 est
223 2286 328 2349 modo
344 2287 492 2349 remotio
508 2285 632 2348 incasti
650 2305 671 2348 a
686 2283 812 2367 casto[,
826 2284 880 2348 hic
900 2286 978 2348 ideo
996 2284 1123 2367 aliquid
1139 2285 1273 2347 dicetur

154 2381 193 2444 de
211 2391 308 2445 casto
325 2391 361 2444 et
378 2381 420 2444 de
440 2400 508 2444 non
526 2377 651 2460 castn].
697 2380 750 2443 De
769 2382 904 2443 incasto
923 2390 1050 2453 autem,
1068 2382 1158 2462 quod
1175 2401 1271 2463 pror·

154 2494 207 2538 sus
226 2485 282 2538 est
306 2477 502 2558 oppositum
526 2485 635 2548 casto,
653 2476 765 2556 agitur
783 2475 817 2538 in
841 2485 939 2557 parte
963 2476 1152 2557 posteriore
1175 2474 1272 2556 hujus

154 2571 276 2653 operis,
304 2572 360 2633 ubi
388 2571 453 2634 hoc
477 2571 540 2632 sub
563 2569 808 2645 intitulatione,
837 2570 1028 2650 Voluptates
1049 2569 1208 2633 Insam'ae
1232 2571 1273 2632 de

153 2664 278 2728 Amore
295 2664 509 2738 Scortatorio,
530 2666 563 2726 in
587 2685 647 2726 sua
669 2665 905 2747 amplitudine,
925 2674 961 2727 et
980 2684 1058 2728 cum
1076 2665 1144 2727 suis
1162 2666 1272 2728 varie·

153 2760 293 2835 tatibus,
314 2761 534 2823 describetur.
581 2757 672 2840 Quid
691 2770 807 2823 autem
827 2770 880 2823 est
899 2770 1033 2824 castum
1053 2770 1089 2824 et
1109 2779 1178 2824 non
1197 2779 1272 2823 cas·

152 2864 235 2933 tum,
256 2865 292 2918 et
312 2854 402 2937 apud
420 2875 515 2937 quos,
536 2853 762 2918 illustrabitur
780 2856 813 2917 in
833 2855 898 2919 hoc
917 2855 1058 2919 ordine:

335 3010 376 3079 (i.)
404 3010 490 3081 Quod
494 3015 606 3065 castum
616 3016 644 3064 et
656 3027 712 3064 nnn
723 3015 834 3064 castum
843 3010 934 3064 selum
942 3011 1155 3080 praedarentur
1162 3010 1198 3065 de
1208 3027 1274 3065 con·

462 3084 572 3152 jugiis
585 3082 659 3135 etde
672 3081 780 3135 talr'bus
793 3098 867 3150 quae
879 3083 1016 3153 conjugii
1023 3089 1099 3136 sunt.

323 3151 376 3220 (ii.)
404 3152 489 3222 Quod
500 3158 610 3205 castum
622 3151 712 3205 solum
725 3152 916 3221 praedicetur
927 3153 962 3205 de
978 3154 1124 3223 conjugiis
1137 3168 1275 3224 monoga-

472 3226 564 3283 mr'cis‚
576 3239 625 3275 seu
640 3225 728 3275 unius
739 3225 806 3275 viri
819 3239 883 3276 cum
897 3240 956 3277 una
969 3241 1066 3278 uxore.

309 3293 375 3361 (iii.)
403 3293 488 3362 Quod
493 3293 659 3364 conjugiale
670 3293 872 3348 Christianum
881 3293 1275 3350 solummododeturcastum.

316 3365 377 3432 (iv.)
405 3364 490 3433 Quod
499 3380 583 3417 amor
597 3380 665 3417 vere
675 3364 852 3435 confugietis
865 3367 906 3417 sit
917 3367 981 3434 ipsa
993 3369 1122 3419 castitas.

327 3437 378 3503 (v.)
406 3435 491 3505 Quod
499 3450 594 3487 ornnes
605 3434 726 3487 dele‘ce'cre
737 3437 847 3487 amoris
858 3451 924 3488 vere
934 3436 1119 3506 conjugialis,
1127 3437 1216 3490 ettizm
1229 3436 1275 3490 ul·

473 3507 570 3565 timae,
583 3508 644 3558 sint
657 3511 761 3560 castae.

311 3575 375 3645 (vi.)
403 3575 488 3647 Quod
496 3593 580 3629 amor
591 3576 768 3646 conjugeizlis
781 3575 866 3645 apud
877 3576 949 3637 iilos,
962 3579 1018 3645 qui
1028 3593 1048 3630 a
1061 3577 1187 3631 Domino
1192 3578 1276 3646 fiunt

338 3715 356 3730 ..
467 3647 648 3769 ‘ssimum’
655 3647 726 3730 plns
736 3647 844 3732 etplus
853 3647 1039 3716 purificetur,
1052 3653 1081 3700 et
1084 3648 1146 3716 fiat
1156 3654 1261 3733 cestus.

305 3717 379 3870 (ᾖξ’)
406 3718 970 3911 ‘²⁸⁰ffttttltttzztititiss
984 3718 1100 3874 ’Ψ
1118 3719 1276 3874 ΨΜ

293 3857 378 3928 “¹¹¹³
406 3857 1276 3999 Qwrsttt‘tttttzdttzztttttttttlttt

465 4000 595 4069 gentius,
606 4005 762 4069 antequam
774 4001 857 4069 apud
867 4017 896 4054 se
907 4003 1036 4054 sentiunt
1044 4017 1170 4054 amorem
1182 4017 1275 4055 sexus.

311 4069 375 4139 (ix.)
402 4069 487 4140 Quod
497 4073 619 4193 tegetes
630 4072 871 4194 noerrnegicari
879 4073 976 4142 possit
989 4072 1025 4125 de
1040 4071 1178 4125 eunuchis
1189 4073 1276 4132 natis,

473 4156 524 4194 nec
554 4158 671 4194 eeunuc
692 4159 719 4195 u
748 4159 767 4194 a
794 4145 827 4197 is.

326 4211 377 4279 (x.)
405 4210 490 4280 Quod
504 4213 625 4265 castitas
642 4228 698 4265 non
712 4143 890 4282 psraedicari
899 4215 993 4282 possit
1010 4212 1045 4267 tie
1063 4212 1130 4276 illis,
1149 4215 1275 4281 quinon

473 4282 596 4335 credunt
617 4282 765 4335 adulteria
783 4299 839 4336 esse
856 4283 936 4337 mala
955 4284 1113 4355 religionis,
1131 4290 1159 4337 et
1179 4283 1277 4336 adhuc

472 4352 689 4477 meiiuszteillis,
698 4356 753 4424 qui
759 4370 815 4407 non
822 4354 943 4408 credunt
949 4355 1097 4409 adulterae
1104 4355 1276 4409 essedamna

473 4440 576 4478 socrea
591 4440 625 4480 ts.
