2782 5026
114 426 175 504 348
444 432 692 487 vonumrss
715 434 900 486 nvsnnms

106 619 172 691 per
188 606 430 688 fornicationes
452 605 689 669 immoderatas
717 616 750 669 et
777 606 991 671 inordinatas
1009 610 1233 690 perdatur.—

111 705 174 767 Per
189 702 430 766 fornicationes
445 701 689 764 immoderatas
704 711 740 764 et
756 702 978 778 inordinatas,
995 725 1016 766 a
1035 705 1161 786 quibus
1176 708 1235 770 de·

111 797 264 881 perditur
296 814 391 859 amor
421 794 633 876 conjugialis,
662 796 903 877 intelliguntur
932 798 1192 875 fornicationes,
1215 821 1237 864 a

111 890 232 974 quibus
255 910 322 954 non
347 890 450 952 modo
473 901 678 954 enervantur
696 892 794 966 vires,
819 893 881 956 sed
906 892 1012 955 etiam
1036 894 1237 958 auferuntur

111 1005 230 1049 omnes
253 985 376 1047 amoris
392 983 592 1065 coniugialis
610 984 786 1063 lautitiae;
809 1004 855 1048 ex
875 984 1017 1049 licentia
1035 989 1129 1050 enim
1153 990 1237 1053 irre·

110 1080 242 1142 frenata
257 1078 400 1151 illarum,
418 1098 487 1141 non
503 1079 606 1141 modo
621 1077 837 1143 infirmitates
855 1090 891 1143 et
910 1081 991 1143 inde
1006 1076 1157 1162 inopiae,
1176 1085 1236 1146 sed

110 1175 216 1237 etiam
235 1173 468 1236 immunditiae
488 1183 523 1236 et
547 1173 789 1253 impudicitiae,
809 1175 1021 1248 oboriuntur,
1042 1197 1089 1239 ex
1114 1178 1236 1259 quibus

111 1287 207 1331 amor
225 1265 424 1349 conjugialis
443 1287 512 1331 non
531 1278 648 1349 potest
670 1269 704 1330 in
727 1290 788 1331 sna
806 1270 973 1332 munditie
996 1280 1033 1334 et
1056 1273 1234 1347 castitate,

112 1363 215 1426 etsie
235 1382 297 1426 nec
317 1364 350 1425 in
369 1383 430 1425 sua
447 1361 629 1425 dulcedine
648 1373 684 1426 et
704 1365 737 1426 in
757 1365 808 1427 sni
827 1362 919 1426 floris
939 1364 1082 1439 deliciis,
1105 1369 1236 1448 percipi

111 1466 147 1519 et
170 1457 308 1520 sentiri:
342 1467 379 1520 ut
403 1467 584 1521 taceantur
608 1457 734 1520 damna
757 1460 908 1540 corporis
932 1468 969 1522 et
996 1462 1136 1535 mentis,
1161 1471 1236 1525 tum

110 1552 331 1615 inconcessae
349 1551 542 1626 illecebrae,
562 1572 648 1635 quae
667 1573 735 1615 non
753 1555 857 1617 modo
876 1555 1059 1636 deprivant
1077 1575 1235 1620 amorem

110 1645 338 1729 conjugialem
361 1648 429 1709 suis
451 1647 562 1710 beatis
577 1647 745 1728 jucundis,
765 1648 826 1712 sed
849 1649 955 1712 etiam
974 1649 1107 1713 tollunt
1126 1651 1235 1725 illum,

110 1761 150 1804 ac
170 1751 308 1804 vertunt
324 1741 357 1803 in
377 1742 491 1822 frigus,
508 1752 544 1804 et
563 1743 610 1804 sic
630 1743 663 1804 in
683 1742 865 1806 fastidium.
912 1744 1017 1807 Tales
1032 1745 1236 1809 fornicatio·

111 1856 172 1899 nes
195 1846 274 1899 sunt
298 1837 607 1917 pergraecationes,
632 1855 692 1916 per
715 1857 798 1918 quas
822 1836 892 1900 ludi
915 1838 1130 1920 conjugiales
1153 1839 1236 1904 flec-

109 1941 229 1995 tuntur
245 1931 278 1994 in
295 1931 443 2010 tragicas
459 1949 598 1992 scenas:
622 1930 866 1995 fornicationes
878 1933 969 1995 enim
981 1934 1236 1999 immoderatae

111 2036 147 2089 et
166 2026 390 2097 inordinatae,
407 2034 486 2088 sunt
505 2025 592 2087 sicut
608 2026 776 2099 incendia,
793 2045 880 2107 quae
899 2047 944 2088 ex
964 2026 1094 2090 ultimis
1110 2050 1236 2093 exsur-

111 2130 211 2202 gunt,
235 2129 271 2182 et
294 2128 441 2183 exurunt
465 2138 598 2199 corpus,
620 2119 841 2183 torrefaciunt
865 2119 977 2194 fibras,
997 2134 1237 2203 conspurcant

111 2215 323 2296 sanguinem,
343 2232 382 2275 ac
406 2213 530 2276 vitiant
553 2215 679 2276 mentis
702 2214 903 2292 rationalia;
932 2227 1117 2296 erumpunt
1141 2218 1237 2283 enim

110 2310 198 2372 sicut
220 2309 309 2390 ignis
332 2329 351 2371 e
374 2306 596 2371 fundamento
618 2309 652 2370 in
675 2308 827 2382 domum,
847 2320 883 2371 et
911 2317 1024 2373 totam
1047 2314 1235 2377 consumit.

61 2420 66 2447 ¹
111 2403 164 2467 Ne
195 2404 244 2467 ita
273 2402 342 2476 liat,
367 2402 640 2483 prospiciendum
670 2411 724 2465 est
754 2423 775 2464 a
804 2404 1014 2483 parentibus,
1038 2406 1118 2486 quia
1149 2426 1237 2488 puer

109 2499 310 2562 adolescens
339 2497 478 2560 libidine
508 2499 667 2579 percitus,
691 2498 844 2560 nondum
874 2519 919 2561 ex
946 2500 1080 2562 ratione
1110 2512 1236 2582 potest

109 2592 239 2657 frenum
256 2594 318 2656 sibi
337 2594 521 2673 imponere.

172 2700 269 2771 457·
294 2685 383 2768 (xii.)
410 2685 570 2763 Quonim
581 2686 764 2769 cornicgrolc
778 2686 876 2750 unias
888 2687 960 2751 oiri
967 2709 1039 2750 cum
1048 2709 1116 2751 una
1129 2712 1235 2755 uxore

109 2791 161 2846 est
187 2781 367 2844 clenodricm
395 2780 484 2843 vitoe
509 2779 683 2855 hurnanae,
707 2791 739 2843 rt
766 2782 1024 2844 reconditorium
1051 2782 1233 2864 religionis

112 2874 480 2942 Christianae-Haec
494 2875 562 2937 duo
574 2885 666 2948 sunt,
680 2896 766 2957 quae
780 2877 960 2939 universim
973 2886 1008 2939 et
1025 2877 1233 2959 singillatim

109 2973 143 3036 in
167 2982 243 3037 tota
265 2982 362 3052 parte
385 2971 614 3034 antecedente
641 2971 693 3034 De
717 2971 846 3034 Amore
873 2970 1066 3052 Conjugiali
1093 2982 1130 3036 et
1159 2974 1233 3056 ejus

110 3066 305 3151 Sapientiae
334 3066 484 3140 Deliciis,
508 3065 746 3129 demonstrata
772 3075 862 3129 sunt.
906 3065 1007 3146 Quod
1037 3068 1082 3130 sit
1109 3068 1234 3133 cleno-

109 3164 201 3227 dium
218 3163 309 3224 vitae
325 3162 503 3234 humanae,
521 3170 575 3224 est
591 3163 669 3243 quia
684 3161 833 3224 hominis
849 3163 921 3224 vita
937 3161 1015 3224 talis
1034 3172 1099 3236 est,
1116 3164 1233 3245 qualis

109 3267 164 3321 est
192 3256 250 3321 ille
277 3276 373 3319 amor
395 3256 484 3337 apud
507 3255 614 3328 illum,
634 3256 714 3318 facit
734 3258 825 3319 enim
844 3257 1000 3320 intimum
1019 3258 1113 3319 vitae
1132 3256 1230 3339 ejus;

109 3361 164 3417 est
183 3372 329 3433 namque
347 3351 419 3413 vita
444 3352 632 3430 sapientiae
652 3351 883 3414 cohabitantis
902 3370 979 3413 cum
1007 3371 1068 3414 suo
1097 3371 1230 3428 amore,

111 3458 147 3511 et
165 3448 290 3510 amoris
309 3445 541 3509 cohabitantis
560 3463 636 3507 cum
656 3466 716 3507 sua
734 3446 912 3527 sapientia,
933 3454 967 3508 et
986 3445 1065 3508 inde
1085 3453 1140 3508 est
1158 3449 1232 3512 vita

109 3542 305 3606 deliciarum
326 3541 519 3624 utriusque;
549 3540 666 3614 verbo,
686 3540 790 3603 homo
808 3550 863 3604 est
887 3541 1002 3603 anima
1019 3540 1139 3602 vivens
1169 3561 1231 3622 per

109 3637 203 3702 illum
223 3656 394 3713 amorem;
422 3636 501 3698 inde
525 3644 589 3703 est,
610 3635 701 3716 quod
721 3633 911 3715 coniugiale
930 3635 1027 3697 unius
1057 3634 1119 3698 viri
1148 3655 1229 3700 cum

108 3753 176 3797 una
203 3753 309 3796 uxore
328 3733 461 3795 dicatur
479 3731 674 3794 clenodium
701 3730 989 3793 vitaehumanae.
1036 3728 1113 3792 Hoc
1141 3749 1227 3793 con·

108 3826 262 3891 firmatur
284 3849 329 3891 ex
352 3827 404 3890 his
423 3847 525 3908 supra
536 3824 691 3906 :—Quod
712 3844 789 3887 cum
812 3844 878 3887 una
896 3844 1002 3887 uxore
1021 3824 1122 3887 detur
1144 3846 1227 3889 vere

108 3925 309 4007 conjugialis
331 3924 493 3999 amicitia,
517 3922 738 3994 confidentia,
762 3922 932 4003 potentia,
956 3920 1034 4002 quia
1057 3921 1226 3986 mentium

108 4022 188 4084 unio
209 4020 256 4102 (n.
278 4037 349 4099 333,
371 4017 446 4100 334)
462 4038 469 4081 ε
516 4016 619 4099 Quod
638 4019 672 4080 in
691 4015 751 4079 illo
769 4024 805 4079 et
826 4037 871 4079 ex
890 4015 950 4078 illo
969 4016 1095 4079 dentur
1112 4016 1226 4080 beati·

107 4119 245 4183 tudines
267 4115 448 4188 caelestes,
467 4113 663 4177 faustitates
686 4110 890 4194 spirituales,
910 4119 946 4173 et
969 4111 1048 4173 inde
1068 4109 1226 4191 jucundi·

107 4224 200 4279 tates
223 4211 409 4283 naturales,
433 4229 520 4292 quae
542 4208 586 4271 ab
609 4207 706 4270 initio
729 4207 885 4288 provisae
908 4214 988 4268 sunt
1011 4205 1089 4279 illis,
1110 4207 1167 4287 qui
1191 4209 1227 4272 in

106 4330 223 4373 amore
242 4327 322 4370 vere
341 4304 524 4385 conjugiali
542 4312 622 4365 sunt
644 4301 691 4382 (n.
712 4299 811 4382 335):
845 4298 946 4380 Quod
970 4300 1015 4362 sit
1033 4319 1130 4362 amor
1150 4302 1223 4366 fun·

106 4404 313 4471 damentalis
338 4404 488 4466 omnium
513 4417 666 4463 amorum
690 4397 901 4471 caelestium,
926 4395 1165 4477 spiritualium,
1188 4408 1223 4459 et
