<?xml version="1.0" encoding="UTF-8"?>
<!DOCTYPE html PUBLIC "-//W3C//DTD XHTML 1.0 Transitional//EN"
    "http://www.w3.org/TR/xhtml1/DTD/xhtml1-transitional.dtd">
<html xmlns="http://www.w3.org/1999/xhtml" xml:lang="en" lang="en">
 <head>
  <title>
</title>
<meta http-equiv="Content-Type" content="text/html;charset=utf-8" />
  <meta name='ocr-system' content='tesseract 3.04.00' />
  <meta name='ocr-capabilities' content='ocr_page ocr_carea ocr_par ocr_line ocrx_word'/>
</head>
<body>
  <div class='ocr_page' id='page_1' title='image "./deliciaesapient00swedgoog_0290.png"; bbox 0 0 2782 5026; ppageno 0'>
   <div class='ocr_carea' id='block_1_1' title="bbox 365 112 1233 190">
    <p class='ocr_par' dir='ltr' id='par_1_1' title="bbox 365 112 1233 190">
     <span class='ocr_line' id='line_1_1' title="bbox 365 112 1233 190; baseline 0.009 -23"><span class='ocrx_word' id='word_1_1' title='bbox 365 117 415 167; x_wconf 83' lang='lat' dir='ltr'>ns</span> <span class='ocrx_word' id='word_1_2' title='bbox 436 116 572 168; x_wconf 73' lang='lat' dir='ltr'>anons</span> <span class='ocrx_word' id='word_1_3' title='bbox 594 116 913 185; x_wconf 72' lang='lat' dir='ltr'>couJuctntt-u.</span> <span class='ocrx_word' id='word_1_4' title='bbox 932 122 1002 190; x_wconf 82' lang='lat'><strong>355.</strong></span> <span class='ocrx_word' id='word_1_5' title='bbox 1174 112 1233 177; x_wconf 87' lang='lat'>281</span> 
     </span>
    </p>
   </div>
   <div class='ocr_carea' id='block_1_2' title="bbox 60 286 1240 996">
    <p class='ocr_par' dir='ltr' id='par_1_2' title="bbox 60 286 1240 996">
     <span class='ocr_line' id='line_1_2' title="bbox 76 286 1240 365; baseline 0.007 -23"><span class='ocrx_word' id='word_1_6' title='bbox 76 287 147 342; x_wconf 88' lang='lat' dir='ltr'>ori</span> <span class='ocrx_word' id='word_1_7' title='bbox 162 301 213 351; x_wconf 86' lang='lat' dir='ltr'>se,</span> <span class='ocrx_word' id='word_1_8' title='bbox 223 296 259 342; x_wconf 89' lang='lat' dir='ltr'>et</span> <span class='ocrx_word' id='word_1_9' title='bbox 273 286 369 343; x_wconf 89' lang='lat' dir='ltr'>locuti</span> <span class='ocrx_word' id='word_1_10' title='bbox 383 302 420 343; x_wconf 85' lang='lat' dir='ltr'>ex</span> <span class='ocrx_word' id='word_1_11' title='bbox 434 289 617 360; x_wconf 74' lang='lat' dir='ltr'>argumentis</span> <span class='ocrx_word' id='word_1_12' title='bbox 629 305 708 360; x_wconf 89' lang='lat' dir='ltr'>quae</span> <span class='ocrx_word' id='word_1_13' title='bbox 721 290 802 346; x_wconf 90' lang='lat' dir='ltr'>intus</span> <span class='ocrx_word' id='word_1_14' title='bbox 815 289 953 346; x_wconf 86' lang='lat' dir='ltr'>foverant</span> <span class='ocrx_word' id='word_1_15' title='bbox 971 308 1026 362; x_wconf 89' lang='lat' dir='ltr'>pro</span> <span class='ocrx_word' id='word_1_16' title='bbox 1042 291 1240 365; x_wconf 77' lang='lat' dir='ltr'>intelligentia</span> 
     </span>
     <span class='ocr_line' id='line_1_3' title="bbox 75 366 1238 438; baseline 0.004 -16"><span class='ocrx_word' id='word_1_17' title='bbox 75 366 246 438; x_wconf 77' lang='lat' dir='ltr'>propria.</span> <span class='ocrx_word' id='word_1_18' title='bbox 286 366 333 421; x_wconf 85' lang='lat' dir='ltr'>Eo</span> <span class='ocrx_word' id='word_1_19' title='bbox 345 378 498 422; x_wconf 90' lang='lat' dir='ltr'>momento</span> <span class='ocrx_word' id='word_1_20' title='bbox 507 369 647 438; x_wconf 88' lang='lat' dir='ltr'>apparuit</span> <span class='ocrx_word' id='word_1_21' title='bbox 659 369 836 424; x_wconf 85' lang='lat' dir='ltr'>arborcirca</span> <span class='ocrx_word' id='word_1_22' title='bbox 850 371 946 432; x_wconf 79' lang='lat' dir='ltr'>viam:</span> <span class='ocrx_word' id='word_1_23' title='bbox 965 380 996 426; x_wconf 89' lang='lat' dir='ltr'>et</span> <span class='ocrx_word' id='word_1_24' title='bbox 1006 372 1161 426; x_wconf 82' lang='lat' dir='ltr'>dicebatur</span> <span class='ocrx_word' id='word_1_25' title='bbox 1171 374 1238 435; x_wconf 88' lang='lat' dir='ltr'>illis,</span> 
     </span>
     <span class='ocr_line' id='line_1_4' title="bbox 71 446 1238 516; baseline 0.005 -14"><span class='ocrx_word' id='word_1_26' title='bbox 71 453 104 474; x_wconf 81' lang='lat'>⁸·</span> <span class='ocrx_word' id='word_1_27' title='bbox 122 447 190 502; x_wconf 81' lang='lat' dir='ltr'>Est</span> <span class='ocrx_word' id='word_1_28' title='bbox 203 449 300 502; x_wconf 88' lang='lat' dir='ltr'>arbor</span> <span class='ocrx_word' id='word_1_29' title='bbox 311 446 454 503; x_wconf 73' lang='lat' dir='ltr'>scientiae</span> <span class='ocrx_word' id='word_1_30' title='bbox 463 448 536 502; x_wconf 92' lang='lat' dir='ltr'>boni</span> <span class='ocrx_word' id='word_1_31' title='bbox 546 459 578 503; x_wconf 93' lang='lat' dir='ltr'>et</span> <span class='ocrx_word' id='word_1_32' title='bbox 591 449 660 504; x_wconf 87' lang='lat' dir='ltr'>mali</span> <span class='ocrx_word' id='word_1_33' title='bbox 670 467 677 512; x_wconf 86' lang='lat'><strong>;</strong></span> <span class='ocrx_word' id='word_1_34' title='bbox 692 461 796 504; x_wconf 89' lang='lat' dir='ltr'>cavete</span> <span class='ocrx_word' id='word_1_35' title='bbox 806 451 892 504; x_wconf 89' lang='lat' dir='ltr'>vobis</span> <span class='ocrx_word' id='word_1_36' title='bbox 905 467 943 505; x_wconf 93' lang='lat' dir='ltr'>ne</span> <span class='ocrx_word' id='word_1_37' title='bbox 956 452 1054 506; x_wconf 79' lang='lat' dir='ltr'>edatis</span> <span class='ocrx_word' id='word_1_38' title='bbox 1062 453 1101 506; x_wconf 94' lang='lat' dir='ltr'>ab</span> <span class='ocrx_word' id='word_1_39' title='bbox 1111 452 1194 516; x_wconf 83' lang='lat' dir='ltr'>illa;”</span> <span class='ocrx_word' id='word_1_40' title='bbox 1206 465 1238 508; x_wconf 88' lang='lat' dir='ltr'>at</span> 
     </span>
     <span class='ocr_line' id='line_1_5' title="bbox 72 527 1238 601; baseline 0.007 -22"><span class='ocrx_word' id='word_1_41' title='bbox 72 541 207 597; x_wconf 85' lang='lat' dir='ltr'>usque</span> <span class='ocrx_word' id='word_1_42' title='bbox 233 536 298 582; x_wconf 83' lang='lat' dir='ltr'>tres</span> <span class='ocrx_word' id='word_1_43' title='bbox 326 527 368 581; x_wconf 90' lang='lat' dir='ltr'>illi</span> <span class='ocrx_word' id='word_1_44' title='bbox 393 527 532 583; x_wconf 86' lang='lat' dir='ltr'>inlatuati</span> <span class='ocrx_word' id='word_1_45' title='bbox 553 529 673 598; x_wconf 86' lang='lat' dir='ltr'>propria</span> <span class='ocrx_word' id='word_1_46' title='bbox 697 529 896 601; x_wconf 80' lang='lat' dir='ltr'>intelligentia</span> <span class='ocrx_word' id='word_1_47' title='bbox 916 541 1053 586; x_wconf 85' lang='lat' dir='ltr'>arserunt</span> <span class='ocrx_word' id='word_1_48' title='bbox 1071 533 1238 601; x_wconf 86' lang='lat' dir='ltr'>cupiditate</span> 
     </span>
     <span class='ocr_line' id='line_1_6' title="bbox 67 607 1238 669; baseline 0.004 -8"><span class='ocrx_word' id='word_1_49' title='bbox 67 607 222 662; x_wconf 89' lang='lat' dir='ltr'>edendi</span> <span class='ocrx_word' id='word_1_50' title='bbox 233 623 272 662; x_wconf 89' lang='lat' dir='ltr'>ex</span> <span class='ocrx_word' id='word_1_51' title='bbox 286 607 344 668; x_wconf 90' lang='lat' dir='ltr'>ilia,</span> <span class='ocrx_word' id='word_1_52' title='bbox 353 616 384 661; x_wconf 90' lang='lat' dir='ltr'>et</span> <span class='ocrx_word' id='word_1_53' title='bbox 393 607 534 662; x_wconf 87' lang='lat' dir='ltr'>dicebant</span> <span class='ocrx_word' id='word_1_54' title='bbox 544 609 669 669; x_wconf 81' lang='lat' dir='ltr'>interae,</span> <span class='ocrx_word' id='word_1_55' title='bbox 680 617 696 638; x_wconf 91' lang='grc'>“</span> <span class='ocrx_word' id='word_1_56' title='bbox 706 609 768 666; x_wconf 91' lang='lat' dir='ltr'>Cur</span> <span class='ocrx_word' id='word_1_57' title='bbox 778 609 860 664; x_wconf 79' lang='lat' dir='ltr'>non?</span> <span class='ocrx_word' id='word_1_58' title='bbox 877 611 969 665; x_wconf 85' lang='lat' dir='ltr'>Estne</span> <span class='ocrx_word' id='word_1_59' title='bbox 978 612 1074 666; x_wconf 89' lang='lat' dir='ltr'>bonus</span> <span class='ocrx_word' id='word_1_60' title='bbox 1087 610 1238 667; x_wconf 72' lang='lat' dir='ltr'>lmstus?&#39;&#39;</span> 
     </span>
     <span class='ocr_line' id='line_1_7' title="bbox 72 685 1238 759; baseline 0.004 -19"><span class='ocrx_word' id='word_1_61' title='bbox 72 685 136 740; x_wconf 88' lang='lat' dir='ltr'>Et</span> <span class='ocrx_word' id='word_1_62' title='bbox 155 696 364 741; x_wconf 82' lang='lat' dir='ltr'>accesserunt</span> <span class='ocrx_word' id='word_1_63' title='bbox 381 696 413 741; x_wconf 93' lang='lat' dir='ltr'>et</span> <span class='ocrx_word' id='word_1_64' title='bbox 430 687 567 742; x_wconf 90' lang='lat' dir='ltr'>ederunt.</span> <span class='ocrx_word' id='word_1_65' title='bbox 604 687 749 742; x_wconf 62' lang='lat' dir='ltr'>Aebutum</span> <span class='ocrx_word' id='word_1_66' title='bbox 768 698 849 750; x_wconf 89' lang='lat' dir='ltr'>tunc.</span> <span class='ocrx_word' id='word_1_67' title='bbox 862 699 925 744; x_wconf 88' lang='lat' dir='ltr'>tres</span> <span class='ocrx_word' id='word_1_68' title='bbox 945 690 995 751; x_wconf 90' lang='lat' dir='ltr'>illi,</span> <span class='ocrx_word' id='word_1_69' title='bbox 1008 691 1079 759; x_wconf 89' lang='lat' dir='ltr'>quia</span> <span class='ocrx_word' id='word_1_70' title='bbox 1099 691 1128 744; x_wconf 90' lang='lat' dir='ltr'>in</span> <span class='ocrx_word' id='word_1_71' title='bbox 1147 691 1238 746; x_wconf 88' lang='lat' dir='ltr'>simili</span> 
     </span>
     <span class='ocr_line' id='line_1_8' title="bbox 68 764 1238 840; baseline 0.005 -22"><span class='ocrx_word' id='word_1_72' title='bbox 68 764 162 820; x_wconf 81' lang='lat' dir='ltr'>fide</span> <span class='ocrx_word' id='word_1_73' title='bbox 180 764 320 826; x_wconf 81' lang='lat' dir='ltr'>fuerunt,</span> <span class='ocrx_word' id='word_1_74' title='bbox 332 765 420 821; x_wconf 89' lang='lat' dir='ltr'>amici</span> <span class='ocrx_word' id='word_1_75' title='bbox 432 767 534 822; x_wconf 88' lang='lat' dir='ltr'>cordis</span> <span class='ocrx_word' id='word_1_76' title='bbox 547 766 617 821; x_wconf 69' lang='lat' dir='ltr'>tacti</span> <span class='ocrx_word' id='word_1_77' title='bbox 630 778 708 829; x_wconf 86' lang='lat' dir='ltr'>sunt,</span> <span class='ocrx_word' id='word_1_78' title='bbox 722 777 753 822; x_wconf 90' lang='lat' dir='ltr'>et</span> <span class='ocrx_word' id='word_1_79' title='bbox 765 768 844 822; x_wconf 82' lang='lat' dir='ltr'>viam</span> <span class='ocrx_word' id='word_1_80' title='bbox 858 769 996 838; x_wconf 90' lang='lat' dir='ltr'>propriae</span> <span class='ocrx_word' id='word_1_81' title='bbox 1013 770 1238 840; x_wconf 87' lang='lat' dir='ltr'>intelligentiae,</span> 
     </span>
     <span class='ocr_line' id='line_1_9' title="bbox 61 844 1238 918; baseline 0.004 -20"><span class='ocrx_word' id='word_1_82' title='bbox 61 859 184 915; x_wconf 85' lang='lat' dir='ltr'>quae</span> <span class='ocrx_word' id='word_1_83' title='bbox 199 845 234 898; x_wconf 91' lang='lat' dir='ltr'>in</span> <span class='ocrx_word' id='word_1_84' title='bbox 245 844 393 899; x_wconf 90' lang='lat' dir='ltr'>inlernum</span> <span class='ocrx_word' id='word_1_85' title='bbox 403 846 543 909; x_wconf 90' lang='lat' dir='ltr'>tetendit,</span> <span class='ocrx_word' id='word_1_86' title='bbox 553 846 643 900; x_wconf 90' lang='lat' dir='ltr'>simul</span> <span class='ocrx_word' id='word_1_87' title='bbox 657 847 824 910; x_wconf 84' lang='lat' dir='ltr'>iniverunt;</span> <span class='ocrx_word' id='word_1_88' title='bbox 842 847 895 902; x_wconf 90' lang='lat' dir='ltr'>sed</span> <span class='ocrx_word' id='word_1_89' title='bbox 906 864 1000 918; x_wconf 89' lang='lat' dir='ltr'>usque</span> <span class='ocrx_word' id='word_1_90' title='bbox 1013 848 1070 904; x_wconf 91' lang='lat' dir='ltr'>hos</span> <span class='ocrx_word' id='word_1_91' title='bbox 1078 849 1140 903; x_wconf 91' lang='lat' dir='ltr'>vidi</span> <span class='ocrx_word' id='word_1_92' title='bbox 1151 850 1238 903; x_wconf 87' lang='lat' dir='ltr'>redu·</span> 
     </span>
     <span class='ocr_line' id='line_1_10' title="bbox 60 924 775 996; baseline 0.006 -19"><span class='ocrx_word' id='word_1_93' title='bbox 60 937 148 979; x_wconf 79' lang='lat' dir='ltr'>ees</span> <span class='ocrx_word' id='word_1_94' title='bbox 164 924 255 985; x_wconf 89' lang='lat' dir='ltr'>inde,</span> <span class='ocrx_word' id='word_1_95' title='bbox 268 924 339 993; x_wconf 86' lang='lat' dir='ltr'>quia</span> <span class='ocrx_word' id='word_1_96' title='bbox 351 926 486 979; x_wconf 90' lang='lat' dir='ltr'>nondum</span> <span class='ocrx_word' id='word_1_97' title='bbox 499 936 585 980; x_wconf 87' lang='lat' dir='ltr'>erant</span> <span class='ocrx_word' id='word_1_98' title='bbox 600 926 775 996; x_wconf 82' lang='lat' dir='ltr'>praeparati.</span> 
     </span>
    </p>
   </div>
   <div class='ocr_carea' id='block_1_3' title="bbox 56 1043 707 1129">
    <p class='ocr_par' dir='ltr' id='par_1_3' title="bbox 56 1043 707 1129">
     <span class='ocr_line' id='line_1_11' title="bbox 56 1043 707 1129; baseline 0.006 -24"><span class='ocrx_word' id='word_1_99' title='bbox 56 1059 209 1129; x_wconf 72' lang='lat'>355.</span> <span class='ocrx_word' id='word_1_100' title='bbox 235 1043 396 1108; x_wconf 86' lang='lat' dir='ltr'>Alterum</span> <span class='ocrx_word' id='word_1_101' title='bbox 416 1045 639 1110; x_wconf 89' lang='lat' dir='ltr'>Memorabile</span> <span class='ocrx_word' id='word_1_102' title='bbox 653 1066 707 1109; x_wconf 91' lang='lat'>:-</span> 
     </span>
    </p>
   </div>
   <div class='ocr_carea' id='block_1_4' title="bbox 51 1161 1237 4096">
    <p class='ocr_par' dir='ltr' id='par_1_4' title="bbox 152 1161 1236 1236">
     <span class='ocr_line' id='line_1_12' title="bbox 152 1161 1236 1236; baseline 0.004 -20"><span class='ocrx_word' id='word_1_103' title='bbox 152 1161 329 1234; x_wconf 80' lang='lat' dir='ltr'>Quondam</span> <span class='ocrx_word' id='word_1_104' title='bbox 347 1178 415 1216; x_wconf 92' lang='lat' dir='ltr'>cum</span> <span class='ocrx_word' id='word_1_105' title='bbox 431 1165 571 1233; x_wconf 83' lang='lat' dir='ltr'>prospexi</span> <span class='ocrx_word' id='word_1_106' title='bbox 591 1163 620 1217; x_wconf 91' lang='lat' dir='ltr'>in</span> <span class='ocrx_word' id='word_1_107' title='bbox 639 1163 783 1233; x_wconf 89' lang='lat' dir='ltr'>mundum</span> <span class='ocrx_word' id='word_1_108' title='bbox 800 1164 967 1234; x_wconf 87' lang='lat' dir='ltr'>spirituum,</span> <span class='ocrx_word' id='word_1_109' title='bbox 981 1164 1043 1219; x_wconf 88' lang='lat' dir='ltr'>vidi</span> <span class='ocrx_word' id='word_1_110' title='bbox 1059 1164 1089 1218; x_wconf 90' lang='lat' dir='ltr'>in</span> <span class='ocrx_word' id='word_1_111' title='bbox 1104 1166 1236 1236; x_wconf 89' lang='lat' dir='ltr'>quodam</span> 
     </span>
    </p>

    <p class='ocr_par' dir='ltr' id='par_1_5' title="bbox 51 1243 1237 2739">
     <span class='ocr_line' id='line_1_13' title="bbox 58 1243 1237 1318; baseline 0.002 -19"><span class='ocrx_word' id='word_1_112' title='bbox 58 1255 195 1312; x_wconf 82' lang='lat' dir='ltr'>prato</span> <span class='ocrx_word' id='word_1_113' title='bbox 201 1243 289 1298; x_wconf 86' lang='lat' dir='ltr'>viros</span> <span class='ocrx_word' id='word_1_114' title='bbox 300 1243 423 1298; x_wconf 87' lang='lat' dir='ltr'>indutos</span> <span class='ocrx_word' id='word_1_115' title='bbox 431 1245 567 1299; x_wconf 88' lang='lat' dir='ltr'>vestibus</span> <span class='ocrx_word' id='word_1_116' title='bbox 576 1245 724 1300; x_wconf 88' lang='lat' dir='ltr'>similibus</span> <span class='ocrx_word' id='word_1_117' title='bbox 733 1245 841 1315; x_wconf 90' lang='lat' dir='ltr'>quibus</span> <span class='ocrx_word' id='word_1_118' title='bbox 851 1247 988 1300; x_wconf 86' lang='lat' dir='ltr'>homines</span> <span class='ocrx_word' id='word_1_119' title='bbox 999 1247 1116 1308; x_wconf 71' lang='lat' dir='ltr'>mundi:</span> <span class='ocrx_word' id='word_1_120' title='bbox 1128 1263 1167 1300; x_wconf 93' lang='lat' dir='ltr'>ex</span> <span class='ocrx_word' id='word_1_121' title='bbox 1175 1263 1237 1318; x_wconf 89' lang='lat' dir='ltr'>quo</span> 
     </span>
     <span class='ocr_line' id='line_1_14' title="bbox 56 1321 1235 1394; baseline 0.004 -18"><span class='ocrx_word' id='word_1_122' title='bbox 56 1321 251 1394; x_wconf 81' lang='lat' dir='ltr'>cognovi,</span> <span class='ocrx_word' id='word_1_123' title='bbox 262 1323 348 1392; x_wconf 86' lang='lat' dir='ltr'>quod</span> <span class='ocrx_word' id='word_1_124' title='bbox 360 1339 454 1392; x_wconf 92' lang='lat' dir='ltr'>nuper</span> <span class='ocrx_word' id='word_1_125' title='bbox 465 1339 482 1378; x_wconf 93' lang='lat' dir='ltr'>e</span> <span class='ocrx_word' id='word_1_126' title='bbox 496 1324 610 1378; x_wconf 91' lang='lat' dir='ltr'>mundo</span> <span class='ocrx_word' id='word_1_127' title='bbox 622 1324 806 1378; x_wconf 89' lang='lat' dir='ltr'>advenerint.</span> <span class='ocrx_word' id='word_1_128' title='bbox 844 1325 966 1379; x_wconf 84' lang='lat' dir='ltr'>Accessi</span> <span class='ocrx_word' id='word_1_129' title='bbox 979 1326 1017 1379; x_wconf 90' lang='lat' dir='ltr'>ad</span> <span class='ocrx_word' id='word_1_130' title='bbox 1032 1325 1108 1385; x_wconf 89' lang='lat' dir='ltr'>illos,</span> <span class='ocrx_word' id='word_1_131' title='bbox 1121 1336 1152 1380; x_wconf 89' lang='lat' dir='ltr'>et</span> <span class='ocrx_word' id='word_1_132' title='bbox 1164 1327 1235 1381; x_wconf 90' lang='lat' dir='ltr'>steti</span> 
     </span>
     <span class='ocr_line' id='line_1_15' title="bbox 53 1403 1236 1474; baseline 0.004 -17"><span class='ocrx_word' id='word_1_133' title='bbox 53 1403 131 1457; x_wconf 68' lang='lat' dir='ltr'>nd</span> <span class='ocrx_word' id='word_1_134' title='bbox 152 1403 254 1463; x_wconf 91' lang='lat' dir='ltr'>latus,</span> <span class='ocrx_word' id='word_1_135' title='bbox 267 1412 302 1455; x_wconf 92' lang='lat' dir='ltr'>ut</span> <span class='ocrx_word' id='word_1_136' title='bbox 315 1403 514 1456; x_wconf 88' lang='lat' dir='ltr'>auscultarem</span> <span class='ocrx_word' id='word_1_137' title='bbox 527 1403 600 1473; x_wconf 90' lang='lat' dir='ltr'>quid</span> <span class='ocrx_word' id='word_1_138' title='bbox 614 1403 692 1457; x_wconf 91' lang='lat' dir='ltr'>inter</span> <span class='ocrx_word' id='word_1_139' title='bbox 706 1420 739 1458; x_wconf 93' lang='lat' dir='ltr'>se</span> <span class='ocrx_word' id='word_1_140' title='bbox 754 1404 954 1473; x_wconf 88' lang='lat' dir='ltr'>loquerentur.</span> <span class='ocrx_word' id='word_1_141' title='bbox 970 1405 1183 1474; x_wconf 87' lang='lat' dir='ltr'>Loquebantur</span> <span class='ocrx_word' id='word_1_142' title='bbox 1196 1408 1236 1462; x_wconf 92' lang='lat' dir='ltr'>de</span> 
     </span>
     <span class='ocr_line' id='line_1_16' title="bbox 54 1482 1234 1554; baseline 0.003 -18"><span class='ocrx_word' id='word_1_143' title='bbox 54 1482 208 1543; x_wconf 83' lang='lat' dir='ltr'>eaelo;</span> <span class='ocrx_word' id='word_1_144' title='bbox 228 1491 262 1535; x_wconf 90' lang='lat' dir='ltr'>et</span> <span class='ocrx_word' id='word_1_145' title='bbox 276 1497 356 1535; x_wconf 86' lang='lat' dir='ltr'>unus</span> <span class='ocrx_word' id='word_1_146' title='bbox 368 1482 446 1536; x_wconf 89' lang='lat' dir='ltr'>iuter</span> <span class='ocrx_word' id='word_1_147' title='bbox 459 1482 533 1543; x_wconf 88' lang='lat' dir='ltr'>illos.</span> <span class='ocrx_word' id='word_1_148' title='bbox 547 1482 599 1552; x_wconf 91' lang='lat' dir='ltr'>qui</span> <span class='ocrx_word' id='word_1_149' title='bbox 613 1483 727 1553; x_wconf 89' lang='lat' dir='ltr'>aliquid</span> <span class='ocrx_word' id='word_1_150' title='bbox 741 1482 779 1537; x_wconf 90' lang='lat' dir='ltr'>de</span> <span class='ocrx_word' id='word_1_151' title='bbox 792 1484 876 1537; x_wconf 91' lang='lat' dir='ltr'>caelo</span> <span class='ocrx_word' id='word_1_152' title='bbox 889 1484 982 1545; x_wconf 92' lang='lat' dir='ltr'>novit,</span> <span class='ocrx_word' id='word_1_153' title='bbox 996 1485 1079 1546; x_wconf 84' lang='lat' dir='ltr'>dixit,</span> <span class='ocrx_word' id='word_1_154' title='bbox 1093 1486 1175 1554; x_wconf 90' lang='lat' dir='ltr'>quod</span> <span class='ocrx_word' id='word_1_155' title='bbox 1192 1485 1234 1540; x_wconf 92' lang='lat' dir='ltr'>ibi</span> 
     </span>
     <span class='ocr_line' id='line_1_17' title="bbox 53 1559 1235 1632; baseline 0.003 -17"><span class='ocrx_word' id='word_1_156' title='bbox 53 1563 161 1616; x_wconf 75' lang='lat' dir='ltr'>sint</span> <span class='ocrx_word' id='word_1_157' title='bbox 177 1559 340 1621; x_wconf 84' lang='lat' dir='ltr'>mirabilia,</span> <span class='ocrx_word' id='word_1_158' title='bbox 353 1575 431 1630; x_wconf 84' lang='lat' dir='ltr'>quae</span> <span class='ocrx_word' id='word_1_159' title='bbox 450 1577 596 1631; x_wconf 89' lang='lat' dir='ltr'>nusquam</span> <span class='ocrx_word' id='word_1_160' title='bbox 615 1563 654 1616; x_wconf 89' lang='lat' dir='ltr'>ab</span> <span class='ocrx_word' id='word_1_161' title='bbox 671 1563 773 1631; x_wconf 88' lang='lat' dir='ltr'>aliquo</span> <span class='ocrx_word' id='word_1_162' title='bbox 786 1563 867 1616; x_wconf 90' lang='lat' dir='ltr'>credi</span> <span class='ocrx_word' id='word_1_163' title='bbox 883 1574 1017 1632; x_wconf 88' lang='lat' dir='ltr'>possunt.</span> <span class='ocrx_word' id='word_1_164' title='bbox 1032 1565 1088 1618; x_wconf 91' lang='lat' dir='ltr'>nisi</span> <span class='ocrx_word' id='word_1_165' title='bbox 1108 1565 1235 1627; x_wconf 87' lang='lat' dir='ltr'>viderit;</span> 
     </span>
     <span class='ocr_line' id='line_1_18' title="bbox 53 1639 1233 1712; baseline 0.003 -18"><span class='ocrx_word' id='word_1_166' title='bbox 53 1651 126 1695; x_wconf 84' lang='lat' dir='ltr'>ut</span> <span class='ocrx_word' id='word_1_167' title='bbox 148 1639 245 1711; x_wconf 91' lang='lat' dir='ltr'>quod</span> <span class='ocrx_word' id='word_1_168' title='bbox 264 1639 327 1694; x_wconf 88' lang='lat' dir='ltr'>sint</span> <span class='ocrx_word' id='word_1_169' title='bbox 345 1639 426 1693; x_wconf 86' lang='lat' dir='ltr'>horti</span> <span class='ocrx_word' id='word_1_170' title='bbox 443 1640 627 1710; x_wconf 87' lang='lat' dir='ltr'>paradisiaci,</span> <span class='ocrx_word' id='word_1_171' title='bbox 641 1641 751 1710; x_wconf 91' lang='lat' dir='ltr'>palatia</span> <span class='ocrx_word' id='word_1_172' title='bbox 770 1642 928 1712; x_wconf 84' lang='lat' dir='ltr'>magnifica</span> <span class='ocrx_word' id='word_1_173' title='bbox 946 1643 1118 1697; x_wconf 67' lang='lat' dir='ltr'>constructa</span> <span class='ocrx_word' id='word_1_174' title='bbox 1136 1644 1233 1698; x_wconf 89' lang='lat' dir='ltr'>archi·</span> 
     </span>
     <span class='ocr_line' id='line_1_19' title="bbox 51 1717 1233 1792; baseline 0.003 -18"><span class='ocrx_word' id='word_1_175' title='bbox 51 1717 261 1774; x_wconf 67' lang='lat' dir='ltr'>taessonice</span> <span class='ocrx_word' id='word_1_176' title='bbox 281 1719 352 1789; x_wconf 88' lang='lat' dir='ltr'>quia</span> <span class='ocrx_word' id='word_1_177' title='bbox 368 1721 408 1773; x_wconf 94' lang='lat' dir='ltr'>ab</span> <span class='ocrx_word' id='word_1_178' title='bbox 427 1719 491 1789; x_wconf 87' lang='lat' dir='ltr'>ipsa</span> <span class='ocrx_word' id='word_1_179' title='bbox 511 1731 584 1780; x_wconf 89' lang='lat' dir='ltr'>arte,</span> <span class='ocrx_word' id='word_1_180' title='bbox 603 1721 793 1789; x_wconf 83' lang='lat' dir='ltr'>splendentia</span> <span class='ocrx_word' id='word_1_181' title='bbox 811 1721 945 1775; x_wconf 80' lang='lat' dir='ltr'>sicut&#39;ex</span> <span class='ocrx_word' id='word_1_182' title='bbox 964 1738 1047 1782; x_wconf 92' lang='lat' dir='ltr'>auro,</span> <span class='ocrx_word' id='word_1_183' title='bbox 1066 1733 1137 1776; x_wconf 89' lang='lat' dir='ltr'>ante</span> <span class='ocrx_word' id='word_1_184' title='bbox 1155 1739 1233 1792; x_wconf 90' lang='lat' dir='ltr'>quae</span> 
     </span>
     <span class='ocr_line' id='line_1_20' title="bbox 52 1799 1234 1871; baseline 0.001 -17"><span class='ocrx_word' id='word_1_185' title='bbox 52 1800 268 1855; x_wconf 84' lang='lat' dir='ltr'>columnae</span> <span class='ocrx_word' id='word_1_186' title='bbox 287 1813 324 1852; x_wconf 90' lang='lat' dir='ltr'>ex</span> <span class='ocrx_word' id='word_1_187' title='bbox 341 1809 475 1870; x_wconf 83' lang='lat' dir='ltr'>argento,</span> <span class='ocrx_word' id='word_1_188' title='bbox 494 1815 586 1868; x_wconf 91' lang='lat' dir='ltr'>super</span> <span class='ocrx_word' id='word_1_189' title='bbox 602 1800 711 1870; x_wconf 88' lang='lat' dir='ltr'>quibus</span> <span class='ocrx_word' id='word_1_190' title='bbox 730 1799 844 1854; x_wconf 90' lang='lat' dir='ltr'>lormae</span> <span class='ocrx_word' id='word_1_191' title='bbox 862 1801 1004 1855; x_wconf 86' lang='lat' dir='ltr'>caelestes</span> <span class='ocrx_word' id='word_1_192' title='bbox 1026 1817 1064 1855; x_wconf 87' lang='lat' dir='ltr'>ex</span> <span class='ocrx_word' id='word_1_193' title='bbox 1085 1801 1234 1871; x_wconf 88' lang='lat' dir='ltr'>lapidibus</span> 
     </span>
     <span class='ocr_line' id='line_1_21' title="bbox 60 1877 1232 1951; baseline 0.002 -18"><span class='ocrx_word' id='word_1_194' title='bbox 60 1877 268 1948; x_wconf 81' lang='lat' dir='ltr'>pretiosis;</span> <span class='ocrx_word' id='word_1_195' title='bbox 286 1887 317 1931; x_wconf 92' lang='lat' dir='ltr'>et</span> <span class='ocrx_word' id='word_1_196' title='bbox 331 1893 452 1949; x_wconf 90' lang='lat' dir='ltr'>quoque</span> <span class='ocrx_word' id='word_1_197' title='bbox 466 1879 576 1933; x_wconf 88' lang='lat' dir='ltr'>domus</span> <span class='ocrx_word' id='word_1_198' title='bbox 591 1896 628 1933; x_wconf 87' lang='lat' dir='ltr'>ex</span> <span class='ocrx_word' id='word_1_199' title='bbox 642 1879 760 1949; x_wconf 90' lang='lat' dir='ltr'>jaspide</span> <span class='ocrx_word' id='word_1_200' title='bbox 774 1890 805 1934; x_wconf 92' lang='lat' dir='ltr'>et</span> <span class='ocrx_word' id='word_1_201' title='bbox 820 1881 970 1950; x_wconf 88' lang='lat' dir='ltr'>sapphiro,</span> <span class='ocrx_word' id='word_1_202' title='bbox 986 1892 1056 1934; x_wconf 88' lang='lat' dir='ltr'>ante</span> <span class='ocrx_word' id='word_1_203' title='bbox 1071 1897 1147 1951; x_wconf 89' lang='lat' dir='ltr'>quas</span> <span class='ocrx_word' id='word_1_204' title='bbox 1163 1897 1232 1950; x_wconf 92' lang='lat' dir='ltr'>por·</span> 
     </span>
     <span class='ocr_line' id='line_1_22' title="bbox 54 1957 1233 2029; baseline 0.003 -18"><span class='ocrx_word' id='word_1_205' title='bbox 54 1959 184 2013; x_wconf 83' lang='lat' dir='ltr'>ticus</span> <span class='ocrx_word' id='word_1_206' title='bbox 196 1957 321 2027; x_wconf 87' lang='lat' dir='ltr'>augusti</span> <span class='ocrx_word' id='word_1_207' title='bbox 338 1973 391 2026; x_wconf 90' lang='lat' dir='ltr'>per</span> <span class='ocrx_word' id='word_1_208' title='bbox 403 1974 480 2028; x_wconf 91' lang='lat' dir='ltr'>quos</span> <span class='ocrx_word' id='word_1_209' title='bbox 493 1959 605 2012; x_wconf 86' lang='lat' dir='ltr'>intrant</span> <span class='ocrx_word' id='word_1_210' title='bbox 617 1959 733 2029; x_wconf 75' lang='lat' dir='ltr'>angeli:</span> <span class='ocrx_word' id='word_1_211' title='bbox 754 1975 790 2013; x_wconf 91' lang='lat' dir='ltr'>ac</span> <span class='ocrx_word' id='word_1_212' title='bbox 806 1960 886 2013; x_wconf 91' lang='lat' dir='ltr'>intus</span> <span class='ocrx_word' id='word_1_213' title='bbox 906 1960 936 2012; x_wconf 92' lang='lat' dir='ltr'>in</span> <span class='ocrx_word' id='word_1_214' title='bbox 955 1960 1095 2014; x_wconf 86' lang='lat' dir='ltr'>domibus</span> <span class='ocrx_word' id='word_1_215' title='bbox 1110 1961 1233 2014; x_wconf 90' lang='lat' dir='ltr'>decora·</span> 
     </span>
     <span class='ocr_line' id='line_1_23' title="bbox 61 2037 1233 2109; baseline 0.001 -18"><span class='ocrx_word' id='word_1_216' title='bbox 61 2046 219 2098; x_wconf 75' lang='lat' dir='ltr'>menta,</span> <span class='ocrx_word' id='word_1_217' title='bbox 232 2050 312 2106; x_wconf 89' lang='lat' dir='ltr'>quae</span> <span class='ocrx_word' id='word_1_218' title='bbox 325 2052 423 2107; x_wconf 89' lang='lat' dir='ltr'>neque</span> <span class='ocrx_word' id='word_1_219' title='bbox 435 2047 508 2099; x_wconf 87' lang='lat' dir='ltr'>arte,</span> <span class='ocrx_word' id='word_1_220' title='bbox 518 2053 614 2108; x_wconf 89' lang='lat' dir='ltr'>neque</span> <span class='ocrx_word' id='word_1_221' title='bbox 627 2053 710 2100; x_wconf 91' lang='lat' dir='ltr'>uoce,</span> <span class='ocrx_word' id='word_1_222' title='bbox 721 2038 846 2108; x_wconf 81' lang='lat' dir='ltr'>exprimi</span> <span class='ocrx_word' id='word_1_223' title='bbox 861 2049 994 2108; x_wconf 89' lang='lat' dir='ltr'>possunt.</span> <span class='ocrx_word' id='word_1_224' title='bbox 1026 2037 1139 2109; x_wconf 80' lang='lat' dir='ltr'>“Quod</span> <span class='ocrx_word' id='word_1_225' title='bbox 1151 2040 1233 2109; x_wconf 92' lang='lat' dir='ltr'>ipsos</span> 
     </span>
     <span class='ocr_line' id='line_1_24' title="bbox 56 2114 1233 2188; baseline 0.003 -18"><span class='ocrx_word' id='word_1_226' title='bbox 56 2115 233 2188; x_wconf 75' lang='lat' dir='ltr'>angelos</span> <span class='ocrx_word' id='word_1_227' title='bbox 241 2114 359 2176; x_wconf 89' lang='lat' dir='ltr'>attinet,</span> <span class='ocrx_word' id='word_1_228' title='bbox 370 2125 441 2170; x_wconf 89' lang='lat' dir='ltr'>sunt</span> <span class='ocrx_word' id='word_1_229' title='bbox 449 2133 487 2170; x_wconf 91' lang='lat' dir='ltr'>ex</span> <span class='ocrx_word' id='word_1_230' title='bbox 499 2127 626 2188; x_wconf 88' lang='lat' dir='ltr'>utroque</span> <span class='ocrx_word' id='word_1_231' title='bbox 637 2133 724 2179; x_wconf 82' lang='lat' dir='ltr'>sexu:</span> <span class='ocrx_word' id='word_1_232' title='bbox 743 2127 814 2171; x_wconf 92' lang='lat' dir='ltr'>sunt</span> <span class='ocrx_word' id='word_1_233' title='bbox 825 2119 950 2187; x_wconf 85' lang='lat' dir='ltr'>juvenes</span> <span class='ocrx_word' id='word_1_234' title='bbox 959 2128 990 2171; x_wconf 91' lang='lat' dir='ltr'>et</span> <span class='ocrx_word' id='word_1_235' title='bbox 1003 2118 1110 2178; x_wconf 89' lang='lat' dir='ltr'>mariti,</span> <span class='ocrx_word' id='word_1_236' title='bbox 1120 2128 1152 2171; x_wconf 92' lang='lat' dir='ltr'>et</span> <span class='ocrx_word' id='word_1_237' title='bbox 1161 2126 1233 2173; x_wconf 84' lang='lat' dir='ltr'>sunt</span> 
     </span>
     <span class='ocr_line' id='line_1_25' title="bbox 60 2195 1233 2266; baseline 0.002 -17"><span class='ocrx_word' id='word_1_238' title='bbox 60 2195 241 2265; x_wconf 81' lang='lat' dir='ltr'>virgines</span> <span class='ocrx_word' id='word_1_239' title='bbox 255 2203 287 2248; x_wconf 90' lang='lat' dir='ltr'>et</span> <span class='ocrx_word' id='word_1_240' title='bbox 303 2210 425 2257; x_wconf 77' lang='lat' dir='ltr'>uxores:</span> <span class='ocrx_word' id='word_1_241' title='bbox 443 2196 575 2266; x_wconf 87' lang='lat' dir='ltr'>virgines</span> <span class='ocrx_word' id='word_1_242' title='bbox 590 2207 651 2250; x_wconf 90' lang='lat' dir='ltr'>tam</span> <span class='ocrx_word' id='word_1_243' title='bbox 668 2196 818 2266; x_wconf 86' lang='lat' dir='ltr'>pulchrae.</span> <span class='ocrx_word' id='word_1_244' title='bbox 833 2207 866 2250; x_wconf 90' lang='lat' dir='ltr'>ut</span> <span class='ocrx_word' id='word_1_245' title='bbox 882 2213 941 2250; x_wconf 89' lang='lat' dir='ltr'>non</span> <span class='ocrx_word' id='word_1_246' title='bbox 956 2198 1043 2251; x_wconf 90' lang='lat' dir='ltr'>detur</span> <span class='ocrx_word' id='word_1_247' title='bbox 1056 2197 1149 2251; x_wconf 87' lang='lat' dir='ltr'>instar</span> <span class='ocrx_word' id='word_1_248' title='bbox 1163 2197 1233 2252; x_wconf 87' lang='lat' dir='ltr'>talis</span> 
     </span>
     <span class='ocr_line' id='line_1_26' title="bbox 64 2272 1232 2346; baseline 0.002 -18"><span class='ocrx_word' id='word_1_249' title='bbox 64 2272 342 2346; x_wconf 78' lang='lat' dir='ltr'>pulchritudinis</span> <span class='ocrx_word' id='word_1_250' title='bbox 358 2274 388 2327; x_wconf 89' lang='lat' dir='ltr'>in</span> <span class='ocrx_word' id='word_1_251' title='bbox 404 2276 533 2337; x_wconf 83' lang='lat' dir='ltr'>mund0;</span> <span class='ocrx_word' id='word_1_252' title='bbox 556 2286 588 2329; x_wconf 90' lang='lat' dir='ltr'>at</span> <span class='ocrx_word' id='word_1_253' title='bbox 607 2292 716 2330; x_wconf 88' lang='lat' dir='ltr'>uxores</span> <span class='ocrx_word' id='word_1_254' title='bbox 729 2276 827 2329; x_wconf 89' lang='lat' dir='ltr'>adhuc</span> <span class='ocrx_word' id='word_1_255' title='bbox 843 2275 1036 2344; x_wconf 86' lang='lat' dir='ltr'>pulchriores,</span> <span class='ocrx_word' id='word_1_256' title='bbox 1049 2291 1125 2345; x_wconf 89' lang='lat' dir='ltr'>quae</span> <span class='ocrx_word' id='word_1_257' title='bbox 1140 2291 1232 2346; x_wconf 87' lang='lat' dir='ltr'>appa·</span> 
     </span>
     <span class='ocr_line' id='line_1_27' title="bbox 74 2353 1231 2425; baseline 0.001 -17"><span class='ocrx_word' id='word_1_258' title='bbox 74 2365 172 2408; x_wconf 80' lang='lat' dir='ltr'>rent</span> <span class='ocrx_word' id='word_1_259' title='bbox 186 2353 268 2408; x_wconf 89' lang='lat' dir='ltr'>sicut</span> <span class='ocrx_word' id='word_1_260' title='bbox 280 2353 427 2424; x_wconf 88' lang='lat' dir='ltr'>genuinae</span> <span class='ocrx_word' id='word_1_261' title='bbox 440 2353 553 2425; x_wconf 87' lang='lat' dir='ltr'>effigies</span> <span class='ocrx_word' id='word_1_262' title='bbox 565 2354 675 2409; x_wconf 90' lang='lat' dir='ltr'>amoris</span> <span class='ocrx_word' id='word_1_263' title='bbox 688 2355 840 2416; x_wconf 87' lang='lat' dir='ltr'>caelestis;</span> <span class='ocrx_word' id='word_1_264' title='bbox 858 2371 894 2409; x_wconf 91' lang='lat' dir='ltr'>ac</span> <span class='ocrx_word' id='word_1_265' title='bbox 910 2356 1008 2408; x_wconf 87' lang='lat' dir='ltr'>mariti</span> <span class='ocrx_word' id='word_1_266' title='bbox 1023 2355 1138 2409; x_wconf 90' lang='lat' dir='ltr'>illarum</span> <span class='ocrx_word' id='word_1_267' title='bbox 1152 2356 1231 2409; x_wconf 87' lang='lat' dir='ltr'>sicut</span> 
     </span>
     <span class='ocr_line' id='line_1_28' title="bbox 70 2432 1230 2504; baseline 0.002 -17"><span class='ocrx_word' id='word_1_268' title='bbox 70 2432 220 2504; x_wconf 75' lang='lat' dir='ltr'>effigies</span> <span class='ocrx_word' id='word_1_269' title='bbox 232 2433 397 2503; x_wconf 89' lang='lat' dir='ltr'>sapientiae</span> <span class='ocrx_word' id='word_1_270' title='bbox 410 2434 562 2496; x_wconf 74' lang='lat' dir='ltr'>caelestis:</span> <span class='ocrx_word' id='word_1_271' title='bbox 581 2444 612 2488; x_wconf 90' lang='lat' dir='ltr'>et</span> <span class='ocrx_word' id='word_1_272' title='bbox 625 2450 731 2488; x_wconf 90' lang='lat' dir='ltr'>omnes</span> <span class='ocrx_word' id='word_1_273' title='bbox 745 2433 775 2487; x_wconf 91' lang='lat' dir='ltr'>hi</span> <span class='ocrx_word' id='word_1_274' title='bbox 789 2445 859 2489; x_wconf 90' lang='lat' dir='ltr'>sunt</span> <span class='ocrx_word' id='word_1_275' title='bbox 872 2436 1079 2489; x_wconf 85' lang='lat' dir='ltr'>adolescentes</span> <span class='ocrx_word' id='word_1_276' title='bbox 1090 2435 1230 2504; x_wconf 84' lang='lat' dir='ltr'>juvenes:</span> 
     </span>
     <span class='ocr_line' id='line_1_29' title="bbox 76 2512 1232 2585; baseline 0.002 -19"><span class='ocrx_word' id='word_1_277' title='bbox 76 2524 132 2566; x_wconf 85' lang='lat' dir='ltr'>et</span> <span class='ocrx_word' id='word_1_278' title='bbox 151 2512 240 2583; x_wconf 90' lang='lat' dir='ltr'>quod</span> <span class='ocrx_word' id='word_1_279' title='bbox 255 2513 322 2582; x_wconf 92' lang='lat' dir='ltr'>plus</span> <span class='ocrx_word' id='word_1_280' title='bbox 340 2523 395 2573; x_wconf 88' lang='lat' dir='ltr'>est.</span> <span class='ocrx_word' id='word_1_281' title='bbox 412 2529 472 2566; x_wconf 91' lang='lat' dir='ltr'>non</span> <span class='ocrx_word' id='word_1_282' title='bbox 488 2513 582 2568; x_wconf 91' lang='lat' dir='ltr'>scitur</span> <span class='ocrx_word' id='word_1_283' title='bbox 599 2512 640 2567; x_wconf 92' lang='lat' dir='ltr'>ibi</span> <span class='ocrx_word' id='word_1_284' title='bbox 658 2513 729 2584; x_wconf 88' lang='lat' dir='ltr'>quid</span> <span class='ocrx_word' id='word_1_285' title='bbox 747 2514 823 2568; x_wconf 88' lang='lat' dir='ltr'>alius</span> <span class='ocrx_word' id='word_1_286' title='bbox 838 2530 923 2568; x_wconf 91' lang='lat' dir='ltr'>amor</span> <span class='ocrx_word' id='word_1_287' title='bbox 938 2531 1025 2569; x_wconf 89' lang='lat' dir='ltr'>sexus</span> <span class='ocrx_word' id='word_1_288' title='bbox 1040 2530 1129 2585; x_wconf 91' lang='lat' dir='ltr'>quam</span> <span class='ocrx_word' id='word_1_289' title='bbox 1145 2530 1232 2568; x_wconf 86' lang='lat' dir='ltr'>amor</span> 
     </span>
     <span class='ocr_line' id='line_1_30' title="bbox 81 2591 1232 2664; baseline 0.003 -18"><span class='ocrx_word' id='word_1_290' title='bbox 81 2591 303 2662; x_wconf 73' lang='lat' dir='ltr'>coniugialis:</span> <span class='ocrx_word' id='word_1_291' title='bbox 326 2601 357 2647; x_wconf 93' lang='lat' dir='ltr'>et</span> <span class='ocrx_word' id='word_1_292' title='bbox 377 2591 458 2662; x_wconf 92' lang='lat' dir='ltr'>quod</span> <span class='ocrx_word' id='word_1_293' title='bbox 479 2592 614 2648; x_wconf 89' lang='lat' dir='ltr'>miraturi</span> <span class='ocrx_word' id='word_1_294' title='bbox 634 2593 716 2655; x_wconf 88' lang='lat' dir='ltr'>estis,</span> <span class='ocrx_word' id='word_1_295' title='bbox 735 2603 783 2647; x_wconf 89' lang='lat' dir='ltr'>est</span> <span class='ocrx_word' id='word_1_296' title='bbox 804 2593 918 2648; x_wconf 89' lang='lat' dir='ltr'>maritis</span> <span class='ocrx_word' id='word_1_297' title='bbox 940 2604 1085 2664; x_wconf 88' lang='lat' dir='ltr'>perpetua</span> <span class='ocrx_word' id='word_1_298' title='bbox 1103 2592 1232 2649; x_wconf 78' lang='lat' dir='ltr'>facultas</span> 
     </span>
     <span class='ocr_line' id='line_1_31' title="bbox 86 2670 303 2739; baseline -0.009 -14"><span class='ocrx_word' id='word_1_299' title='bbox 86 2670 303 2739; x_wconf 79' lang='lat' dir='ltr'>deliciandi.”,</span> 
     </span>
    </p>

    <p class='ocr_par' dir='ltr' id='par_1_6' title="bbox 93 2748 1230 3050">
     <span class='ocr_line' id='line_1_32' title="bbox 160 2748 1229 2820; baseline 0.004 -18"><span class='ocrx_word' id='word_1_300' title='bbox 160 2748 278 2804; x_wconf 80' lang='lat' dir='ltr'>Novitii</span> <span class='ocrx_word' id='word_1_301' title='bbox 298 2749 339 2804; x_wconf 93' lang='lat' dir='ltr'>illi</span> <span class='ocrx_word' id='word_1_302' title='bbox 354 2748 485 2820; x_wconf 89' lang='lat' dir='ltr'>spiritus,</span> <span class='ocrx_word' id='word_1_303' title='bbox 497 2766 565 2804; x_wconf 91' lang='lat' dir='ltr'>cum</span> <span class='ocrx_word' id='word_1_304' title='bbox 579 2751 760 2805; x_wconf 88' lang='lat' dir='ltr'>audiverunt</span> <span class='ocrx_word' id='word_1_305' title='bbox 775 2752 856 2820; x_wconf 87' lang='lat' dir='ltr'>quod</span> <span class='ocrx_word' id='word_1_306' title='bbox 873 2768 932 2805; x_wconf 93' lang='lat' dir='ltr'>non</span> <span class='ocrx_word' id='word_1_307' title='bbox 949 2752 1025 2806; x_wconf 89' lang='lat' dir='ltr'>allus</span> <span class='ocrx_word' id='word_1_308' title='bbox 1039 2767 1126 2806; x_wconf 89' lang='lat' dir='ltr'>amor</span> <span class='ocrx_word' id='word_1_309' title='bbox 1139 2767 1229 2806; x_wconf 89' lang='lat' dir='ltr'>sexus</span> 
     </span>
     <span class='ocr_line' id='line_1_33' title="bbox 93 2828 1230 2901; baseline 0.002 -19"><span class='ocrx_word' id='word_1_310' title='bbox 93 2828 145 2883; x_wconf 87' lang='lat' dir='ltr'>ibi</span> <span class='ocrx_word' id='word_1_311' title='bbox 158 2838 242 2883; x_wconf 82' lang='lat' dir='ltr'>esset</span> <span class='ocrx_word' id='word_1_312' title='bbox 252 2845 343 2899; x_wconf 88' lang='lat' dir='ltr'>quam</span> <span class='ocrx_word' id='word_1_313' title='bbox 356 2845 442 2884; x_wconf 89' lang='lat' dir='ltr'>amor</span> <span class='ocrx_word' id='word_1_314' title='bbox 452 2830 639 2901; x_wconf 75' lang='lat' dir='ltr'>coniugialis,</span> <span class='ocrx_word' id='word_1_315' title='bbox 651 2841 682 2885; x_wconf 90' lang='lat' dir='ltr'>et</span> <span class='ocrx_word' id='word_1_316' title='bbox 693 2832 775 2900; x_wconf 91' lang='lat' dir='ltr'>quod</span> <span class='ocrx_word' id='word_1_317' title='bbox 790 2831 847 2884; x_wconf 88' lang='lat' dir='ltr'>illis</span> <span class='ocrx_word' id='word_1_318' title='bbox 861 2842 1004 2899; x_wconf 87' lang='lat' dir='ltr'>perpetua</span> <span class='ocrx_word' id='word_1_319' title='bbox 1017 2831 1142 2886; x_wconf 82' lang='lat' dir='ltr'>facultas</span> <span class='ocrx_word' id='word_1_320' title='bbox 1156 2831 1230 2885; x_wconf 90' lang='lat' dir='ltr'>deli-</span> 
     </span>
     <span class='ocr_line' id='line_1_34' title="bbox 99 2905 1230 2979; baseline 0.003 -17"><span class='ocrx_word' id='word_1_321' title='bbox 99 2908 206 2962; x_wconf 70' lang='lat' dir='ltr'>cianffl</span> <span class='ocrx_word' id='word_1_322' title='bbox 225 2919 314 2970; x_wconf 90' lang='lat' dir='ltr'>esset,</span> <span class='ocrx_word' id='word_1_323' title='bbox 329 2909 460 2963; x_wconf 85' lang='lat' dir='ltr'>riserunt</span> <span class='ocrx_word' id='word_1_324' title='bbox 478 2909 557 2963; x_wconf 87' lang='lat' dir='ltr'>inter</span> <span class='ocrx_word' id='word_1_325' title='bbox 575 2925 616 2971; x_wconf 86' lang='lat' dir='ltr'>se,</span> <span class='ocrx_word' id='word_1_326' title='bbox 631 2920 663 2964; x_wconf 90' lang='lat' dir='ltr'>et</span> <span class='ocrx_word' id='word_1_327' title='bbox 681 2905 832 2970; x_wconf 84' lang='lat' dir='ltr'>dixerunt,</span> <span class='ocrx_word' id='word_1_328' title='bbox 847 2909 1015 2979; x_wconf 83' lang='lat' dir='ltr'>“Loqueris</span> <span class='ocrx_word' id='word_1_329' title='bbox 1034 2910 1230 2974; x_wconf 82' lang='lat' dir='ltr'>incredibilia,</span> 
     </span>
     <span class='ocr_line' id='line_1_35' title="bbox 99 2986 938 3050; baseline 0.002 -9"><span class='ocrx_word' id='word_1_330' title='bbox 99 2987 176 3042; x_wconf 88' lang='lat' dir='ltr'>talis</span> <span class='ocrx_word' id='word_1_331' title='bbox 189 2986 317 3042; x_wconf 89' lang='lat' dir='ltr'>lacultas</span> <span class='ocrx_word' id='word_1_332' title='bbox 330 3003 391 3042; x_wconf 88' lang='lat' dir='ltr'>non</span> <span class='ocrx_word' id='word_1_333' title='bbox 404 2988 511 3043; x_wconf 89' lang='lat' dir='ltr'>dabilis</span> <span class='ocrx_word' id='word_1_334' title='bbox 524 2999 578 3050; x_wconf 87' lang='lat' dir='ltr'>est,</span> <span class='ocrx_word' id='word_1_335' title='bbox 592 3005 694 3043; x_wconf 89' lang='lat' dir='ltr'>narras</span> <span class='ocrx_word' id='word_1_336' title='bbox 707 2988 785 3043; x_wconf 88' lang='lat' dir='ltr'>lorte</span> <span class='ocrx_word' id='word_1_337' title='bbox 798 2988 938 3043; x_wconf 85' lang='lat' dir='ltr'>labulas.&#39;&#39;</span> 
     </span>
    </p>

    <p class='ocr_par' dir='ltr' id='par_1_7' title="bbox 107 3065 1229 3297">
     <span class='ocr_line' id='line_1_36' title="bbox 159 3065 1229 3139; baseline 0.001 -17"><span class='ocrx_word' id='word_1_338' title='bbox 159 3065 221 3122; x_wconf 86' lang='lat' dir='ltr'>Sed</span> <span class='ocrx_word' id='word_1_339' title='bbox 237 3077 311 3121; x_wconf 87' lang='lat' dir='ltr'>tunc</span> <span class='ocrx_word' id='word_1_340' title='bbox 323 3067 445 3138; x_wconf 89' lang='lat' dir='ltr'>quidam</span> <span class='ocrx_word' id='word_1_341' title='bbox 460 3068 583 3139; x_wconf 87' lang='lat' dir='ltr'>angelus</span> <span class='ocrx_word' id='word_1_342' title='bbox 598 3085 615 3122; x_wconf 96' lang='lat' dir='ltr'>e</span> <span class='ocrx_word' id='word_1_343' title='bbox 634 3069 718 3123; x_wconf 88' lang='lat' dir='ltr'>caelo</span> <span class='ocrx_word' id='word_1_344' title='bbox 732 3069 887 3138; x_wconf 90' lang='lat' dir='ltr'>inopinato</span> <span class='ocrx_word' id='word_1_345' title='bbox 900 3069 984 3123; x_wconf 90' lang='lat' dir='ltr'>stetit</span> <span class='ocrx_word' id='word_1_346' title='bbox 1000 3069 1030 3122; x_wconf 90' lang='lat' dir='ltr'>in</span> <span class='ocrx_word' id='word_1_347' title='bbox 1047 3068 1147 3122; x_wconf 90' lang='lat' dir='ltr'>medio</span> <span class='ocrx_word' id='word_1_348' title='bbox 1163 3068 1229 3123; x_wconf 90' lang='lat' dir='ltr'>illo-</span> 
     </span>
     <span class='ocr_line' id='line_1_37' title="bbox 107 3146 1227 3218; baseline 0.004 -19"><span class='ocrx_word' id='word_1_349' title='bbox 107 3160 181 3207; x_wconf 85' lang='lat' dir='ltr'>mm,</span> <span class='ocrx_word' id='word_1_350' title='bbox 193 3155 226 3200; x_wconf 89' lang='lat' dir='ltr'>et</span> <span class='ocrx_word' id='word_1_351' title='bbox 239 3146 324 3210; x_wconf 84' lang='lat' dir='ltr'>dixit,</span> <span class='ocrx_word' id='word_1_352' title='bbox 335 3147 474 3202; x_wconf 79' lang='lat' dir='ltr'>“Audite</span> <span class='ocrx_word' id='word_1_353' title='bbox 487 3164 542 3208; x_wconf 91' lang='lat' dir='ltr'>me,</span> <span class='ocrx_word' id='word_1_354' title='bbox 551 3164 679 3217; x_wconf 89' lang='lat' dir='ltr'>quaeso:</span> <span class='ocrx_word' id='word_1_355' title='bbox 699 3164 764 3202; x_wconf 90' lang='lat' dir='ltr'>sum</span> <span class='ocrx_word' id='word_1_356' title='bbox 777 3149 900 3218; x_wconf 88' lang='lat' dir='ltr'>angelus</span> <span class='ocrx_word' id='word_1_357' title='bbox 913 3149 996 3209; x_wconf 90' lang='lat' dir='ltr'>caeli,</span> <span class='ocrx_word' id='word_1_358' title='bbox 1007 3159 1038 3203; x_wconf 91' lang='lat' dir='ltr'>et</span> <span class='ocrx_word' id='word_1_359' title='bbox 1050 3164 1119 3201; x_wconf 92' lang='lat' dir='ltr'>cum</span> <span class='ocrx_word' id='word_1_360' title='bbox 1133 3163 1227 3203; x_wconf 85' lang='lat' dir='ltr'>uxore</span> 
     </span>
     <span class='ocr_line' id='line_1_38' title="bbox 109 3225 1229 3297; baseline 0.003 -19"><span class='ocrx_word' id='word_1_361' title='bbox 109 3241 175 3280; x_wconf 91' lang='lat' dir='ltr'>mea</span> <span class='ocrx_word' id='word_1_362' title='bbox 186 3225 247 3279; x_wconf 85' lang='lat' dir='ltr'>vixi</span> <span class='ocrx_word' id='word_1_363' title='bbox 264 3242 343 3280; x_wconf 90' lang='lat' dir='ltr'>nunc</span> <span class='ocrx_word' id='word_1_364' title='bbox 356 3227 437 3281; x_wconf 89' lang='lat' dir='ltr'>mille</span> <span class='ocrx_word' id='word_1_365' title='bbox 449 3227 544 3288; x_wconf 89' lang='lat' dir='ltr'>annis,</span> <span class='ocrx_word' id='word_1_366' title='bbox 557 3237 588 3281; x_wconf 91' lang='lat' dir='ltr'>et</span> <span class='ocrx_word' id='word_1_367' title='bbox 604 3243 657 3296; x_wconf 87' lang='lat' dir='ltr'>per</span> <span class='ocrx_word' id='word_1_368' title='bbox 672 3228 739 3282; x_wconf 90' lang='lat' dir='ltr'>illos</span> <span class='ocrx_word' id='word_1_369' title='bbox 755 3227 784 3281; x_wconf 90' lang='lat' dir='ltr'>in</span> <span class='ocrx_word' id='word_1_370' title='bbox 801 3228 891 3282; x_wconf 89' lang='lat' dir='ltr'>simili</span> <span class='ocrx_word' id='word_1_371' title='bbox 907 3228 980 3281; x_wconf 88' lang='lat' dir='ltr'>flore</span> <span class='ocrx_word' id='word_1_372' title='bbox 990 3227 1105 3287; x_wconf 90' lang='lat' dir='ltr'>aetatis,</span> <span class='ocrx_word' id='word_1_373' title='bbox 1121 3227 1149 3279; x_wconf 92' lang='lat' dir='ltr'>in</span> <span class='ocrx_word' id='word_1_374' title='bbox 1165 3242 1229 3297; x_wconf 85' lang='lat' dir='ltr'>quo</span> 
     </span>
    </p>

    <p class='ocr_par' dir='ltr' id='par_1_8' title="bbox 103 3304 1230 4096">
     <span class='ocr_line' id='line_1_39' title="bbox 110 3304 1228 3377; baseline 0.001 -20"><span class='ocrx_word' id='word_1_375' title='bbox 110 3320 161 3360; x_wconf 83' lang='lat' dir='ltr'>ros</span> <span class='ocrx_word' id='word_1_376' title='bbox 179 3319 229 3359; x_wconf 88' lang='lat' dir='ltr'>me</span> <span class='ocrx_word' id='word_1_377' title='bbox 247 3304 296 3359; x_wconf 86' lang='lat' dir='ltr'>hic</span> <span class='ocrx_word' id='word_1_378' title='bbox 308 3306 432 3367; x_wconf 81' lang='lat' dir='ltr'>videtis:</span> <span class='ocrx_word' id='word_1_379' title='bbox 454 3316 501 3361; x_wconf 90' lang='lat' dir='ltr'>est</span> <span class='ocrx_word' id='word_1_380' title='bbox 520 3307 593 3360; x_wconf 92' lang='lat' dir='ltr'>mihi</span> <span class='ocrx_word' id='word_1_381' title='bbox 613 3306 671 3361; x_wconf 91' lang='lat' dir='ltr'>hoc</span> <span class='ocrx_word' id='word_1_382' title='bbox 690 3324 727 3361; x_wconf 89' lang='lat' dir='ltr'>ex</span> <span class='ocrx_word' id='word_1_383' title='bbox 748 3323 850 3361; x_wconf 87' lang='lat' dir='ltr'>amore</span> <span class='ocrx_word' id='word_1_384' title='bbox 866 3307 1027 3377; x_wconf 88' lang='lat' dir='ltr'>conjugiali</span> <span class='ocrx_word' id='word_1_385' title='bbox 1046 3322 1114 3360; x_wconf 91' lang='lat' dir='ltr'>cum</span> <span class='ocrx_word' id='word_1_386' title='bbox 1135 3321 1228 3359; x_wconf 85' lang='lat' dir='ltr'>uxore</span> 
     </span>
     <span class='ocr_line' id='line_1_40' title="bbox 111 3384 1229 3456; baseline -0.001 -17"><span class='ocrx_word' id='word_1_387' title='bbox 111 3398 187 3439; x_wconf 85' lang='lat' dir='ltr'>mea:</span> <span class='ocrx_word' id='word_1_388' title='bbox 204 3395 236 3439; x_wconf 84' lang='lat' dir='ltr'>et</span> <span class='ocrx_word' id='word_1_389' title='bbox 254 3400 375 3454; x_wconf 88' lang='lat' dir='ltr'>possum</span> <span class='ocrx_word' id='word_1_390' title='bbox 389 3401 567 3447; x_wconf 87' lang='lat' dir='ltr'>asseverare,</span> <span class='ocrx_word' id='word_1_391' title='bbox 581 3387 661 3456; x_wconf 90' lang='lat' dir='ltr'>quod</span> <span class='ocrx_word' id='word_1_392' title='bbox 678 3386 751 3439; x_wconf 89' lang='lat' dir='ltr'>mihi</span> <span class='ocrx_word' id='word_1_393' title='bbox 768 3397 910 3456; x_wconf 87' lang='lat' dir='ltr'>perpetua</span> <span class='ocrx_word' id='word_1_394' title='bbox 930 3387 979 3440; x_wconf 89' lang='lat' dir='ltr'>illa</span> <span class='ocrx_word' id='word_1_395' title='bbox 997 3385 1123 3439; x_wconf 76' lang='lat' dir='ltr'>facultas</span> <span class='ocrx_word' id='word_1_396' title='bbox 1136 3384 1229 3438; x_wconf 88' lang='lat' dir='ltr'>luerit</span> 
     </span>
     <span class='ocr_line' id='line_1_41' title="bbox 109 3465 1230 3537; baseline -0.002 -19"><span class='ocrx_word' id='word_1_397' title='bbox 109 3474 138 3518; x_wconf 87' lang='lat' dir='ltr'>et</span> <span class='ocrx_word' id='word_1_398' title='bbox 149 3465 206 3528; x_wconf 84' lang='lat' dir='ltr'>sit;</span> <span class='ocrx_word' id='word_1_399' title='bbox 223 3475 255 3519; x_wconf 92' lang='lat' dir='ltr'>et</span> <span class='ocrx_word' id='word_1_400' title='bbox 266 3466 338 3535; x_wconf 90' lang='lat' dir='ltr'>quia</span> <span class='ocrx_word' id='word_1_401' title='bbox 347 3466 480 3536; x_wconf 90' lang='lat' dir='ltr'>percipio</span> <span class='ocrx_word' id='word_1_402' title='bbox 488 3466 570 3537; x_wconf 89' lang='lat' dir='ltr'>quod</span> <span class='ocrx_word' id='word_1_403' title='bbox 581 3483 635 3521; x_wconf 89' lang='lat' dir='ltr'>uos</span> <span class='ocrx_word' id='word_1_404' title='bbox 648 3468 776 3520; x_wconf 89' lang='lat' dir='ltr'>credatis</span> <span class='ocrx_word' id='word_1_405' title='bbox 789 3467 847 3521; x_wconf 88' lang='lat' dir='ltr'>hoc</span> <span class='ocrx_word' id='word_1_406' title='bbox 858 3483 917 3521; x_wconf 90' lang='lat' dir='ltr'>non</span> <span class='ocrx_word' id='word_1_407' title='bbox 929 3466 1027 3520; x_wconf 90' lang='lat' dir='ltr'>dabile</span> <span class='ocrx_word' id='word_1_408' title='bbox 1037 3481 1110 3525; x_wconf 88' lang='lat' dir='ltr'>esse,</span> <span class='ocrx_word' id='word_1_409' title='bbox 1122 3465 1230 3534; x_wconf 89' lang='lat' dir='ltr'>loquar</span> 
     </span>
     <span class='ocr_line' id='line_1_42' title="bbox 109 3542 1229 3601; baseline 0.001 -3"><span class='ocrx_word' id='word_1_410' title='bbox 109 3545 145 3599; x_wconf 88' lang='lat' dir='ltr'>de</span> <span class='ocrx_word' id='word_1_411' title='bbox 169 3545 227 3600; x_wconf 84' lang='lat' dir='ltr'>ltac</span> <span class='ocrx_word' id='word_1_412' title='bbox 250 3560 282 3599; x_wconf 87' lang='lat' dir='ltr'>re</span> <span class='ocrx_word' id='word_1_413' title='bbox 306 3561 375 3599; x_wconf 87' lang='lat' dir='ltr'>cum</span> <span class='ocrx_word' id='word_1_414' title='bbox 394 3547 480 3601; x_wconf 86' lang='lat' dir='ltr'>vobis</span> <span class='ocrx_word' id='word_1_415' title='bbox 504 3563 542 3601; x_wconf 89' lang='lat' dir='ltr'>ex</span> <span class='ocrx_word' id='word_1_416' title='bbox 566 3547 730 3601; x_wconf 88' lang='lat' dir='ltr'>rationibus</span> <span class='ocrx_word' id='word_1_417' title='bbox 749 3547 915 3601; x_wconf 87' lang='lat' dir='ltr'>secundum</span> <span class='ocrx_word' id='word_1_418' title='bbox 934 3548 1031 3601; x_wconf 89' lang='lat' dir='ltr'>lucem</span> <span class='ocrx_word' id='word_1_419' title='bbox 1058 3542 1229 3599; x_wconf 75' lang='lat' dir='ltr'>intelletius</span> 
     </span>
     <span class='ocr_line' id='line_1_43' title="bbox 108 3623 1229 3696; baseline 0 -19"><span class='ocrx_word' id='word_1_420' title='bbox 108 3625 208 3679; x_wconf 87' lang='lat' dir='ltr'>vestri.</span> <span class='ocrx_word' id='word_1_421' title='bbox 246 3623 315 3680; x_wconf 89' lang='lat' dir='ltr'>Non</span> <span class='ocrx_word' id='word_1_422' title='bbox 334 3625 417 3680; x_wconf 91' lang='lat' dir='ltr'>scitis</span> <span class='ocrx_word' id='word_1_423' title='bbox 432 3627 545 3696; x_wconf 88' lang='lat' dir='ltr'>aliquid</span> <span class='ocrx_word' id='word_1_424' title='bbox 562 3627 600 3680; x_wconf 91' lang='lat' dir='ltr'>de</span> <span class='ocrx_word' id='word_1_425' title='bbox 616 3635 697 3680; x_wconf 90' lang='lat' dir='ltr'>statu</span> <span class='ocrx_word' id='word_1_426' title='bbox 716 3627 871 3696; x_wconf 87' lang='lat' dir='ltr'>primaevo</span> <span class='ocrx_word' id='word_1_427' title='bbox 890 3626 1028 3686; x_wconf 90' lang='lat' dir='ltr'>hominis,</span> <span class='ocrx_word' id='word_1_428' title='bbox 1044 3625 1096 3695; x_wconf 91' lang='lat' dir='ltr'>qui</span> <span class='ocrx_word' id='word_1_429' title='bbox 1110 3640 1129 3678; x_wconf 98' lang='lat' dir='ltr'>a</span> <span class='ocrx_word' id='word_1_430' title='bbox 1141 3623 1229 3677; x_wconf 89' lang='lat' dir='ltr'>vobis</span> 
     </span>
     <span class='ocr_line' id='line_1_44' title="bbox 108 3703 1225 3777; baseline -0.001 -20"><span class='ocrx_word' id='word_1_431' title='bbox 108 3714 233 3758; x_wconf 79' lang='lat' dir='ltr'>vocatur</span> <span class='ocrx_word' id='word_1_432' title='bbox 251 3715 350 3759; x_wconf 86' lang='lat' dir='ltr'>status</span> <span class='ocrx_word' id='word_1_433' title='bbox 371 3704 567 3777; x_wconf 87' lang='lat' dir='ltr'>integritatis;</span> <span class='ocrx_word' id='word_1_434' title='bbox 592 3707 622 3759; x_wconf 90' lang='lat' dir='ltr'>in</span> <span class='ocrx_word' id='word_1_435' title='bbox 643 3707 695 3760; x_wconf 92' lang='lat' dir='ltr'>illo</span> <span class='ocrx_word' id='word_1_436' title='bbox 716 3716 796 3760; x_wconf 89' lang='lat' dir='ltr'>statu</span> <span class='ocrx_word' id='word_1_437' title='bbox 816 3705 937 3760; x_wconf 90' lang='lat' dir='ltr'>luerunt</span> <span class='ocrx_word' id='word_1_438' title='bbox 959 3705 1060 3759; x_wconf 90' lang='lat' dir='ltr'>omnia</span> <span class='ocrx_word' id='word_1_439' title='bbox 1080 3703 1225 3757; x_wconf 89' lang='lat' dir='ltr'>interiora</span> 
     </span>
     <span class='ocr_line' id='line_1_45' title="bbox 107 3782 1228 3860; baseline -0.009 -15"><span class='ocrx_word' id='word_1_440' title='bbox 107 3791 331 3860; x_wconf 82' lang='lat' dir='ltr'>mentisaperta</span> <span class='ocrx_word' id='word_1_441' title='bbox 342 3803 436 3860; x_wconf 89' lang='lat' dir='ltr'>usque</span> <span class='ocrx_word' id='word_1_442' title='bbox 449 3789 487 3842; x_wconf 92' lang='lat' dir='ltr'>ad</span> <span class='ocrx_word' id='word_1_443' title='bbox 502 3787 674 3847; x_wconf 88' lang='lat' dir='ltr'>Dominum,</span> <span class='ocrx_word' id='word_1_444' title='bbox 686 3796 717 3840; x_wconf 88' lang='lat' dir='ltr'>et</span> <span class='ocrx_word' id='word_1_445' title='bbox 730 3787 800 3840; x_wconf 90' lang='lat' dir='ltr'>inde</span> <span class='ocrx_word' id='word_1_446' title='bbox 814 3787 864 3840; x_wconf 90' lang='lat' dir='ltr'>illa</span> <span class='ocrx_word' id='word_1_447' title='bbox 877 3787 905 3840; x_wconf 90' lang='lat' dir='ltr'>in</span> <span class='ocrx_word' id='word_1_448' title='bbox 919 3785 1062 3855; x_wconf 88' lang='lat' dir='ltr'>conjugio</span> <span class='ocrx_word' id='word_1_449' title='bbox 1072 3782 1182 3837; x_wconf 90' lang='lat' dir='ltr'>amoris</span> <span class='ocrx_word' id='word_1_450' title='bbox 1194 3791 1228 3836; x_wconf 85' lang='lat' dir='ltr'>et</span> 
     </span>
     <span class='ocr_line' id='line_1_46' title="bbox 104 3861 1227 3940; baseline -0.01 -14"><span class='ocrx_word' id='word_1_451' title='bbox 104 3870 276 3940; x_wconf 82' lang='lat' dir='ltr'>sapientiae,</span> <span class='ocrx_word' id='word_1_452' title='bbox 290 3884 344 3924; x_wconf 86' lang='lat' dir='ltr'>seu</span> <span class='ocrx_word' id='word_1_453' title='bbox 358 3867 428 3922; x_wconf 88' lang='lat' dir='ltr'>boni</span> <span class='ocrx_word' id='word_1_454' title='bbox 443 3878 474 3921; x_wconf 91' lang='lat' dir='ltr'>et</span> <span class='ocrx_word' id='word_1_455' title='bbox 493 3867 572 3930; x_wconf 83' lang='lat' dir='ltr'>veri;</span> <span class='ocrx_word' id='word_1_456' title='bbox 593 3877 625 3921; x_wconf 89' lang='lat' dir='ltr'>et</span> <span class='ocrx_word' id='word_1_457' title='bbox 643 3866 714 3937; x_wconf 86' lang='lat' dir='ltr'>quia</span> <span class='ocrx_word' id='word_1_458' title='bbox 726 3868 838 3920; x_wconf 87' lang='lat' dir='ltr'>bonurn</span> <span class='ocrx_word' id='word_1_459' title='bbox 852 3866 962 3919; x_wconf 89' lang='lat' dir='ltr'>amoris</span> <span class='ocrx_word' id='word_1_460' title='bbox 980 3875 1011 3919; x_wconf 90' lang='lat' dir='ltr'>et</span> <span class='ocrx_word' id='word_1_461' title='bbox 1029 3879 1133 3918; x_wconf 90' lang='lat' dir='ltr'>verum</span> <span class='ocrx_word' id='word_1_462' title='bbox 1147 3861 1227 3931; x_wconf 88' lang='lat' dir='ltr'>sapi·</span> 
     </span>
     <span class='ocr_line' id='line_1_47' title="bbox 103 3945 1227 4020; baseline -0.01 -16"><span class='ocrx_word' id='word_1_463' title='bbox 103 3950 204 4005; x_wconf 85' lang='lat' dir='ltr'>entiae</span> <span class='ocrx_word' id='word_1_464' title='bbox 215 3964 248 4004; x_wconf 87' lang='lat' dir='ltr'>se</span> <span class='ocrx_word' id='word_1_465' title='bbox 264 3957 412 4020; x_wconf 90' lang='lat' dir='ltr'>perpetuo</span> <span class='ocrx_word' id='word_1_466' title='bbox 426 3957 537 4008; x_wconf 89' lang='lat' dir='ltr'>amant,</span> <span class='ocrx_word' id='word_1_467' title='bbox 550 3956 581 4001; x_wconf 88' lang='lat' dir='ltr'>et</span> <span class='ocrx_word' id='word_1_468' title='bbox 601 3957 746 4016; x_wconf 88' lang='lat' dir='ltr'>perpetuo</span> <span class='ocrx_word' id='word_1_469' title='bbox 759 3946 865 4000; x_wconf 91' lang='lat' dir='ltr'>volunt</span> <span class='ocrx_word' id='word_1_470' title='bbox 879 3945 972 4005; x_wconf 81' lang='lat' dir='ltr'>uniri:</span> <span class='ocrx_word' id='word_1_471' title='bbox 992 3952 1101 3998; x_wconf 89' lang='lat' dir='ltr'>etcum</span> <span class='ocrx_word' id='word_1_472' title='bbox 1121 3950 1227 4010; x_wconf 84' lang='lat' dir='ltr'>aperta</span> 
     </span>
     <span class='ocr_line' id='line_1_48' title="bbox 103 4025 1226 4096; baseline -0.011 -12"><span class='ocrx_word' id='word_1_473' title='bbox 103 4037 176 4084; x_wconf 85' lang='lat' dir='ltr'>sunt</span> <span class='ocrx_word' id='word_1_474' title='bbox 199 4028 343 4084; x_wconf 86' lang='lat' dir='ltr'>interiora</span> <span class='ocrx_word' id='word_1_475' title='bbox 367 4027 484 4087; x_wconf 89' lang='lat' dir='ltr'>mentis,</span> <span class='ocrx_word' id='word_1_476' title='bbox 508 4027 557 4080; x_wconf 91' lang='lat' dir='ltr'>ille</span> <span class='ocrx_word' id='word_1_477' title='bbox 581 4026 758 4096; x_wconf 75' lang='lat' dir='ltr'>coniugialia</span> <span class='ocrx_word' id='word_1_478' title='bbox 782 4025 947 4095; x_wconf 88' lang='lat' dir='ltr'>spiritualis</span> <span class='ocrx_word' id='word_1_479' title='bbox 973 4038 1057 4076; x_wconf 89' lang='lat' dir='ltr'>amor</span> <span class='ocrx_word' id='word_1_480' title='bbox 1077 4037 1146 4074; x_wconf 92' lang='lat' dir='ltr'>cum</span> <span class='ocrx_word' id='word_1_481' title='bbox 1169 4034 1226 4074; x_wconf 89' lang='lat' dir='ltr'>suo</span> 
     </span>
    </p>
   </div>
   <div class='ocr_carea' id='block_1_5' title="bbox 104 4099 1328 4194">
    <p class='ocr_par' dir='ltr' id='par_1_9' title="bbox 104 4099 1328 4194">
     <span class='ocr_line' id='line_1_49' title="bbox 104 4099 1328 4194; baseline -0.01 -29"><span class='ocrx_word' id='word_1_482' title='bbox 104 4107 279 4180; x_wconf 75' lang='lat' dir='ltr'>¹⁸¹perpetuo</span> <span class='ocrx_word' id='word_1_483' title='bbox 292 4107 360 4162; x_wconf 87' lang='lat' dir='ltr'>nisu</span> <span class='ocrx_word' id='word_1_484' title='bbox 370 4105 461 4161; x_wconf 90' lang='lat' dir='ltr'>libere</span> <span class='ocrx_word' id='word_1_485' title='bbox 475 4106 589 4168; x_wconf 87' lang='lat' dir='ltr'>defluit,</span> <span class='ocrx_word' id='word_1_486' title='bbox 597 4115 628 4160; x_wconf 94' lang='lat' dir='ltr'>et</span> <span class='ocrx_word' id='word_1_487' title='bbox 641 4105 720 4161; x_wconf 90' lang='lat' dir='ltr'>sistit</span> <span class='ocrx_word' id='word_1_488' title='bbox 734 4105 814 4158; x_wconf 91' lang='lat' dir='ltr'>illam</span> <span class='ocrx_word' id='word_1_489' title='bbox 828 4103 1009 4158; x_wconf 83' lang='lat' dir='ltr'>facultatem.</span> <span class='ocrx_word' id='word_1_490' title='bbox 1047 4100 1116 4171; x_wconf 84' lang='lat' dir='ltr'>ipsa</span> <span class='ocrx_word' id='word_1_491' title='bbox 1124 4099 1226 4154; x_wconf 90' lang='lat' dir='ltr'>anima</span> <span class='ocrx_word' id='word_1_492' title='bbox 1315 4173 1328 4194; x_wconf 39' lang='grc' dir='ltr'><strong><em>ο</em></strong></span> 
     </span>
    </p>
   </div>
   <div class='ocr_carea' id='block_1_6' title="bbox 0 0 1396 5026">
    <p class='ocr_par' dir='ltr' id='par_1_10' title="bbox 0 0 1396 5026">
     <span class='ocr_line' id='line_1_50' title="bbox 0 0 1396 5026; baseline 0 3"><span class='ocrx_word' id='word_1_493' title='bbox 0 0 1396 5026; x_wconf 95' lang='lat' dir='ltr'> </span> 
     </span>
    </p>
   </div>
  </div>
 </body>
</html>
