<?xml version="1.0" encoding="UTF-8"?>
<!DOCTYPE html PUBLIC "-//W3C//DTD XHTML 1.0 Transitional//EN"
    "http://www.w3.org/TR/xhtml1/DTD/xhtml1-transitional.dtd">
<html xmlns="http://www.w3.org/1999/xhtml" xml:lang="en" lang="en">
 <head>
  <title>
</title>
<meta http-equiv="Content-Type" content="text/html;charset=utf-8" />
  <meta name='ocr-system' content='tesseract 3.04.00' />
  <meta name='ocr-capabilities' content='ocr_page ocr_carea ocr_par ocr_line ocrx_word'/>
</head>
<body>
  <div class='ocr_page' id='page_1' title='image "./deliciaesapient00swedgoog_0404.png"; bbox 0 0 2782 5026; ppageno 0'>
   <div class='ocr_carea' id='block_1_1' title="bbox 353 192 1250 273">
    <p class='ocr_par' dir='ltr' id='par_1_1' title="bbox 353 192 1250 273">
     <span class='ocr_line' id='line_1_1' title="bbox 353 192 1250 273; baseline 0.008 -19"><span class='ocrx_word' id='word_1_1' title='bbox 353 205 404 255; x_wconf 79' lang='lat' dir='ltr'>nu</span> <span class='ocrx_word' id='word_1_2' title='bbox 429 201 564 255; x_wconf 79' lang='lat' dir='ltr'>nunna</span> <span class='ocrx_word' id='word_1_3' title='bbox 587 202 947 256; x_wconf 73' lang='lat' dir='ltr'>sconrnronro.-n.</span> <span class='ocrx_word' id='word_1_4' title='bbox 969 192 1039 273; x_wconf 81' lang='lat'>518.</span> <span class='ocrx_word' id='word_1_5' title='bbox 1190 205 1250 272; x_wconf 81' lang='lat'>395</span> 
     </span>
    </p>
   </div>
   <div class='ocr_carea' id='block_1_2' title="bbox 127 377 1253 653">
    <p class='ocr_par' dir='ltr' id='par_1_2' title="bbox 127 377 1253 653">
     <span class='ocr_line' id='line_1_2' title="bbox 128 377 1253 461; baseline 0.001 -19"><span class='ocrx_word' id='word_1_6' title='bbox 128 378 173 442; x_wconf 91' lang='lat' dir='ltr'>Hi</span> <span class='ocrx_word' id='word_1_7' title='bbox 192 399 273 443; x_wconf 92' lang='lat' dir='ltr'>cum</span> <span class='ocrx_word' id='word_1_8' title='bbox 292 379 448 443; x_wconf 89' lang='lat' dir='ltr'>sentiunt</span> <span class='ocrx_word' id='word_1_9' title='bbox 466 377 593 461; x_wconf 91' lang='lat' dir='ltr'>aliquid</span> <span class='ocrx_word' id='word_1_10' title='bbox 612 399 657 442; x_wconf 89' lang='lat' dir='ltr'>ex</span> <span class='ocrx_word' id='word_1_11' title='bbox 677 399 793 443; x_wconf 90' lang='lat' dir='ltr'>amore</span> <span class='ocrx_word' id='word_1_12' title='bbox 813 378 1006 461; x_wconf 85' lang='lat' dir='ltr'>conjugiali,</span> <span class='ocrx_word' id='word_1_13' title='bbox 1023 379 1199 461; x_wconf 82' lang='lat' dir='ltr'>aufugiunt</span> <span class='ocrx_word' id='word_1_14' title='bbox 1218 381 1253 444; x_wconf 93' lang='lat' dir='ltr'>in</span> 
     </span>
     <span class='ocr_line' id='line_1_3' title="bbox 127 474 1251 557; baseline 0.001 -19"><span class='ocrx_word' id='word_1_15' title='bbox 127 484 280 557; x_wconf 83' lang='lat' dir='ltr'><strong>cryptas,</strong></span> <span class='ocrx_word' id='word_1_16' title='bbox 291 484 328 539; x_wconf 89' lang='lat' dir='ltr'>et</span> <span class='ocrx_word' id='word_1_17' title='bbox 345 495 382 539; x_wconf 91' lang='lat' dir='ltr'>se</span> <span class='ocrx_word' id='word_1_18' title='bbox 394 474 632 553; x_wconf 89' lang='lat' dir='ltr'>abscondunt;</span> <span class='ocrx_word' id='word_1_19' title='bbox 655 483 736 537; x_wconf 90' lang='lat' dir='ltr'>sunt</span> <span class='ocrx_word' id='word_1_20' title='bbox 751 476 855 538; x_wconf 90' lang='lat' dir='ltr'>etiam</span> <span class='ocrx_word' id='word_1_21' title='bbox 868 475 998 557; x_wconf 92' lang='lat' dir='ltr'>absque</span> <span class='ocrx_word' id='word_1_22' title='bbox 1007 494 1123 538; x_wconf 90' lang='lat' dir='ltr'>amore</span> <span class='ocrx_word' id='word_1_23' title='bbox 1135 495 1251 553; x_wconf 89' lang='lat' dir='ltr'>sexus,</span> 
     </span>
     <span class='ocr_line' id='line_1_4' title="bbox 129 569 1157 653; baseline 0.002 -18"><span class='ocrx_word' id='word_1_24' title='bbox 129 581 162 635; x_wconf 89' lang='lat' dir='ltr'>et</span> <span class='ocrx_word' id='word_1_25' title='bbox 180 580 265 636; x_wconf 92' lang='lat' dir='ltr'>sunt</span> <span class='ocrx_word' id='word_1_26' title='bbox 284 572 379 653; x_wconf 88' lang='lat' dir='ltr'>ipsae</span> <span class='ocrx_word' id='word_1_27' title='bbox 398 571 645 653; x_wconf 80' lang='lat' dir='ltr'>impotentiae:</span> <span class='ocrx_word' id='word_1_28' title='bbox 668 582 838 636; x_wconf 89' lang='lat' dir='ltr'>vocantur</span> <span class='ocrx_word' id='word_1_29' title='bbox 854 571 946 653; x_wconf 84' lang='lat' dir='ltr'>genii</span> <span class='ocrx_word' id='word_1_30' title='bbox 965 569 1157 637; x_wconf 81' lang='lat' dir='ltr'><strong>infernales.</strong></span> 
     </span>
    </p>
   </div>
   <div class='ocr_carea' id='block_1_3' title="bbox 506 847 883 861">
    <p class='ocr_par' dir='ltr' id='par_1_3' title="bbox 506 847 883 861">
     <span class='ocr_line' id='line_1_5' title="bbox 506 847 883 861; baseline 0 -3"><span class='ocrx_word' id='word_1_31' title='bbox 506 847 883 861; x_wconf 39' lang='grc' dir='ltr'><strong>ἡ</strong></span> 
     </span>
    </p>
   </div>
   <div class='ocr_carea' id='block_1_4' title="bbox 610 1057 774 1145">
    <p class='ocr_par' dir='ltr' id='par_1_4' title="bbox 610 1057 774 1145">
     <span class='ocr_line' id='line_1_6' title="bbox 610 1057 774 1145; baseline -0.012 -21"><span class='ocrx_word' id='word_1_32' title='bbox 610 1057 774 1145; x_wconf 70' lang='lat' dir='ltr'>[xxvi]</span> 
     </span>
    </p>
   </div>
   <div class='ocr_carea' id='block_1_5' title="bbox 129 1242 1253 1418">
    <p class='ocr_par' dir='ltr' id='par_1_5' title="bbox 129 1242 1253 1418">
     <span class='ocr_line' id='line_1_7' title="bbox 129 1242 1253 1312; baseline 0.004 -5"><span class='ocrx_word' id='word_1_33' title='bbox 129 1244 188 1308; x_wconf 78' lang='lat' dir='ltr'>De</span> <span class='ocrx_word' id='word_1_34' title='bbox 226 1242 605 1309; x_wconf 79' lang='lat' dir='ltr'>Connnsnounnurm</span> <span class='ocrx_word' id='word_1_35' title='bbox 642 1243 949 1309; x_wconf 74' lang='lat' dir='ltr'>Sconrnrronun</span> <span class='ocrx_word' id='word_1_36' title='bbox 985 1258 1064 1310; x_wconf 81' lang='lat' dir='ltr'>cun</span> <span class='ocrx_word' id='word_1_37' title='bbox 1104 1244 1253 1312; x_wconf 74' lang='lat' dir='ltr'>Vrona·</span> 
     </span>
     <span class='ocr_line' id='line_1_8' title="bbox 390 1338 991 1418; baseline 0.003 -15"><span class='ocrx_word' id='word_1_38' title='bbox 390 1351 510 1403; x_wconf 77' lang='lat' dir='ltr'>mour:</span> <span class='ocrx_word' id='word_1_39' title='bbox 533 1339 714 1418; x_wconf 82' lang='lat' dir='ltr'>CouJucn</span> <span class='ocrx_word' id='word_1_40' title='bbox 738 1338 991 1405; x_wconf 77' lang='lat' dir='ltr'>Snmmuanrs.</span> 
     </span>
    </p>
   </div>
   <div class='ocr_carea' id='block_1_6' title="bbox 128 1522 1334 4275">
    <p class='ocr_par' dir='ltr' id='par_1_6' title="bbox 129 1522 1258 2350">
     <span class='ocr_line' id='line_1_9' title="bbox 193 1522 1254 1607; baseline -0.002 -19"><span class='ocrx_word' id='word_1_41' title='bbox 193 1539 291 1607; x_wconf 71' lang='lat'>515·</span> <span class='ocrx_word' id='word_1_42' title='bbox 322 1524 388 1587; x_wconf 90' lang='lat' dir='ltr'>Hic</span> <span class='ocrx_word' id='word_1_43' title='bbox 409 1523 621 1606; x_wconf 84' lang='lat' dir='ltr'>praefaturus</span> <span class='ocrx_word' id='word_1_44' title='bbox 639 1543 752 1587; x_wconf 90' lang='lat' dir='ltr'>essem</span> <span class='ocrx_word' id='word_1_45' title='bbox 771 1523 900 1605; x_wconf 91' lang='lat' dir='ltr'>aliquid</span> <span class='ocrx_word' id='word_1_46' title='bbox 918 1523 961 1588; x_wconf 91' lang='lat' dir='ltr'>de</span> <span class='ocrx_word' id='word_1_47' title='bbox 980 1522 1254 1604; x_wconf 89' lang='lat' dir='ltr'>corresponden-</span> 
     </span>
     <span class='ocr_line' id='line_1_10' title="bbox 129 1618 1254 1701; baseline 0.001 -20"><span class='ocrx_word' id='word_1_48' title='bbox 129 1618 189 1694; x_wconf 91' lang='lat' dir='ltr'>tia,</span> <span class='ocrx_word' id='word_1_49' title='bbox 215 1619 294 1701; x_wconf 91' lang='lat' dir='ltr'>quid</span> <span class='ocrx_word' id='word_1_50' title='bbox 318 1618 388 1693; x_wconf 91' lang='lat' dir='ltr'>illa,</span> <span class='ocrx_word' id='word_1_51' title='bbox 412 1620 473 1682; x_wconf 90' lang='lat' dir='ltr'>sed</span> <span class='ocrx_word' id='word_1_52' title='bbox 497 1619 562 1683; x_wconf 92' lang='lat' dir='ltr'>hoc</span> <span class='ocrx_word' id='word_1_53' title='bbox 587 1640 656 1683; x_wconf 93' lang='lat' dir='ltr'>non</span> <span class='ocrx_word' id='word_1_54' title='bbox 679 1619 777 1700; x_wconf 87' lang='lat' dir='ltr'>hujus</span> <span class='ocrx_word' id='word_1_55' title='bbox 800 1620 912 1700; x_wconf 89' lang='lat' dir='ltr'>operis</span> <span class='ocrx_word' id='word_1_56' title='bbox 935 1630 1007 1682; x_wconf 86' lang='lat' dir='ltr'>est:</span> <span class='ocrx_word' id='word_1_57' title='bbox 1032 1619 1112 1701; x_wconf 93' lang='lat' dir='ltr'>quid</span> <span class='ocrx_word' id='word_1_58' title='bbox 1136 1626 1254 1682; x_wconf 89' lang='lat' dir='ltr'>autem</span> 
     </span>
     <span class='ocr_line' id='line_1_11' title="bbox 130 1713 1253 1795; baseline 0 -18"><span class='ocrx_word' id='word_1_59' title='bbox 130 1714 450 1795; x_wconf 89' lang='lat' dir='ltr'>correspondentia,</span> <span class='ocrx_word' id='word_1_60' title='bbox 468 1715 503 1777; x_wconf 93' lang='lat' dir='ltr'>in</span> <span class='ocrx_word' id='word_1_61' title='bbox 522 1714 616 1778; x_wconf 85' lang='lat' dir='ltr'>brevi</span> <span class='ocrx_word' id='word_1_62' title='bbox 636 1715 821 1777; x_wconf 89' lang='lat' dir='ltr'>summario</span> <span class='ocrx_word' id='word_1_63' title='bbox 837 1715 998 1778; x_wconf 89' lang='lat' dir='ltr'>videatur</span> <span class='ocrx_word' id='word_1_64' title='bbox 1016 1734 1117 1794; x_wconf 90' lang='lat' dir='ltr'>supra</span> <span class='ocrx_word' id='word_1_65' title='bbox 1134 1713 1182 1795; x_wconf 92' lang='lat' dir='ltr'>(n.</span> <span class='ocrx_word' id='word_1_66' title='bbox 1199 1713 1253 1795; x_wconf 89' lang='lat'>76,</span> 
     </span>
     <span class='ocr_line' id='line_1_12' title="bbox 130 1807 1258 1891; baseline 0.001 -19"><span class='ocrx_word' id='word_1_67' title='bbox 130 1819 167 1872; x_wconf 94' lang='lat' dir='ltr'>et</span> <span class='ocrx_word' id='word_1_68' title='bbox 192 1829 224 1872; x_wconf 93' lang='lat' dir='ltr'>n.</span> <span class='ocrx_word' id='word_1_69' title='bbox 243 1807 340 1891; x_wconf 89' lang='lat'>342);</span> <span class='ocrx_word' id='word_1_70' title='bbox 364 1829 404 1872; x_wconf 89' lang='lat' dir='ltr'>ac</span> <span class='ocrx_word' id='word_1_71' title='bbox 421 1809 522 1891; x_wconf 85' lang='lat' dir='ltr'><strong>plene</strong></span> <span class='ocrx_word' id='word_1_72' title='bbox 541 1811 574 1872; x_wconf 92' lang='lat' dir='ltr'>in</span> <span class='ocrx_word' id='word_1_73' title='bbox 590 1807 799 1891; x_wconf 80' lang='lat' dir='ltr'>Apocalypsi</span> <span class='ocrx_word' id='word_1_74' title='bbox 810 1809 973 1872; x_wconf 81' lang='lat' dir='ltr'>Revelato</span> <span class='ocrx_word' id='word_1_75' title='bbox 991 1829 1011 1871; x_wconf 89' lang='lat' dir='ltr'>a</span> <span class='ocrx_word' id='word_1_76' title='bbox 1030 1809 1194 1890; x_wconf 89' lang='lat' dir='ltr'>principio</span> <span class='ocrx_word' id='word_1_77' title='bbox 1209 1809 1258 1873; x_wconf 91' lang='lat' dir='ltr'>ad·</span> 
     </span>
     <span class='ocr_line' id='line_1_13' title="bbox 129 1898 1254 1986; baseline 0.003 -21"><span class='ocrx_word' id='word_1_78' title='bbox 129 1898 246 1977; x_wconf 85' lang='lat' dir='ltr'>tinem,</span> <span class='ocrx_word' id='word_1_79' title='bbox 260 1904 350 1986; x_wconf 93' lang='lat' dir='ltr'>quod</span> <span class='ocrx_word' id='word_1_80' title='bbox 367 1904 411 1967; x_wconf 91' lang='lat' dir='ltr'>sit</span> <span class='ocrx_word' id='word_1_81' title='bbox 427 1905 517 1968; x_wconf 92' lang='lat' dir='ltr'>inter</span> <span class='ocrx_word' id='word_1_82' title='bbox 532 1923 669 1968; x_wconf 89' lang='lat' dir='ltr'>sensum</span> <span class='ocrx_word' id='word_1_83' title='bbox 687 1904 877 1967; x_wconf 86' lang='lat' dir='ltr'>naturalem</span> <span class='ocrx_word' id='word_1_84' title='bbox 894 1916 929 1968; x_wconf 88' lang='lat' dir='ltr'>et</span> <span class='ocrx_word' id='word_1_85' title='bbox 947 1923 1083 1967; x_wconf 90' lang='lat' dir='ltr'>sensum</span> <span class='ocrx_word' id='word_1_86' title='bbox 1096 1905 1254 1985; x_wconf 91' lang='lat' dir='ltr'>spiritua-</span> 
     </span>
     <span class='ocr_line' id='line_1_14' title="bbox 130 1997 1257 2080; baseline 0.002 -18"><span class='ocrx_word' id='word_1_87' title='bbox 130 1997 201 2062; x_wconf 91' lang='lat' dir='ltr'>lem</span> <span class='ocrx_word' id='word_1_88' title='bbox 220 1998 337 2063; x_wconf 85' lang='lat' dir='ltr'>Verbi.</span> <span class='ocrx_word' id='word_1_89' title='bbox 385 1998 486 2080; x_wconf 89' lang='lat' dir='ltr'>Quod</span> <span class='ocrx_word' id='word_1_90' title='bbox 506 2001 539 2064; x_wconf 95' lang='lat' dir='ltr'>in</span> <span class='ocrx_word' id='word_1_91' title='bbox 559 1999 678 2064; x_wconf 92' lang='lat' dir='ltr'>Verbo</span> <span class='ocrx_word' id='word_1_92' title='bbox 696 2002 739 2063; x_wconf 90' lang='lat' dir='ltr'>sit</span> <span class='ocrx_word' id='word_1_93' title='bbox 758 2020 877 2063; x_wconf 88' lang='lat' dir='ltr'>sensus</span> <span class='ocrx_word' id='word_1_94' title='bbox 896 2000 1061 2064; x_wconf 91' lang='lat' dir='ltr'>naturalis</span> <span class='ocrx_word' id='word_1_95' title='bbox 1078 2011 1114 2063; x_wconf 91' lang='lat' dir='ltr'>et</span> <span class='ocrx_word' id='word_1_96' title='bbox 1133 2019 1257 2064; x_wconf 90' lang='lat' dir='ltr'>sensus</span> 
     </span>
     <span class='ocr_line' id='line_1_15' title="bbox 129 2095 1258 2179; baseline 0 -20"><span class='ocrx_word' id='word_1_97' title='bbox 129 2095 328 2177; x_wconf 89' lang='lat' dir='ltr'>spiritualis,</span> <span class='ocrx_word' id='word_1_98' title='bbox 342 2104 377 2159; x_wconf 94' lang='lat' dir='ltr'>et</span> <span class='ocrx_word' id='word_1_99' title='bbox 394 2097 484 2158; x_wconf 89' lang='lat' dir='ltr'>inter</span> <span class='ocrx_word' id='word_1_100' title='bbox 495 2096 574 2159; x_wconf 91' lang='lat' dir='ltr'>illos</span> <span class='ocrx_word' id='word_1_101' title='bbox 586 2095 901 2179; x_wconf 89' lang='lat' dir='ltr'>correspondentia,</span> <span class='ocrx_word' id='word_1_102' title='bbox 915 2096 949 2158; x_wconf 93' lang='lat' dir='ltr'>in</span> <span class='ocrx_word' id='word_1_103' title='bbox 965 2095 1128 2159; x_wconf 73' lang='lat' dir='ltr'>Doiirr&#39;na</span> <span class='ocrx_word' id='word_1_104' title='bbox 1139 2096 1258 2159; x_wconf 84' lang='lat' dir='ltr'>Nouae</span> 
     </span>
     <span class='ocr_line' id='line_1_16' title="bbox 130 2188 1253 2274; baseline 0.001 -22"><span class='ocrx_word' id='word_1_105' title='bbox 130 2188 382 2272; x_wconf 64' lang='lat' dir='ltr'>Hirrosolymar</span> <span class='ocrx_word' id='word_1_106' title='bbox 395 2191 435 2254; x_wconf 80' lang='lat' dir='ltr'>dc</span> <span class='ocrx_word' id='word_1_107' title='bbox 450 2189 630 2272; x_wconf 83' lang='lat' dir='ltr'>Scriptura</span> <span class='ocrx_word' id='word_1_108' title='bbox 646 2189 764 2267; x_wconf 86' lang='lat' dir='ltr'>Sacra,</span> <span class='ocrx_word' id='word_1_109' title='bbox 784 2188 836 2273; x_wconf 89' lang='lat' dir='ltr'>(et</span> <span class='ocrx_word' id='word_1_110' title='bbox 852 2191 886 2254; x_wconf 91' lang='lat' dir='ltr'>in</span> <span class='ocrx_word' id='word_1_111' title='bbox 897 2192 1020 2273; x_wconf 89' lang='lat' dir='ltr'>specie,</span> <span class='ocrx_word' id='word_1_112' title='bbox 1035 2211 1067 2254; x_wconf 92' lang='lat' dir='ltr'>n.</span> <span class='ocrx_word' id='word_1_113' title='bbox 1081 2191 1162 2272; x_wconf 80' lang='lat'><strong>5-26</strong></span> <span class='ocrx_word' id='word_1_114' title='bbox 1178 2189 1253 2274; x_wconf 91' lang='lat' dir='ltr'>ibi,)</span> 
     </span>
     <span class='ocr_line' id='line_1_17' title="bbox 131 2286 823 2350; baseline -0.007 -1"><span class='ocrx_word' id='word_1_115' title='bbox 131 2286 408 2350; x_wconf 89' lang='lat' dir='ltr'>demonstratum</span> <span class='ocrx_word' id='word_1_116' title='bbox 427 2295 492 2349; x_wconf 88' lang='lat' dir='ltr'>est.</span> <span class='ocrx_word' id='word_1_117' title='bbox 820 2336 823 2344; x_wconf 93' lang='lat'>.</span> 
     </span>
    </p>

    <p class='ocr_par' dir='ltr' id='par_1_7' title="bbox 131 2374 1334 3418">
     <span class='ocr_line' id='line_1_18' title="bbox 195 2374 1253 2469; baseline 0.002 -25"><span class='ocrx_word' id='word_1_118' title='bbox 195 2380 293 2469; x_wconf 59' lang='grc' dir='ltr'>μβ.</span> <span class='ocrx_word' id='word_1_119' title='bbox 325 2380 387 2445; x_wconf 90' lang='lat' dir='ltr'>Per</span> <span class='ocrx_word' id='word_1_120' title='bbox 417 2381 609 2462; x_wconf 85' lang='lat' dir='ltr'>conjugium</span> <span class='ocrx_word' id='word_1_121' title='bbox 633 2380 809 2462; x_wconf 85' lang='lat' dir='ltr'>spirituale</span> <span class='ocrx_word' id='word_1_122' title='bbox 833 2374 1037 2463; x_wconf 64' lang='lat' dir='ltr'>intilligitur</span> <span class='ocrx_word' id='word_1_123' title='bbox 1058 2381 1253 2463; x_wconf 84' lang='lat' dir='ltr'>conjugium</span> 
     </span>
     <span class='ocr_line' id='line_1_19' title="bbox 131 2474 1250 2559; baseline 0.002 -21"><span class='ocrx_word' id='word_1_124' title='bbox 131 2474 271 2539; x_wconf 89' lang='lat' dir='ltr'>Domini</span> <span class='ocrx_word' id='word_1_125' title='bbox 291 2486 327 2539; x_wconf 89' lang='lat' dir='ltr'>et</span> <span class='ocrx_word' id='word_1_126' title='bbox 347 2475 525 2540; x_wconf 88' lang='lat' dir='ltr'>Ecclesiae</span> <span class='ocrx_word' id='word_1_127' title='bbox 546 2475 605 2559; x_wconf 93' lang='lat' dir='ltr'>(de</span> <span class='ocrx_word' id='word_1_128' title='bbox 623 2497 692 2559; x_wconf 90' lang='lat' dir='ltr'>quo</span> <span class='ocrx_word' id='word_1_129' title='bbox 710 2497 822 2558; x_wconf 87' lang='lat' dir='ltr'>supra,</span> <span class='ocrx_word' id='word_1_130' title='bbox 843 2496 875 2539; x_wconf 89' lang='lat' dir='ltr'>n.</span> <span class='ocrx_word' id='word_1_131' title='bbox 900 2475 1080 2559; x_wconf 86' lang='lat'>116-131);</span> <span class='ocrx_word' id='word_1_132' title='bbox 1110 2486 1147 2540; x_wconf 86' lang='lat' dir='ltr'>et</span> <span class='ocrx_word' id='word_1_133' title='bbox 1169 2476 1250 2540; x_wconf 88' lang='lat' dir='ltr'>inde</span> 
     </span>
     <span class='ocr_line' id='line_1_20' title="bbox 131 2570 1254 2654; baseline 0.002 -22"><span class='ocrx_word' id='word_1_134' title='bbox 131 2590 267 2653; x_wconf 90' lang='lat' dir='ltr'>quoque</span> <span class='ocrx_word' id='word_1_135' title='bbox 290 2570 484 2652; x_wconf 85' lang='lat' dir='ltr'>conjugium</span> <span class='ocrx_word' id='word_1_136' title='bbox 508 2572 590 2634; x_wconf 93' lang='lat' dir='ltr'>boni</span> <span class='ocrx_word' id='word_1_137' title='bbox 619 2581 654 2636; x_wconf 89' lang='lat' dir='ltr'>et</span> <span class='ocrx_word' id='word_1_138' title='bbox 683 2574 753 2635; x_wconf 89' lang='lat' dir='ltr'>veri</span> <span class='ocrx_word' id='word_1_139' title='bbox 778 2571 838 2653; x_wconf 90' lang='lat' dir='ltr'>(de</span> <span class='ocrx_word' id='word_1_140' title='bbox 867 2591 935 2654; x_wconf 92' lang='lat' dir='ltr'>quo</span> <span class='ocrx_word' id='word_1_141' title='bbox 957 2573 1062 2636; x_wconf 90' lang='lat' dir='ltr'>etiam</span> <span class='ocrx_word' id='word_1_142' title='bbox 1092 2590 1193 2652; x_wconf 88' lang='lat' dir='ltr'>supra</span> <span class='ocrx_word' id='word_1_143' title='bbox 1219 2590 1254 2634; x_wconf 93' lang='lat' dir='ltr'>n.</span> 
     </span>
     <span class='ocr_line' id='line_1_21' title="bbox 133 2664 1252 2749; baseline 0.002 -21"><span class='ocrx_word' id='word_1_144' title='bbox 133 2664 274 2748; x_wconf 84' lang='lat'>83-102)</span> <span class='ocrx_word' id='word_1_145' title='bbox 293 2686 301 2744; x_wconf 89' lang='lat'>;</span> <span class='ocrx_word' id='word_1_146' title='bbox 326 2676 361 2729; x_wconf 90' lang='lat' dir='ltr'>et</span> <span class='ocrx_word' id='word_1_147' title='bbox 380 2666 458 2749; x_wconf 90' lang='lat' dir='ltr'>quia</span> <span class='ocrx_word' id='word_1_148' title='bbox 476 2666 542 2729; x_wconf 92' lang='lat' dir='ltr'>hoc</span> <span class='ocrx_word' id='word_1_149' title='bbox 559 2667 755 2748; x_wconf 86' lang='lat' dir='ltr'>conjugium</span> <span class='ocrx_word' id='word_1_150' title='bbox 774 2676 828 2730; x_wconf 92' lang='lat' dir='ltr'>est</span> <span class='ocrx_word' id='word_1_151' title='bbox 848 2666 987 2730; x_wconf 89' lang='lat' dir='ltr'>Domini</span> <span class='ocrx_word' id='word_1_152' title='bbox 1006 2676 1041 2729; x_wconf 88' lang='lat' dir='ltr'>et</span> <span class='ocrx_word' id='word_1_153' title='bbox 1061 2665 1252 2741; x_wconf 86' lang='lat' dir='ltr'>Ecclesiae,</span> 
     </span>
     <span class='ocr_line' id='line_1_22' title="bbox 132 2760 1255 2843; baseline 0 -19"><span class='ocrx_word' id='word_1_154' title='bbox 132 2771 168 2824; x_wconf 91' lang='lat' dir='ltr'>et</span> <span class='ocrx_word' id='word_1_155' title='bbox 188 2760 266 2824; x_wconf 90' lang='lat' dir='ltr'>inde</span> <span class='ocrx_word' id='word_1_156' title='bbox 286 2760 480 2843; x_wconf 85' lang='lat' dir='ltr'>conjugium</span> <span class='ocrx_word' id='word_1_157' title='bbox 499 2761 580 2825; x_wconf 90' lang='lat' dir='ltr'>boni</span> <span class='ocrx_word' id='word_1_158' title='bbox 599 2772 634 2825; x_wconf 92' lang='lat' dir='ltr'>et</span> <span class='ocrx_word' id='word_1_159' title='bbox 652 2763 735 2837; x_wconf 88' lang='lat' dir='ltr'>veri,</span> <span class='ocrx_word' id='word_1_160' title='bbox 753 2772 806 2826; x_wconf 87' lang='lat' dir='ltr'>est</span> <span class='ocrx_word' id='word_1_161' title='bbox 826 2762 859 2825; x_wconf 92' lang='lat' dir='ltr'>in</span> <span class='ocrx_word' id='word_1_162' title='bbox 879 2760 1036 2824; x_wconf 91' lang='lat' dir='ltr'>omnibus</span> <span class='ocrx_word' id='word_1_163' title='bbox 1055 2773 1091 2825; x_wconf 97' lang='lat' dir='ltr'>et</span> <span class='ocrx_word' id='word_1_164' title='bbox 1109 2761 1255 2843; x_wconf 83' lang='lat' dir='ltr'>singulis</span> 
     </span>
     <span class='ocr_line' id='line_1_23' title="bbox 132 2852 1255 2938; baseline -0.001 -19"><span class='ocrx_word' id='word_1_165' title='bbox 132 2852 250 2930; x_wconf 87' lang='lat' dir='ltr'>Verbi,</span> <span class='ocrx_word' id='word_1_166' title='bbox 275 2865 329 2919; x_wconf 86' lang='lat' dir='ltr'>est</span> <span class='ocrx_word' id='word_1_167' title='bbox 359 2855 455 2936; x_wconf 88' lang='lat' dir='ltr'>hujus</span> <span class='ocrx_word' id='word_1_168' title='bbox 481 2855 631 2931; x_wconf 91' lang='lat' dir='ltr'>violatio,</span> <span class='ocrx_word' id='word_1_169' title='bbox 656 2877 742 2938; x_wconf 89' lang='lat' dir='ltr'>quae</span> <span class='ocrx_word' id='word_1_170' title='bbox 774 2876 833 2937; x_wconf 89' lang='lat' dir='ltr'>per</span> <span class='ocrx_word' id='word_1_171' title='bbox 862 2855 1084 2919; x_wconf 91' lang='lat' dir='ltr'>violationem</span> <span class='ocrx_word' id='word_1_172' title='bbox 1108 2855 1255 2938; x_wconf 86' lang='lat' dir='ltr'>conjugii</span> 
     </span>
     <span class='ocr_line' id='line_1_24' title="bbox 132 2950 1334 3040; baseline 0.002 -28"><span class='ocrx_word' id='word_1_173' title='bbox 132 2950 315 3030; x_wconf 89' lang='lat' dir='ltr'>spiritualis</span> <span class='ocrx_word' id='word_1_174' title='bbox 338 2952 391 3014; x_wconf 90' lang='lat' dir='ltr'>hic</span> <span class='ocrx_word' id='word_1_175' title='bbox 412 2950 625 3033; x_wconf 88' lang='lat' dir='ltr'>intelligitur,</span> <span class='ocrx_word' id='word_1_176' title='bbox 646 2962 699 3015; x_wconf 89' lang='lat' dir='ltr'>est</span> <span class='ocrx_word' id='word_1_177' title='bbox 723 2953 814 3014; x_wconf 90' lang='lat' dir='ltr'>enim</span> <span class='ocrx_word' id='word_1_178' title='bbox 833 2950 978 3014; x_wconf 89' lang='lat' dir='ltr'>ecclesia</span> <span class='ocrx_word' id='word_1_179' title='bbox 1002 2972 1047 3015; x_wconf 89' lang='lat' dir='ltr'>ex</span> <span class='ocrx_word' id='word_1_180' title='bbox 1067 2950 1196 3027; x_wconf 89' lang='lat' dir='ltr'>Verbo,</span> <span class='ocrx_word' id='word_1_181' title='bbox 1217 2960 1254 3014; x_wconf 86' lang='lat' dir='ltr'>et</span> <span class='ocrx_word' id='word_1_182' title='bbox 1329 3030 1334 3040; x_wconf 31' lang='grc' dir='ltr'>Ι</span> 
     </span>
     <span class='ocr_line' id='line_1_25' title="bbox 131 3044 1255 3128; baseline 0 -20"><span class='ocrx_word' id='word_1_183' title='bbox 131 3044 286 3109; x_wconf 89' lang='lat' dir='ltr'>Verbum</span> <span class='ocrx_word' id='word_1_184' title='bbox 309 3058 362 3110; x_wconf 89' lang='lat' dir='ltr'>est</span> <span class='ocrx_word' id='word_1_185' title='bbox 394 3047 569 3110; x_wconf 90' lang='lat' dir='ltr'>Dominus.</span> <span class='ocrx_word' id='word_1_186' title='bbox 618 3045 786 3110; x_wconf 90' lang='lat' dir='ltr'>Dominus</span> <span class='ocrx_word' id='word_1_187' title='bbox 816 3055 869 3110; x_wconf 90' lang='lat' dir='ltr'>est</span> <span class='ocrx_word' id='word_1_188' title='bbox 900 3046 1065 3118; x_wconf 89' lang='lat' dir='ltr'>Verbum,</span> <span class='ocrx_word' id='word_1_189' title='bbox 1093 3047 1172 3128; x_wconf 90' lang='lat' dir='ltr'>quia</span> <span class='ocrx_word' id='word_1_190' title='bbox 1201 3056 1255 3109; x_wconf 89' lang='lat' dir='ltr'>est</span> 
     </span>
     <span class='ocr_line' id='line_1_26' title="bbox 132 3140 1256 3223; baseline 0.004 -20"><span class='ocrx_word' id='word_1_191' title='bbox 132 3140 293 3204; x_wconf 91' lang='lat' dir='ltr'>Divinum</span> <span class='ocrx_word' id='word_1_192' title='bbox 318 3141 451 3205; x_wconf 92' lang='lat' dir='ltr'>Bonum</span> <span class='ocrx_word' id='word_1_193' title='bbox 474 3152 509 3206; x_wconf 88' lang='lat' dir='ltr'>et</span> <span class='ocrx_word' id='word_1_194' title='bbox 533 3142 694 3206; x_wconf 90' lang='lat' dir='ltr'>Divinum</span> <span class='ocrx_word' id='word_1_195' title='bbox 717 3142 848 3206; x_wconf 89' lang='lat' dir='ltr'>Verum</span> <span class='ocrx_word' id='word_1_196' title='bbox 871 3142 927 3206; x_wconf 93' lang='lat' dir='ltr'>ibi.</span> <span class='ocrx_word' id='word_1_197' title='bbox 974 3141 1076 3223; x_wconf 84' lang='lat' dir='ltr'>Quod</span> <span class='ocrx_word' id='word_1_198' title='bbox 1100 3140 1256 3207; x_wconf 87' lang='lat' dir='ltr'>Verbum</span> 
     </span>
     <span class='ocr_line' id='line_1_27' title="bbox 131 3236 1256 3319; baseline 0.001 -21"><span class='ocrx_word' id='word_1_199' title='bbox 131 3237 177 3299; x_wconf 89' lang='lat' dir='ltr'>sit</span> <span class='ocrx_word' id='word_1_200' title='bbox 207 3236 291 3299; x_wconf 91' lang='lat' dir='ltr'>illud</span> <span class='ocrx_word' id='word_1_201' title='bbox 319 3237 524 3319; x_wconf 88' lang='lat' dir='ltr'>conjugium,</span> <span class='ocrx_word' id='word_1_202' title='bbox 549 3239 582 3302; x_wconf 94' lang='lat' dir='ltr'>in</span> <span class='ocrx_word' id='word_1_203' title='bbox 612 3237 778 3301; x_wconf 70' lang='lat' dir='ltr'>Docirino</span> <span class='ocrx_word' id='word_1_204' title='bbox 800 3237 917 3309; x_wconf 79' lang='lat' dir='ltr'>Novae</span> <span class='ocrx_word' id='word_1_205' title='bbox 936 3237 1189 3319; x_wconf 62' lang='lat' dir='ltr'>Heirosolyme</span> <span class='ocrx_word' id='word_1_206' title='bbox 1214 3237 1256 3299; x_wconf 82' lang='lat' dir='ltr'>de</span> 
     </span>
     <span class='ocr_line' id='line_1_28' title="bbox 131 3331 1212 3418; baseline -0.001 -23"><span class='ocrx_word' id='word_1_207' title='bbox 131 3331 311 3414; x_wconf 84' lang='lat' dir='ltr'>Scriptura</span> <span class='ocrx_word' id='word_1_208' title='bbox 331 3333 438 3398; x_wconf 86' lang='lat' dir='ltr'>Sacra</span> <span class='ocrx_word' id='word_1_209' title='bbox 458 3332 505 3418; x_wconf 84' lang='lat' dir='ltr'>(n.</span> <span class='ocrx_word' id='word_1_210' title='bbox 524 3333 643 3416; x_wconf 90' lang='lat'>80-90)</span> <span class='ocrx_word' id='word_1_211' title='bbox 669 3332 769 3415; x_wconf 90' lang='lat' dir='ltr'>plene</span> <span class='ocrx_word' id='word_1_212' title='bbox 789 3332 1027 3397; x_wconf 90' lang='lat' dir='ltr'>confirmatum</span> <span class='ocrx_word' id='word_1_213' title='bbox 1047 3334 1212 3395; x_wconf 90' lang='lat' dir='ltr'>videatur.</span> 
     </span>
    </p>

    <p class='ocr_par' dir='ltr' id='par_1_8' title="bbox 128 3428 1255 4085">
     <span class='ocr_line' id='line_1_29' title="bbox 193 3428 1255 3514; baseline 0 -23"><span class='ocrx_word' id='word_1_214' title='bbox 193 3441 287 3511; x_wconf 72' lang='lat'>517·</span> <span class='ocrx_word' id='word_1_215' title='bbox 317 3428 403 3494; x_wconf 89' lang='lat' dir='ltr'>Cum</span> <span class='ocrx_word' id='word_1_216' title='bbox 426 3431 541 3514; x_wconf 87' lang='lat' dir='ltr'>itaque</span> <span class='ocrx_word' id='word_1_217' title='bbox 563 3428 706 3493; x_wconf 89' lang='lat' dir='ltr'>violatio</span> <span class='ocrx_word' id='word_1_218' title='bbox 729 3429 877 3511; x_wconf 87' lang='lat' dir='ltr'>conjugii</span> <span class='ocrx_word' id='word_1_219' title='bbox 896 3428 1081 3511; x_wconf 87' lang='lat' dir='ltr'>spiritualis</span> <span class='ocrx_word' id='word_1_220' title='bbox 1104 3437 1157 3491; x_wconf 89' lang='lat' dir='ltr'>est</span> <span class='ocrx_word' id='word_1_221' title='bbox 1181 3428 1255 3491; x_wconf 91' lang='lat' dir='ltr'>vio·</span> 
     </span>
     <span class='ocr_line' id='line_1_30' title="bbox 130 3521 1254 3606; baseline 0.001 -22"><span class='ocrx_word' id='word_1_222' title='bbox 130 3521 217 3586; x_wconf 87' lang='lat' dir='ltr'>latio</span> <span class='ocrx_word' id='word_1_223' title='bbox 236 3522 354 3599; x_wconf 86' lang='lat' dir='ltr'>Verbi,</span> <span class='ocrx_word' id='word_1_224' title='bbox 374 3535 471 3606; x_wconf 88' lang='lat' dir='ltr'>patet</span> <span class='ocrx_word' id='word_1_225' title='bbox 491 3525 582 3606; x_wconf 92' lang='lat' dir='ltr'>quod</span> <span class='ocrx_word' id='word_1_226' title='bbox 605 3524 690 3588; x_wconf 91' lang='lat' dir='ltr'>haec</span> <span class='ocrx_word' id='word_1_227' title='bbox 710 3524 852 3588; x_wconf 90' lang='lat' dir='ltr'>violatio</span> <span class='ocrx_word' id='word_1_228' title='bbox 877 3525 922 3588; x_wconf 90' lang='lat' dir='ltr'>sit</span> <span class='ocrx_word' id='word_1_229' title='bbox 941 3522 1150 3587; x_wconf 87' lang='lat' dir='ltr'>adulteratio</span> <span class='ocrx_word' id='word_1_230' title='bbox 1172 3522 1254 3585; x_wconf 93' lang='lat' dir='ltr'>boni</span> 
     </span>
     <span class='ocr_line' id='line_1_31' title="bbox 130 3615 1254 3703; baseline -0.004 -20"><span class='ocrx_word' id='word_1_231' title='bbox 130 3628 168 3683; x_wconf 91' lang='lat' dir='ltr'>et</span> <span class='ocrx_word' id='word_1_232' title='bbox 190 3619 384 3683; x_wconf 80' lang='lat' dir='ltr'>falsificatio</span> <span class='ocrx_word' id='word_1_233' title='bbox 406 3621 497 3697; x_wconf 88' lang='lat' dir='ltr'>veri;</span> <span class='ocrx_word' id='word_1_234' title='bbox 524 3619 720 3701; x_wconf 85' lang='lat' dir='ltr'>conjugium</span> <span class='ocrx_word' id='word_1_235' title='bbox 744 3621 835 3683; x_wconf 91' lang='lat' dir='ltr'>enim</span> <span class='ocrx_word' id='word_1_236' title='bbox 859 3617 1035 3703; x_wconf 86' lang='lat' dir='ltr'>spirituale</span> <span class='ocrx_word' id='word_1_237' title='bbox 1058 3627 1112 3681; x_wconf 90' lang='lat' dir='ltr'>est</span> <span class='ocrx_word' id='word_1_238' title='bbox 1136 3615 1254 3699; x_wconf 86' lang='lat' dir='ltr'>conju·</span> 
     </span>
     <span class='ocr_line' id='line_1_32' title="bbox 130 3710 1255 3798; baseline -0.003 -20"><span class='ocrx_word' id='word_1_239' title='bbox 130 3716 225 3798; x_wconf 82' lang='lat' dir='ltr'>gium</span> <span class='ocrx_word' id='word_1_240' title='bbox 241 3716 322 3778; x_wconf 92' lang='lat' dir='ltr'>boni</span> <span class='ocrx_word' id='word_1_241' title='bbox 341 3725 377 3778; x_wconf 88' lang='lat' dir='ltr'>et</span> <span class='ocrx_word' id='word_1_242' title='bbox 400 3716 482 3789; x_wconf 87' lang='lat' dir='ltr'>veri,</span> <span class='ocrx_word' id='word_1_243' title='bbox 503 3726 540 3778; x_wconf 93' lang='lat' dir='ltr'>ut</span> <span class='ocrx_word' id='word_1_244' title='bbox 563 3713 693 3779; x_wconf 67' lang='lat' dir='ltr'>dicium</span> <span class='ocrx_word' id='word_1_245' title='bbox 712 3724 785 3793; x_wconf 88' lang='lat' dir='ltr'>est;</span> <span class='ocrx_word' id='word_1_246' title='bbox 813 3714 892 3778; x_wconf 92' lang='lat' dir='ltr'>inde</span> <span class='ocrx_word' id='word_1_247' title='bbox 910 3714 1142 3796; x_wconf 86' lang='lat' dir='ltr'>consequitur,</span> <span class='ocrx_word' id='word_1_248' title='bbox 1162 3710 1255 3793; x_wconf 90' lang='lat' dir='ltr'>quod</span> 
     </span>
     <span class='ocr_line' id='line_1_33' title="bbox 131 3806 1255 3881; baseline -0.003 -7"><span class='ocrx_word' id='word_1_249' title='bbox 131 3811 213 3874; x_wconf 90' lang='lat' dir='ltr'>durn</span> <span class='ocrx_word' id='word_1_250' title='bbox 231 3810 446 3874; x_wconf 89' lang='lat' dir='ltr'>adulteratur</span> <span class='ocrx_word' id='word_1_251' title='bbox 464 3811 591 3874; x_wconf 91' lang='lat' dir='ltr'>bonurn</span> <span class='ocrx_word' id='word_1_252' title='bbox 615 3820 650 3874; x_wconf 90' lang='lat' dir='ltr'>et</span> <span class='ocrx_word' id='word_1_253' title='bbox 674 3810 875 3874; x_wconf 84' lang='lat' dir='ltr'>falsificatur</span> <span class='ocrx_word' id='word_1_254' title='bbox 892 3829 1009 3873; x_wconf 90' lang='lat' dir='ltr'>verum</span> <span class='ocrx_word' id='word_1_255' title='bbox 1030 3807 1149 3881; x_wconf 87' lang='lat' dir='ltr'>Verbi,</span> <span class='ocrx_word' id='word_1_256' title='bbox 1170 3806 1255 3871; x_wconf 92' lang='lat' dir='ltr'>illud</span> 
     </span>
     <span class='ocr_line' id='line_1_34' title="bbox 130 3902 1253 3989; baseline -0.005 -18"><span class='ocrx_word' id='word_1_257' title='bbox 130 3905 327 3988; x_wconf 83' lang='lat' dir='ltr'>conjugium</span> <span class='ocrx_word' id='word_1_258' title='bbox 343 3905 491 3970; x_wconf 90' lang='lat' dir='ltr'>violetur</span> <span class='ocrx_word' id='word_1_259' title='bbox 504 3927 511 3983; x_wconf 89' lang='grc'>;</span> <span class='ocrx_word' id='word_1_260' title='bbox 535 3926 623 3987; x_wconf 90' lang='lat' dir='ltr'>quae</span> <span class='ocrx_word' id='word_1_261' title='bbox 636 3906 781 3970; x_wconf 89' lang='lat' dir='ltr'>violatio</span> <span class='ocrx_word' id='word_1_262' title='bbox 793 3905 965 3989; x_wconf 93' lang='lat' dir='ltr'>quomodo</span> <span class='ocrx_word' id='word_1_263' title='bbox 977 3903 1016 3968; x_wconf 88' lang='lat' dir='ltr'>fit</span> <span class='ocrx_word' id='word_1_264' title='bbox 1032 3913 1068 3968; x_wconf 88' lang='lat' dir='ltr'>et</span> <span class='ocrx_word' id='word_1_265' title='bbox 1083 3924 1105 3968; x_wconf 91' lang='lat' dir='ltr'>a</span> <span class='ocrx_word' id='word_1_266' title='bbox 1121 3902 1253 3987; x_wconf 90' lang='lat' dir='ltr'>quibus,</span> 
     </span>
     <span class='ocr_line' id='line_1_35' title="bbox 128 4001 1037 4085; baseline -0.004 -19"><span class='ocrx_word' id='word_1_267' title='bbox 128 4022 177 4066; x_wconf 86' lang='lat' dir='ltr'>ex</span> <span class='ocrx_word' id='word_1_268' title='bbox 195 4003 250 4066; x_wconf 91' lang='lat' dir='ltr'>his</span> <span class='ocrx_word' id='word_1_269' title='bbox 268 4022 357 4084; x_wconf 89' lang='lat' dir='ltr'>quae</span> <span class='ocrx_word' id='word_1_270' title='bbox 376 4003 641 4084; x_wconf 87' lang='lat' dir='ltr'>subsequuntur,</span> <span class='ocrx_word' id='word_1_271' title='bbox 661 4001 910 4085; x_wconf 89' lang='lat' dir='ltr'>aliquantisper</span> <span class='ocrx_word' id='word_1_272' title='bbox 929 4008 1037 4081; x_wconf 89' lang='lat' dir='ltr'>patet.</span> 
     </span>
    </p>

    <p class='ocr_par' dir='ltr' id='par_1_9' title="bbox 129 4092 1254 4275">
     <span class='ocr_line' id='line_1_36' title="bbox 129 4092 1254 4179; baseline -0.003 -17"><span class='ocrx_word' id='word_1_273' title='bbox 129 4112 132 4119; x_wconf 86' lang='lat'>·</span> <span class='ocrx_word' id='word_1_274' title='bbox 193 4096 292 4179; x_wconf 75' lang='lat'>518.</span> <span class='ocrx_word' id='word_1_275' title='bbox 322 4095 427 4171; x_wconf 90' lang='lat' dir='ltr'>Prius,</span> <span class='ocrx_word' id='word_1_276' title='bbox 458 4098 514 4160; x_wconf 92' lang='lat' dir='ltr'>ubi</span> <span class='ocrx_word' id='word_1_277' title='bbox 543 4094 658 4161; x_wconf 66' lang='lat' dir='ltr'>actum</span> <span class='ocrx_word' id='word_1_278' title='bbox 692 4107 747 4162; x_wconf 89' lang='lat' dir='ltr'>est</span> <span class='ocrx_word' id='word_1_279' title='bbox 780 4098 824 4160; x_wconf 91' lang='lat' dir='ltr'>de</span> <span class='ocrx_word' id='word_1_280' title='bbox 857 4094 1017 4176; x_wconf 87' lang='lat' dir='ltr'>conjugio</span> <span class='ocrx_word' id='word_1_281' title='bbox 1046 4092 1187 4159; x_wconf 93' lang='lat' dir='ltr'>Domini</span> <span class='ocrx_word' id='word_1_282' title='bbox 1217 4101 1254 4159; x_wconf 91' lang='lat' dir='ltr'>et</span> 
     </span>
     <span class='ocr_line' id='line_1_37' title="bbox 133 4188 1254 4275; baseline -0.004 -19"><span class='ocrx_word' id='word_1_283' title='bbox 133 4190 313 4257; x_wconf 85' lang='lat' dir='ltr'>Ecclesiae</span> <span class='ocrx_word' id='word_1_284' title='bbox 338 4189 385 4275; x_wconf 84' lang='lat' dir='ltr'>(n.</span> <span class='ocrx_word' id='word_1_285' title='bbox 413 4191 481 4269; x_wconf 90' lang='lat'>116,</span> <span class='ocrx_word' id='word_1_286' title='bbox 505 4192 606 4275; x_wconf 88' lang='lat' dir='ltr'>seq.),</span> <span class='ocrx_word' id='word_1_287' title='bbox 631 4203 667 4258; x_wconf 90' lang='lat' dir='ltr'>et</span> <span class='ocrx_word' id='word_1_288' title='bbox 690 4192 747 4255; x_wconf 90' lang='lat' dir='ltr'>ubi</span> <span class='ocrx_word' id='word_1_289' title='bbox 771 4191 814 4256; x_wconf 91' lang='lat' dir='ltr'>de</span> <span class='ocrx_word' id='word_1_290' title='bbox 837 4189 997 4274; x_wconf 86' lang='lat' dir='ltr'>conjugio</span> <span class='ocrx_word' id='word_1_291' title='bbox 1019 4189 1101 4254; x_wconf 90' lang='lat' dir='ltr'>boni</span> <span class='ocrx_word' id='word_1_292' title='bbox 1124 4198 1161 4256; x_wconf 87' lang='lat' dir='ltr'>et</span> <span class='ocrx_word' id='word_1_293' title='bbox 1182 4188 1254 4255; x_wconf 88' lang='lat' dir='ltr'>veri</span> 
     </span>
    </p>
   </div>
   <div class='ocr_carea' id='block_1_7' title="bbox 0 0 1401 5026">
    <p class='ocr_par' dir='ltr' id='par_1_10' title="bbox 0 0 1401 5026">
     <span class='ocr_line' id='line_1_38' title="bbox 0 0 1401 5026; baseline 0 0"><span class='ocrx_word' id='word_1_294' title='bbox 0 0 1401 5026; x_wconf 95' lang='lat' dir='ltr'> </span> 
     </span>
    </p>
   </div>
  </div>
 </body>
</html>
