2782 5026
176 415 241 495 3⁸4
507 417 757 471 votumrrs
778 417 964 468 ursam

230 590 466 663 Responderunt
480 589 578 660 primi,
589 587 643 658 qui
657 604 696 642 ex
710 587 869 658 proposito
880 587 1049 642 voluntatis
1062 597 1153 642 erant
1166 587 1312 651 adultui.

176 670 283 744 “Quid
298 668 417 725 uersu·
431 679 463 723 et
474 679 656 738 aspexerunt
669 683 703 721 se
715 678 831 726 mutuo,
843 677 876 720 et
887 667 1039 726 dixmnt.
1052 675 1070 695 ⁸⁴
1079 665 1159 737 Quis
1171 679 1310 723 vestrum

174 752 254 806 vluit
263 750 350 804 illum
359 748 391 803 ?'’
403 747 543 807 Secundi,
550 747 603 817 qui
611 763 649 801 ex
656 746 886 800 confirmatione
894 744 1067 800 intellettus
1072 758 1161 800 aaut
1168 748 1311 810 adulteri,

175 832 326 890 dixerunt,
338 826 480 882 “Suntne
493 837 619 880 naturae
632 824 757 880 omnia?
774 824 857 896 Quid
871 841 964 895 supra
978 826 1061 879 illam
1076 826 1136 881 nisi
1151 825 1241 881 solr'
1271 827 1310 882 Et

176 920 250 964 tuoe
263 907 362 978 angeli
376 907 518 961 dixerunt
532 906 600 964 illis.
615 913 632 933 ⁰⁸
642 904 798 959 Discedite
815 920 835 958 u
852 905 956 965 uobis;
979 921 1062 958 nuuc
1077 906 1136 975 ipsi
1152 906 1308 977 percipitis

175 988 259 1059 quod
277 987 364 1040 vobis
381 1002 443 1040 non
461 985 502 1039 sit
526 985 643 1055 agnitio
666 983 739 1044 Deir
763 984 888 1053 quaudo
910 984 1107 1045 descenditis,
1124 985 1309 1040 claudentur

177 1066 322 1121 interiora
332 1065 444 1119 mentis
455 1074 583 1124 vestrae,
595 1074 627 1117 et
638 1064 813 1132 aperientur
824 1063 975 1117 exteriora
985 1064 1061 1132 ejus,
1072 1073 1104 1117 et
1117 1075 1194 1118 tunc
1207 1075 1306 1135 poter·

176 1147 217 1201 tis
229 1145 312 1215 loqui
325 1154 432 1198 contra
444 1144 596 1203 interiora,
608 1153 640 1196 et
653 1142 755 1195 dicere
765 1143 848 1211 quod
866 1141 948 1197 Deus
962 1142 1017 1203 sit:
1034 1143 1161 1204 credite,
1174 1144 1258 1214 quod
1273 1153 1306 1196 ut

177 1226 307 1296 primum
327 1224 420 1277 homo
441 1221 599 1277 attualiter
621 1222 657 1276 lit
680 1223 810 1281 adulter.
823 1223 1001 1276 occludatur
1019 1223 1062 1277 illi
1080 1224 1220 1284 melum
1246 1239 1305 1294 quo

177 1304 301 1359 occluso
321 1302 404 1357 Deus
428 1318 489 1356 non
508 1303 700 1371 agnoscitur:
724 1303 829 1356 audite
845 1317 986 1362 causamz
1011 1318 1050 1356 ex
1073 1303 1236 1358 adulteriis
1259 1314 1304 1358 est

176 1398 269 1439 omne
283 1383 472 1436 immundum
489 1380 606 1440 interni.
618 1392 650 1435 et
668 1381 727 1436 hoc
740 1391 827 1450 putet
842 1381 873 1434 iu
886 1382 972 1435 caelo
983 1382 1062 1435 sieut
1075 1392 1166 1452 putre
1177 1399 1303 1438 caenum

199 1461 373 1517 luterum·

177 1477 200 1534 p
232 1539 290 1596 His
304 1539 424 1600 auditis.
439 1549 654 1594 converterunt
672 1553 715 1598 se,
728 1548 761 1592 et
778 1538 1001 1592 descenderunt
1020 1555 1075 1608 per
1091 1549 1156 1594 tres
1170 1539 1254 1596 vias:
1275 1551 1304 1597 et

176 1635 247 1676 curu
261 1618 338 1673 inira
348 1629 444 1679 eraut,
454 1618 542 1688 primi
554 1629 587 1671 et
598 1617 723 1672 secundi
737 1618 817 1671 iuter
827 1633 861 1671 se
872 1618 1016 1671 collocuti
1028 1618 1182 1681 dicebant,
1193 1628 1210 1648 ¹·
1220 1619 1304 1675 Vice-

177 1710 248 1754 runt
267 1698 309 1753 ibi
326 1698 515 1757 sacerdotes:
538 1697 593 1751 sed
611 1697 724 1750 scitum
740 1696 823 1766 quod
843 1712 899 1751 nos
916 1712 1012 1766 aeque
1029 1713 1066 1751 ac
1091 1698 1134 1751 illi
1155 1700 1303 1768 possimus

177 1778 260 1849 loqui
273 1778 312 1832 de
325 1776 408 1838 Deo:
426 1788 458 1831 et
472 1791 541 1829 cum
554 1776 708 1846 loquimur
718 1775 800 1846 quod
813 1776 862 1837 sit.
874 1792 976 1830 annon
986 1777 1183 1847 agnoscimus
1197 1777 1302 1832 illum?

176 1855 327 1914 Interiora
349 1867 382 1910 et
408 1855 559 1910 exteriora
580 1856 700 1916 mentis,
721 1857 761 1909 de
787 1856 898 1925 quibus
919 1856 1020 1926 augeli
1042 1858 1215 1919 narrabunt,
1235 1867 1303 1912 sunt

176 1936 310 1992 inventa.
346 1935 408 1990 Sed
423 1936 461 1988 sd
476 1935 643 1989 secundum
659 1934 759 1988 locum
775 1951 795 1988 a
806 1935 959 2004 judicibus
972 1934 1177 2005 designatum,
1190 1937 1243 1990 ubi
1258 1937 1303 1990 uia

175 2026 262 2088 patet
277 2015 307 2069 iu
320 2015 435 2069 caelum
448 2014 571 2084 illisqui
583 2014 699 2068 melum
713 2013 744 2067 in
761 2030 795 2068 se
808 2014 929 2075 habeut,
942 2014 985 2068 itu
1000 2013 1125 2083 illisqui
1140 2014 1173 2068 in
1187 2016 1302 2071 caelum

175 2094 297 2150 venturi
308 2105 390 2155 sunt,
398 2092 569 2148 abeamus.”

232 2172 273 2227 Et
293 2188 364 2227 curu
382 2181 582 2229 accesserunt.
599 2171 694 2226 exivit
711 2187 772 2226 vox
789 2187 807 2225 e
827 2171 914 2226 melo
932 2171 993 2231 illo.
1008 2170 1176 2228 “Claudite
1194 2183 1302 2244 portas.

174 2251 307 2308 adulteri
321 2252 351 2306 in
362 2251 531 2321 propinquo
542 2263 614 2306 sunt
623 2251 650 2311 ς’·
667 2261 700 2305 et
711 2250 813 2305 subito
822 2252 941 2305 clausae
950 2259 1022 2304 sunt
1035 2262 1150 2320 portae.
1159 2262 1192 2307 et
1204 2265 1302 2308 custo·

176 2331 232 2386 des
241 2346 313 2386 cum
326 2331 440 2385 buculis
452 2331 482 2384 in
495 2331 634 2385 munibus
643 2331 810 2401 abegerunt
821 2329 903 2390 illos:
920 2340 954 2384 et
967 2339 1031 2384 tres
1039 2331 1225 2393 sacerdotes,
1234 2348 1303 2388 eoo·

176 2419 225 2466 tn
241 2426 322 2480 quos
336 2409 513 2464 tumultuati
531 2420 611 2471 sunt.
625 2419 804 2464 exemerunt
816 2409 964 2468 custodia.
978 2420 1011 2463 et
1029 2409 1060 2462 iu
1074 2411 1195 2465 eaelum
1211 2412 1303 2466 iutro-

177 2489 346 2544 duxerunt:
364 2500 396 2543 et
408 2488 496 2549 illico.
509 2504 577 2542 cum
594 2498 683 2558 porta
695 2504 750 2557 pro
761 2488 969 2543 sacerdotibus
981 2498 1087 2558 apertu
1098 2500 1175 2551 erat.
1187 2507 1206 2546 e
1221 2492 1304 2546 caelo

176 2566 300 2623 efflabat
318 2567 444 2622 rebelles
461 2568 627 2637 jucundum
646 2567 789 2638 conjugii.
807 2568 891 2638 quod
909 2568 983 2637 quia
998 2578 1117 2623 castum
1135 2580 1169 2624 et
1194 2587 1301 2640 purum

177 2655 252 2708 erut,
265 2662 361 2716 paene
373 2647 563 2701 exanimabat
577 2646 651 2701 illos.

233 2724 335 2797 Quare
348 2742 386 2781 ex
400 2726 509 2780 timore
520 2726 645 2795 deliquii
660 2742 679 2779 u
693 2725 892 2781 suffocatione
904 2727 1106 2797 properabant
1120 2729 1160 2782 ad
1179 2730 1301 2784 tertium

180 2805 290 2865 locum.
302 2805 341 2858 de
359 2820 420 2874 quo
437 2804 553 2874 judices
571 2805 721 2866 dixerunt,
733 2805 817 2875 quod
832 2806 903 2861 inde
917 2806 968 2859 via
984 2806 1022 2861 ud
1043 2806 1196 2862 infernum
1209 2819 1303 2869 esset:

180 2893 212 2938 et
230 2893 302 2938 tunc
318 2883 388 2937 inde
402 2883 522 2938 efflabat
535 2883 701 2953 jucundum
716 2884 865 2947 adulterii,
877 2901 915 2940 ex
933 2901 995 2955 quo
1014 2889 1058 2941 ita
1074 2886 1221 2942 vivificati
1233 2897 1304 2943 sunt

182 2962 234 3024 illi,
247 2963 299 3032 qui
314 2978 352 3018 ex
370 2963 527 3033 proposito
544 2974 577 3018 et
594 2964 647 3034 qui
666 2980 704 3018 ex
721 2964 900 3020 confirmato
912 2976 999 3020 eraut
1010 2966 1151 3026 adulteri.
1164 2977 1201 3021 ut
1218 2967 1303 3039 quasi

179 3041 321 3098 saltando
333 3043 560 3105 descenderent,
572 3053 605 3098 et
616 3058 650 3098 se
662 3043 740 3098 sicut
752 3044 835 3115 porci
849 3044 889 3098 ibi
903 3044 1117 3116 immergerent
1130 3044 1304 3102 immundis.

589 3295 891 3311 ————-

664 3524 811 3611 [xxti]

432 3701 490 3766 Du
512 3700 694 3767 Lrnroruu
717 3702 1049 3770 Durnouarrorus.

245 3904 345 3973 5⁰1·
366 3885 553 3964 Libidines,
570 3887 613 3951 de
629 3887 750 3970 quibus
765 3888 799 3952 in
815 3898 961 3971 quatuor
976 3887 1145 3972 capimus
1157 3892 1303 3974 posthac

183 3981 405 4065 sequentibus
420 3984 543 4064 agitur.
564 4003 633 4046 non
657 3983 761 4047 modo
778 3994 858 4046 sunt
881 3983 1038 4048 libidines
1053 3986 1226 4064 adulterii,
1241 3989 1303 4054 sed

182 4076 250 4140 illis
268 4078 451 4158 graviores,
468 4078 628 4161 quoniam
647 4098 716 4141 non
733 4078 860 4142 dantur
875 4080 939 4142 nisi
957 4100 1003 4142 ex
1021 4080 1211 4156 adulteriis,
1225 4102 1303 4146 nam

184 4181 368 4253 captantur
394 4183 576 4254 postquam
605 4172 774 4236 adulteria
803 4172 1041 4253 fastidiuntur;
1078 4176 1167 4240 sicut
1198 4177 1303 4242 libido

185 4264 430 4341 deflorationis
448 4266 491 4330 de
510 4288 576 4350 qua
594 4268 738 4349 primum
757 4270 881 4350 agitur,
898 4290 985 4352 quae
1001 4291 1069 4334 non
1089 4273 1181 4353 prius
1200 4294 1301 4336 exor-

185 4361 248 4425 diri
267 4370 383 4444 potest
402 4362 491 4444 apud
508 4361 674 4445 aliquem;
698 4364 823 4446 pariter
838 4363 944 4429 libido
959 4367 1178 4444 varietatum,
1196 4367 1301 4432 libido

1127 4624 1186 4701 ‚t
