2782 5026
150 400 217 476 344¹
375 436 378 441 -
477 402 726 458 VOLUPTATES
749 405 935 458 msnmaz

148 576 361 661 conjugialis,
375 577 464 643 sicut
479 578 514 643 in
530 579 678 643 naturali
690 587 809 662 potest
822 578 1020 662 spirituale;
1044 578 1153 646 immo
1164 581 1262 647 etiam

150 696 169 738 e
185 673 332 738 naturali
347 671 528 739 aftualiter
543 674 713 738 evolvitur
724 674 901 757 spirituale
915 696 923 752 ;
947 684 984 738 et
1000 695 1080 738 cum
1097 676 1265 758 spirituale
1323 681 1359 722 2

150 769 327 833 evolutum
346 778 410 842 est,
431 779 514 832 tunc
534 769 691 832 naturale
710 771 949 851 circumcingit
966 768 1053 833 illud
1073 772 1164 835 sicut
1187 771 1267 836 liber
1325 774 1366 790 ““

149 863 292 946 lignum,
312 883 351 926 ac
375 865 462 927 sicut
485 864 613 945 vagina
635 881 765 937 ensem,
789 874 825 944 et
847 884 982 947 quoque
1006 865 1152 929 inservit
1174 867 1267 948 spiri·
1345 882 1372 898 ⁴·

148 959 234 1022 tuali
253 979 315 1040 pro
334 960 502 1022 tutamine
521 968 643 1022 contra
657 959 852 1023 violentias.
898 959 955 1022 Ex
979 959 1033 1023 his
1052 971 1165 1041 patet,
1182 962 1268 1044 quod
1351 945 1378 1009 l

152 1053 316 1117 naturalis
332 1073 438 1127 amor,
451 1053 508 1136 qui
520 1063 575 1117 est
589 1054 633 1116 ad
650 1074 784 1129 sexum,
798 1055 985 1137 praecedat
1002 1075 1157 1120 amorem
1174 1058 1267 1138 spiri·
1366 1074 1379 1085 ·

150 1149 291 1224 tualem,
312 1150 368 1231 qui
386 1157 440 1213 est
459 1148 503 1211 ad
522 1167 624 1211 unam
643 1169 663 1212 e
682 1170 788 1227 sexu;
813 1151 840 1212 si
858 1160 975 1213 autem
990 1149 1175 1214 fornicatio
1193 1172 1268 1233 pro·
1369 1170 1382 1182 ·

150 1243 202 1308 dit
230 1264 277 1306 ex
303 1263 419 1307 amore
443 1243 591 1306 naturali
615 1262 730 1318 sexus,
754 1253 869 1326 potest
893 1245 999 1307 etiam
1023 1245 1083 1308 illa
1105 1246 1268 1328 abstergi,
1378 1278 1384 1295 ·

151 1338 256 1402 modo
284 1359 380 1402 amor
409 1337 610 1421 conjugialis
640 1348 677 1402 ut
708 1339 895 1421 principale
924 1341 1052 1403 bonum
1082 1338 1268 1422 spediatur‚

150 1444 291 1516 optatur
306 1443 342 1497 et
361 1435 542 1516 quaeritur.
587 1434 727 1496 Prorsus
743 1434 845 1497 aliter
860 1444 914 1498 est
931 1454 1009 1497 cum
1023 1454 1141 1499 amore
1160 1436 1269 1499 libidi-

150 1546 238 1591 noso
253 1537 288 1591 et
306 1529 457 1591 obsceno
491 1527 661 1600 adulterii,
673 1529 729 1610 qui
741 1528 832 1610 quod
844 1528 952 1591 amori
964 1527 1149 1611 conjugiali
1163 1549 1269 1612 oppo-

151 1622 238 1687 situs
270 1624 327 1697 sit,
350 1631 387 1687 et
420 1621 491 1703 ejus
527 1621 732 1697 destructor,
752 1624 786 1686 in
819 1624 934 1706 capite
964 1625 1197 1688 antecedente
1229 1625 1271 1688 de

149 1719 368 1800 oppositione
380 1719 505 1781 amoris
517 1719 715 1781 scortatorii
733 1727 769 1781 et
785 1719 911 1782 amoris
926 1718 1139 1800 conjugialis‚
1154 1728 1271 1784 osten·

151 1832 225 1876 sum
239 1823 313 1890 est;
338 1834 441 1895 quare
460 1815 488 1876 si
506 1813 644 1876 adulter
662 1834 708 1877 ex
728 1815 907 1895 proposito
924 1822 984 1876 aut
1001 1834 1047 1876 ex
1067 1813 1271 1880 confirmato

150 1918 264 1971 torum
283 1907 510 1990 conjugialem
530 1919 672 1990 propter
689 1910 800 1971 varias
819 1928 941 1972 causas
960 1909 1079 1981 intrat.
1097 1907 1136 1972 fit
1159 1911 1271 1974 inver-

151 2022 237 2077 sum,
257 2002 346 2066 latet
364 2004 456 2066 intus
474 2003 631 2066 naturale
650 2023 726 2066 cum
745 2004 814 2066 suis
833 2002 971 2067 lascivis
988 2012 1024 2066 et
1044 2003 1218 2079 obscenis,
1236 2013 1271 2068 et

151 2106 255 2160 extus
278 2097 418 2161 obvelat
441 2097 526 2160 illud
549 2098 750 2179 apparentia
773 2097 977 2179 spiritualis;
1007 2118 1054 2161 ex
1078 2098 1130 2161 his
1155 2109 1272 2181 potest

150 2191 239 2255 ratio
262 2193 388 2267 videre,
408 2194 499 2274 quod
523 2193 630 2256 libido
647 2193 880 2256 fornicationis
898 2192 1070 2257 limitatae
1093 2194 1138 2256 sit
1162 2196 1197 2256 in
1219 2215 1271 2258 re·

151 2284 270 2368 spectu
296 2288 340 2350 ad
369 2287 544 2351 libidinem
564 2288 734 2360 adulterii,
754 2289 842 2351 sicut
871 2297 925 2351 est
952 2289 1080 2370 primus
1101 2299 1202 2371 tepor
1228 2290 1272 2353 ad

151 2380 256 2463 frigus
275 2383 409 2446 mediae
427 2383 550 2446 hiemis
567 2383 602 2444 in
620 2382 816 2463 regionibus
834 2382 1067 2464 hyperboreis.

214 2490 320 2558 43⁰.
344 2475 406 2558 (v.)
429 2476 526 2553 Quod
535 2497 632 2539 amor
642 2497 754 2551 sexus,
765 2477 845 2558 quin
855 2487 952 2539 exeat
962 2476 1272 2556 informationem,

150 2569 246 2651 apud
259 2571 422 2654 quosdam
439 2571 511 2634 sine
528 2571 662 2635 damnis
685 2592 749 2634 non
767 2571 881 2653 possit
901 2571 936 2633 in
958 2581 1063 2633 totum
1081 2571 1274 2634 coerceri.—

152 2665 192 2728 In
209 2685 334 2728 vanum
353 2675 407 2728 est
426 2686 605 2730 recensere
622 2667 759 2740 damna,
774 2686 859 2749 quae
876 2667 979 2728 nimia
995 2667 1161 2729 coercitio
1177 2685 1273 2729 amo·

151 2761 197 2824 ris
226 2781 342 2835 sexus,
369 2761 459 2843 apud
489 2761 579 2835 illos,
603 2763 660 2843 qui
689 2782 734 2824 ex
764 2760 1077 2842 superabundantia
1112 2760 1272 2825 laborant

152 2864 280 2929 oestro,
301 2856 431 2918 causari
450 2864 486 2918 et
503 2855 635 2937 operari
655 2864 792 2936 potest:
816 2854 906 2935 apud
922 2854 986 2916 hos
1007 2854 1088 2917 inde
1107 2863 1189 2917 sunt
1208 2855 1273 2917 ori·

152 2952 251 3034 gines
280 2951 494 3033 quorundam
528 2950 724 3013 morborum
754 2949 916 3030 corporis,
946 2957 983 3011 et
1018 2949 1273 3028 aegritudinum

152 3046 291 3120 mentis,
311 3055 347 3108 ut
370 3046 611 3109 conticeantur
634 3043 725 3106 mala
747 3044 937 3124 incognita,
957 3062 1045 3125 quae
1068 3062 1138 3105 non
1162 3043 1273 3106 nomi·

153 3142 278 3206 nanda.
323 3140 437 3205 Aliter
456 3140 545 3222 apud
565 3139 654 3211 illos,
674 3138 795 3220 quibus
818 3148 889 3201 tam
908 3157 1030 3219 parcus
1052 3156 1149 3199 amor
1168 3156 1275 3201 sexus

153 3248 218 3311 est,
233 3248 270 3299 ut
290 3236 418 3299 nisibus
433 3234 505 3315 ejus
524 3233 672 3296 libidinis
685 3234 817 3314 possint
836 3233 1014 3308 resistere3
1038 3231 1167 3312 pariter
1183 3231 1273 3313 apud

153 3331 243 3405 illos,
257 3331 376 3413 quibus
392 3331 424 3392 in
437 3329 685 3410 juvenescente
701 3335 816 3389 aetate
832 3326 961 3407 absque
971 3324 1275 3405 dispendiisfortu·

153 3446 272 3491 narum
297 3426 424 3498 mundi,
444 3426 493 3488 ita
516 3423 631 3505 primis
655 3422 834 3494 ominibus,
859 3421 893 3483 in
916 3420 1107 3501 legitimum
1131 3439 1274 3483 consor·

152 3524 238 3587 tium
257 3521 334 3595 tori,
355 3520 497 3584 liberum
517 3527 571 3581 est
589 3538 627 3581 se
645 3518 872 3581 introducere.
917 3513 1087 3595 Quoniam
1106 3513 1156 3577 ita
1176 3512 1216 3577 fit
1239 3516 1273 3578 in

152 3616 251 3682 caelo
270 3636 347 3680 cum
376 3614 563 3677 infantibus
582 3633 658 3677 cum
688 3611 732 3675 ad
763 3621 916 3675 aetatem
935 3607 1164 3689 conjugialem
1189 3609 1274 3672 ado·

154 3713 323 3785 leverunt,
348 3711 427 3774 ideo
450 3710 600 3772 nescitur
622 3708 668 3771 ibi
690 3706 770 3788 quid
793 3705 991 3780 fornicati03
1027 3702 1088 3764 sed
1116 3703 1150 3764 in
1175 3704 1276 3766 terris

154 3826 223 3870 non
243 3806 361 3869 similis
381 3826 434 3867 res
457 3815 523 3876 est,
544 3804 600 3866 ubi
623 3801 840 3865 matrimonia
863 3818 931 3861 non
951 3805 1096 3880 possunt
1115 3796 1276 3861 contrahi

155 3903 220 3965 nisi
243 3920 345 3984 quam
376 3909 456 3983 post
486 3896 646 3962 exadiam
677 3895 902 3976 juventutem,
929 3892 1021 3974 quod
1051 3890 1089 3953 fit
1120 3891 1276 3974 pluribus

153 3999 245 4062 intra
267 3997 434 4078 regimina
457 3996 512 4058 ubi
536 3986 646 4057 officia
669 3992 726 4053 diu
746 3989 909 4054 merenda
927 3996 1018 4060 sunt,
1038 3995 1075 4049 et
1094 3985 1275 4067 acquirens

152 4094 219 4157 dae
241 4092 425 4156 facultates
448 4110 509 4173 pro
532 4086 762 4151 sustentanda
784 4085 888 4147 domo
911 4090 947 4146 et
969 4081 1106 4156 familia,
1131 4090 1169 4144 et
1192 4089 1276 4147 tunc

154 4189 299 4271 primum
319 4188 425 4268 digna
443 4206 531 4248 uxor
550 4182 743 4246 ambienda.

218 4297 315 4365 451·
340 4280 413 4365 (vi.)
441 4279 539 4358 Quod
551 4279 623 4341 ideo
640 4277 675 4339 in
689 4273 863 4357 populosis
881 4269 1073 4335 cabilatibus
1092 4270 1277 4351 lupanaria

155 4376 469 4442 solerentne-Hoc
487 4385 524 4438 ut
541 4371 754 4437 confirmatio
766 4368 900 4432 articuli
915 4366 1157 4461 praecedentis
1166 4367 1276 4429 addu-
