2850 5026
164 448 226 510 228
507 468 689 531 nanterus
712 468 941 519 snrrnurrns

156 635 293 716 penitus
308 635 483 702 inescatae
498 649 590 715 sunt,
607 640 857 706 obnixitatibus
872 641 941 704 suis
957 641 1092 722 possint
1109 643 1271 707 tenaciter

155 728 333 795 inhaerere
353 754 458 816 usque
476 735 520 798 ad
540 737 633 799 vitae
650 756 809 818 agonem.
855 734 983 800 Audivi
1005 738 1111 801 etiam
1132 759 1271 802 excusa·

155 825 269 888 tiones
287 846 308 889 a
327 827 522 893 mulieribus
540 831 618 904 illis,
640 833 751 894 curin
774 833 980 896 exercitium
1003 830 1102 913 hujus
1120 834 1204 896 artis
1224 834 1271 897 in·

155 928 332 990 traverint.
379 926 562 998 Dixerunt‚
582 927 673 1008 quod
696 928 730 989 in
754 926 838 990 illud
862 947 931 990 non
954 928 1191 1004 intravissent,
1215 927 1272 991 nisi

155 1021 386 1103 praeviderint
406 1040 600 1103 supremum
621 1032 872 1103 contemptum,
892 1032 928 1085 et
951 1022 1097 1086 futuram
1119 1020 1273 1104 rejectio·

155 1135 245 1190 nem,
266 1125 302 1179 et
321 1115 400 1178 inde
420 1116 565 1178 exitium
584 1136 693 1190 suum,
710 1117 739 1179 si
758 1137 778 1178 a
798 1117 929 1179 maritis
948 1116 1223 1198 subjugarentur,
1241 1127 1273 1182 et

153 1211 246 1293 quod
276 1211 324 1273 sic
352 1231 397 1273 ex
421 1211 631 1273 necessitate
654 1210 739 1273 haec
764 1232 824 1273 sua
847 1231 942 1273 arma
965 1214 1197 1294 capesserint:
1225 1211 1273 1276 his

153 1304 360 1368 addiderunt
387 1304 452 1367 hoc
481 1305 647 1367 monitum
675 1326 737 1387 pro
760 1306 850 1378 viris,
875 1315 912 1368 ut
936 1307 1100 1368 uxoribus
1123 1328 1186 1369 sua
1204 1306 1273 1387 jura

154 1401 360 1481 relinquant,
384 1409 420 1463 et
444 1400 525 1462 dum
548 1399 690 1463 alternis
714 1401 746 1462 in
770 1399 949 1481 frigoribus
972 1411 1063 1476 sunt,
1084 1421 1154 1464 non
1179 1422 1273 1484 repu-

154 1504 232 1558 tent
263 1494 339 1557 illas
369 1507 406 1558 ut
436 1494 521 1557 viles
548 1495 632 1557 infra
662 1494 827 1571 ancillas;
860 1496 1024 1558 dicebant
1053 1498 1160 1559 etiam
1187 1495 1299 1579 quod'

153 1588 265 1670 plures
283 1608 327 1649 ex
345 1607 408 1650 suo
423 1609 508 1650 sexu
526 1609 594 1651 non
612 1590 680 1651 sint
698 1590 730 1651 in
748 1600 843 1652 statu
857 1590 1041 1653 exercendi
1058 1591 1153 1654 illam
1167 1601 1273 1654 artem

153 1704 199 1746 ex
221 1694 372 1746 connata
397 1684 603 1760 timiditate;
630 1686 690 1747 sed
710 1684 829 1765 adjeci,
850 1706 894 1747 ex
919 1696 1070 1749 connata
1094 1687 1272 1751 modestia.

153 1778 211 1841 Ex
229 1778 282 1841 his
304 1799 391 1841 nunc
410 1788 531 1840 notum
551 1777 676 1842 fadtum
696 1791 762 1852 est,
783 1801 868 1862 quae
892 1779 1052 1861 conjugia
1074 1781 1272 1862 intelligun-

153 1885 209 1938 tur
231 1894 291 1956 per
313 1873 472 1955 conjugia
501 1874 677 1937 infernalia
701 1877 734 1937 in
758 1875 888 1938 mundo
911 1876 999 1938 inter
1021 1875 1196 1956 conjuges,
1220 1876 1272 1959 qui

151 1969 292 2033 interius
322 1981 401 2032 sunt
429 1969 646 2033 infensissimi
676 1970 807 2044 hostes,
832 1980 867 2033 et
891 1972 1043 2033 exterius
1072 1972 1162 2035 sicut
1192 1991 1272 2035 con·

149 2062 353 2146 junctissimi
372 2065 481 2127 amici.

152 2276 251 2343 293.
275 2259 340 2323 His
359 2258 561 2341 adjicientur
579 2260 648 2323 duo
666 2260 913 2324 Memorabilia.
955 2260 1101 2325 Primum
1122 2260 1188 2326 hoc
1202 2281 1254 2324 :-

205 2391 366 2465 Quondam
393 2411 446 2464 per
464 2392 625 2449 fenestram
643 2392 775 2464 spectavi
795 2394 832 2448 ad
855 2394 1012 2456 orientem,
1027 2405 1058 2449 et
1079 2395 1142 2448 vidi
1158 2406 1270 2466 septem

152 2473 290 2527 mulieres
303 2475 443 2528 sedentes
456 2491 545 2544 super
555 2484 656 2528 roseto
665 2475 702 2528 ad
714 2475 863 2543 quendam
875 2473 999 2536 fontem,
1009 2475 1147 2529 bibentes
1156 2491 1270 2545 aquam.

153 2551 271 2606 lntendi
286 2553 405 2607 fortiter
416 2554 510 2607 aciem
528 2553 607 2607 oculi
623 2555 660 2606 ad
677 2553 839 2608 videndum
853 2553 925 2623 quid
939 2553 1079 2616 facerent,
1092 2569 1128 2607 ac
1144 2554 1270 2608 intensio

150 2633 223 2686 aciei
240 2633 319 2686 oculi
333 2633 391 2686 mei
405 2632 505 2686 affecit
519 2633 603 2687 illos:
621 2649 713 2702 quare
727 2649 787 2686 una
800 2649 837 2686 ex
851 2633 908 2686 illis
922 2643 996 2686 nutu
1008 2632 1147 2687 invitavit
1161 2650 1225 2695 me;
1242 2642 1270 2686 et
1328 2696 1332 2702 Δ

149 2728 207 2782 ego
220 2711 297 2765 exivi
312 2713 412 2772 domo,
422 2722 454 2765 et
468 2728 592 2782 propere
603 2712 730 2774 accessi;
748 2723 860 2766 etcum
874 2713 1003 2774 aderam,
1014 2713 1126 2767 urbane
1139 2710 1270 2784 quaesivi

151 2790 301 2845 undenam
315 2801 426 2844 essent.

205 2870 242 2924 Et
256 2870 403 2930 dixerunt,
418 2868 551 2924 “Sumus
564 2885 679 2931 uxores,
693 2879 723 2924 et
738 2869 788 2923 hic
799 2870 1001 2940 colloquimur
1013 2871 1051 2924 de
1064 2870 1181 2924 deliciis
1192 2884 1270 2924 arno·

150 2950 191 3004 ris
206 2948 393 3020 conjugialis,
409 2960 440 3002 et
458 2965 495 3002 ex
516 2950 611 3002 multa
626 2949 855 3004 confirmatione
870 2950 1087 3013 concludimus,
1102 2951 1186 3022 quod
1205 2950 1270 3004 illae

149 3029 275 3083 deliciae
288 3028 379 3083 etiarn
393 3028 454 3082 sint
467 3028 592 3082 deliciae
605 3029 796 3098 sapientiae.”

203 3106 293 3180 Quod
310 3124 488 3178 responsum
505 3109 547 3162 ita
562 3107 725 3162 oblectavit
740 3108 874 3162 animum
892 3124 1000 3169 meum,
1016 3118 1050 3161 ut
1065 3107 1185 3163 viderer
1199 3107 1269 3162 mihi

150 3190 178 3242 in
190 3189 296 3258 spiritu
307 3199 339 3242 et
353 3187 421 3242 inde
436 3188 464 3241 in
479 3188 672 3258 perceptione
684 3188 750 3258 plus
762 3188 885 3241 interius
895 3204 930 3241 ac
944 3187 1087 3242 illustrius
1097 3204 1171 3249 esse,
1182 3203 1268 3258 quarn

148 3268 260 3339 alioqui
276 3268 373 3338 prius:
392 3285 483 3338 quare
500 3267 561 3321 dixi
577 3269 614 3320 ad
632 3268 705 3328 illas,
720 3267 914 3321 “Permittite
929 3267 1011 3322 vices
1027 3266 1269 3339 interrogationis

148 3350 187 3403 de
200 3347 435 3402 amoenitatibus
450 3347 496 3401 his
506 3347 529 3408 ;''
549 3357 579 3400 et
593 3357 772 3401 annuerunt.

203 3428 240 3483 Et
255 3427 445 3498 interrogavi,
460 3426 648 3499 “Quomodo
661 3443 715 3481 vos
729 3442 836 3481 uxores
850 3426 942 3487 scitis,
955 3425 1038 3494 quod
1051 3424 1177 3480 deliciae
1189 3440 1269 3480 amo·

149 3509 189 3563 ris
199 3506 376 3578 conjugialis
386 3507 446 3561 sint
456 3507 578 3561 eaedem
590 3523 658 3560 curn
668 3507 783 3560 deliciis
791 3506 954 3576 sapientiae
962 3505 992 3559 ?''

203 3587 241 3642 Et
265 3588 494 3656 responderunt,
515 3585 612 3640 “Hoc
630 3586 739 3640 scimus
757 3602 794 3639 ex
819 3583 1086 3655 correspondentia
1107 3583 1270 3654 sapientiae

148 3667 228 3737 apud
242 3667 365 3720 maritos
375 3683 444 3720 cunr
455 3667 570 3720 deliciis
579 3666 689 3719 amoris
703 3665 880 3735 conjugialis
890 3664 969 3734 apud
981 3680 1052 3724 nos:
1069 3680 1138 3718 narn
1147 3664 1270 3718 deliciae

149 3747 239 3817 hujus
251 3739 362 3800 amoris
373 3747 451 3816 apud
465 3763 520 3800 nos
530 3762 561 3800 se
574 3745 709 3799 exaltant
721 3754 751 3798 et
762 3743 942 3805 diminuunt,
952 3759 986 3797 ac
1001 3759 1121 3813 prorsus
1134 3760 1166 3798 se
1176 3743 1269 3815 quali·

147 3826 247 3887 ficant,
261 3826 426 3880 secundum
440 3826 619 3896 sapientiam
632 3824 712 3894 apud
727 3825 849 3878 maritos
863 3823 1010 3877 nostros.”

203 3904 260 3960 His
273 3905 383 3960 auditis
396 3905 540 3974 quaesivi,
551 3905 664 3966 dicens,
675 3903 767 3958 “Scio
777 3904 857 3973 quod
872 3901 1076 3972 blandiloquis
1086 3901 1269 3962 maritorum,

147 4001 183 4040 ac
195 3985 362 4040 hilaritates
376 3985 485 4038 mentis
498 3985 627 4045 illorum,
641 3983 773 4038 afficiant
784 3999 848 4042 vos.
862 3994 892 4037 et
905 3984 987 4053 quod
1001 3998 1055 4036 vos
1068 3992 1137 4035 toto
1151 3980 1269 4052 penore

147 4065 329 4120 deliciemini
344 4080 382 4119 ex
395 4064 467 4127 illis;
486 4065 538 4119 sed
556 4065 647 4118 miror
662 4064 741 4133 quod
759 4062 875 4124 dicatis,
888 4062 969 4133 quod
988 4060 1136 4131 sapientia
1151 4061 1268 4115 illorum

148 4144 178 4200 id
192 4145 318 4208 efficiat;
336 4154 367 4198 at
381 4144 473 4198 dicite
488 4143 570 4207 milri,
584 4144 656 4214 quid
671 4142 827 4213 sapientia,
841 4152 872 4196 et
886 4157 962 4211 quae
976 4140 1124 4211 sapientia
1133 4140 1165 4196 ?''

201 4224 250 4278 Ad
264 4224 340 4279 haec
351 4240 460 4278 uxores
475 4223 648 4294 indignatae
662 4222 894 4292 respondebant,
908 4221 1025 4275 “Putas
1038 4220 1120 4291 quod
1137 4236 1194 4274 nos
1210 4233 1268 4274 non
1342 4270 1344 4275 ,

147 4303 286 4366 sciamus,
301 4303 373 4375 quid
390 4303 537 4374 sapientia
552 4313 582 4356 et
598 4317 675 4371 quae
690 4301 854 4370 sapientia;
879 4317 947 4355 curn
965 4311 1065 4354 tamen
1082 4315 1173 4369 super
1188 4299 1266 4353 illam

146 4383 226 4453 apud
242 4384 365 4438 maritos
380 4393 499 4437 nostros
515 4380 659 4435 continue
675 4379 863 4441 reflectimus,
879 4391 911 4434 et
927 4381 1007 4434 illam
1023 4379 1150 4433 cottidie
1166 4396 1204 4434 ex
1218 4392 1267 4434 ore

148 4462 267 4516 illorum
282 4461 450 4518 discimus?
469 4477 537 4515 narn
554 4476 610 4514 nos
628 4475 737 4514 uxores
751 4459 919 4531 cogitamus
937 4461 976 4516 de
994 4469 1077 4514 statu
1092 4459 1266 4514 maritorum
