2782 5026
210 458 254 538 84
556 470 738 521 nements
760 469 989 521 sanaremus

209 649 264 705 est
293 639 422 703 bonum
445 660 506 703 ens
536 640 660 703 nullius
679 639 848 718 nominis;
871 639 905 703 id
932 660 992 722 per
1017 639 1109 723 quod
1136 639 1267 704 sistitur
1291 647 1326 702 et

208 735 456 810 manifestatur,
473 756 512 799 se
527 736 628 799 refert
644 735 688 799 ad
704 754 843 798 verum:
867 736 921 799 dic
938 735 1041 798 modo
1053 735 1193 809 bonum,
1207 744 1244 798 et
1260 754 1329 797 non

207 830 308 894 simul
325 829 391 893 hoc
407 839 445 893 et
463 829 546 893 illud
563 849 640 892 curn
657 850 723 911 quo
738 839 803 904 est,
821 850 881 893 seu
898 829 1010 893 define
1025 829 1059 891 id
1078 826 1255 893 abstra6te
1270 849 1330 891 seu

207 925 337 1007 absque
354 924 470 1007 aliquo
488 921 623 1006 adjedto
641 924 860 998 cohaerente,
878 933 914 988 et
932 924 1063 987 videbis
1081 923 1174 1005 quod
1193 943 1265 986 non
1284 924 1331 986 sit

207 1019 345 1102 aliquid,
365 1019 425 1082 sed
449 1019 541 1101 quod
564 1020 607 1082 sit
631 1019 758 1101 aliquid
781 1038 858 1082 cum
881 1015 1034 1099 adjed‘to;
1067 1026 1103 1081 et
1126 1017 1155 1080 si
1177 1017 1334 1081 intendis

206 1114 314 1177 aciem
331 1114 482 1188 rationis,
500 1114 665 1195 percipies
681 1113 771 1196 quod
787 1113 913 1176 bonum
926 1112 1053 1195 absque
1066 1111 1182 1194 aliquo
1194 1109 1334 1193 adjed'to

206 1209 252 1271 sit
271 1208 396 1271 nullius
414 1209 689 1290 praedicationis,
710 1200 843 1272 etinde
859 1206 983 1270 nullius
998 1206 1186 1281 relationis,
1205 1206 1331 1270 nullius

204 1299 405 1378 affee‘tiouis,
419 1313 455 1366 et
471 1302 595 1365 nullius
611 1312 733 1377 status,
746 1303 853 1365 verbo
864 1302 988 1365 nullius
1000 1301 1196 1384 qualitatis:
1220 1301 1334 1364 simile

206 1406 260 1460 est
290 1416 366 1459 cum
395 1417 487 1472 vero,
512 1399 540 1460 si
568 1397 602 1460 id
626 1396 754 1478 absque
777 1393 927 1476 injuncto
949 1396 1101 1473 auditur;
1135 1395 1230 1476 quod
1261 1394 1335 1476 ejus

160 1502 163 1509 '
206 1488 392 1572 injundmm
409 1512 446 1555 se
462 1491 586 1555 reserat
601 1491 645 1555 ad
662 1491 801 1565 bonum,
815 1492 902 1554 ratio
913 1491 1054 1554 elimata
1065 1498 1183 1570 potest
1200 1490 1329 1553 videre.

205 1585 274 1651 Sed
297 1588 376 1669 quia
397 1587 488 1650 bona
507 1596 587 1649 sunt
609 1586 879 1660 innumerabilia,
903 1594 939 1649 et
970 1584 1146 1667 quodlibet
1169 1585 1332 1649 ascendit

197 1681 252 1746 'ad
271 1700 369 1744 suum
388 1682 576 1744 maximum
600 1691 635 1744 et
659 1680 838 1743 descendit
861 1680 904 1742 ad
927 1698 1025 1742 suum
1044 1680 1221 1742 minimum
1241 1681 1330 1742 sicut

206 1797 267 1859 per
296 1778 423 1858 gradus
452 1776 641 1856 scalae,4et
670 1794 804 1858 quoque
834 1775 1021 1839 secundum
1050 1777 1329 1856 progressionem

204 1891 312 1946 suam,
330 1882 366 1935 et
384 1872 572 1935 secundum
588 1871 687 1954 quale
707 1891 814 1945 suum,
831 1871 941 1933 variat
960 1889 1097 1943 nomen,
1115 1868 1256 1934 difficile
1275 1880 1330 1933 est

204 1965 279 2030 aliis
298 1986 399 2049 quam
416 1967 626 2047 sapientibus
646 1966 761 2029 videre
783 1965 986 2028 relationem
1006 1964 1086 2027 boni
1115 1973 1152 2027 et
1182 1965 1255 2027 veri
1286 1965 1330 2027 ad

204 2059 349 2143 objedta,
370 2071 407 2125 et
435 2058 709 2141 conjund'tionem
728 2060 862 2124 illorum
889 2061 922 2121 in
954 2058 1029 2122 illis.
1075 2057 1177 2139 Quod
1210 2069 1330 2123 tamen

202 2159 332 2221 bonum
356 2176 424 2220 non
448 2158 549 2220 detur
570 2156 698 2239 absque
721 2176 813 2229 vero,
839 2174 901 2217 nec
928 2174 1044 2216 verum
1070 2153 1200 2235 absque
1223 2154 1329 2229 bono,

202 2273 223 2317 a
239 2252 412 2317 communi
424 2252 643 2334 perceptione
656 2261 764 2333 patet,
778 2251 858 2312 dum
873 2250 1016 2330 primurn
1027 2249 1225 2328 agnoscitur
1237 2249 1331 2332 quod

202 2348 318 2411 omnia
336 2355 372 2410 et
391 2345 525 2427 singula
541 2346 686 2408 universi
703 2366 739 2407 se
759 2343 908 2407 reserant
927 2343 970 2405 ad
992 2342 1120 2406 bonum
1136 2352 1172 2405 et
1193 2363 1328 2415 verum,

204 2452 241 2505 ut
274 2443 307 2505 in
331 2442 492 2524 superiori
515 2439 659 2503 articulo
685 2439 732 2521 (n.
757 2440 808 2517 84,
829 2437 884 2519 85)
909 2447 1086 2501 ostensum
1111 2447 1176 2500 est.
1223 2435 1328 2518 Quod

202 2557 272 2601 non
295 2537 396 2599 detur
418 2535 546 2598 bonum
569 2533 757 2597 solitarium
781 2553 843 2596 nec
868 2551 984 2595 verum
1007 2531 1211 2606 solitarium,
1231 2532 1329 2595 illus-

201 2632 283 2694 trari
313 2640 349 2694 et
378 2628 477 2692 simul
497 2628 686 2692 confirmari
707 2638 823 2709 potest
854 2647 913 2708 per
931 2627 1044 2703 varia;
1076 2636 1113 2689 ut
1137 2646 1198 2707 per
1217 2624 1327 2690 haec:

200 2725 291 2807 quod
316 2744 385 2787 non
409 2723 510 2786 detur
528 2724 679 2785 essentia
697 2723 825 2805 absque
844 2723 961 2795 forma,
983 2740 1046 2783 nec
1069 2721 1179 2784 forma
1198 2721 1332 2804 absque

200 2819 371 2893 essentia;
398 2836 438 2879 ac
462 2817 589 2879 bonum
609 2826 661 2879 est
681 2818 831 2881 essentia
861 2837 922 2879 seu
951 2836 1037 2888 esse,
1058 2826 1095 2879 et
1124 2835 1246 2879 verum
1277 2826 1332 2881 est

201 2932 261 2994 per
291 2912 382 2993 quod
413 2912 563 2974 essentia
582 2911 750 2974 formatur
777 2932 815 2974 ac
845 2932 920 2974 esse
950 2911 1081 2974 existit.
1128 2910 1271 2989 Adhuc,
1297 2916 1331 2977 in

199 3006 338 3069 homine
355 3015 408 3068 est
428 3004 587 3067 voluntas
607 3015 642 3068 et
661 3003 879 3082 intelledtus3
903 3005 1030 3068 bonum
1050 3015 1104 3068 est
1123 3006 1330 3083 voluntatis,

200 3119 241 3164 ac
264 3118 381 3163 verum
401 3109 456 3161 est
478 3096 685 3173 intellee‘tus,
706 3120 745 3163 ac
769 3101 842 3164 sola
866 3101 1027 3162 voluntas
1050 3099 1134 3163 nihil
1158 3100 1242 3165 iacit
1267 3103 1331 3167 nisi

200 3215 261 3275 per
273 3190 498 3267 intellectum,
513 3212 575 3256 nec
592 3195 685 3256 solus
700 3193 896 3257 intellectus
912 3194 1037 3276 aliquid
1055 3196 1119 3257 nisi
1138 3216 1184 3259 ex
1204 3197 1331 3261 volun·

200 3298 285 3352 tate.
329 3287 467 3362 Adhuc,
492 3296 571 3350 sunt
593 3288 661 3350 duo
683 3288 797 3351 sontes
821 3290 911 3352 vitae
936 3290 1088 3370 corporis
1114 3290 1149 3352 in
1173 3290 1328 3366 homine,

200 3403 260 3446 cor
282 3392 317 3445 et
348 3383 485 3463 pulmo;
516 3402 574 3446 cor
597 3402 666 3445 non
691 3393 807 3463 potest
831 3385 1019 3465 producere
1042 3384 1194 3466 aliquam
1219 3389 1330 3452 vitam

199 3477 398 3540 sensitivam
428 3487 464 3540 et
494 3479 659 3541 motivam
682 3478 811 3560 absque
841 3479 1001 3561 pulmone
1032 3481 1239 3561 respirante,
1261 3501 1325 3547 nec

200 3581 317 3652 potest
341 3570 458 3652 pulmo
480 3572 608 3653 absque
632 3572 755 3648 corde;
783 3593 843 3636 cor
865 3594 901 3636 se
923 3573 1026 3636 refert
1054 3574 1099 3636 ad
1128 3575 1274 3653 bonum,
1294 3587 1330 3642 et

200 3664 370 3745 pulmonis
392 3666 570 3746 respiratio
589 3665 632 3727 ad
652 3685 789 3743 verum;
813 3678 866 3730 est
886 3668 989 3730 etiam
1006 3672 1329 3751 correspondentia.

199 3756 317 3821 Simile
335 3768 388 3822 est
407 3760 440 3821 in
459 3758 616 3822 omnibus
635 3768 670 3820 et
687 3759 828 3839 singulis
846 3761 980 3834 mentis,
998 3781 1038 3824 ac
1057 3763 1091 3824 in
1110 3766 1276 3831 omnibus
1294 3779 1329 3833 et

198 3853 341 3933 singulis
359 3855 510 3934 corporis
526 3853 616 3932 apud
635 3852 828 3931 hominem;
853 3855 913 3917 sed
933 3855 1121 3934 producere
1141 3861 1328 3926 confirma·

199 3947 312 4011 tiones
331 3945 471 4009 ulterius
493 3946 548 4009 hic
572 3966 641 4008 non
664 3958 785 4024 vacat;
816 3958 852 4011 at
876 3949 1057 4013 videantur
1079 3951 1168 4016 haec
1193 3957 1329 4036 plenius

199 4039 402 4119 confirmata
430 4041 463 4102 in
495 4039 671 4119 Sapientia
697 4039 860 4120 Angelica
885 4043 926 4104 de
947 4043 1076 4107 Dirn'na
1097 4045 1330 4116 Providentia

200 4132 249 4215 (n.
268 4133 377 4216 3—26)‚
395 4134 451 4197 ubi
469 4133 528 4196 illa
543 4134 576 4195 in
593 4132 659 4196 hoc
676 4134 793 4196 ordine
810 4137 998 4217 explanata
1013 4148 1113 4218 sunt:
1142 4139 1196 4224 (i.)
1224 4144 1327 4227 Quod

199 4227 392 4289 universum
412 4246 489 4290 cum
508 4225 650 4307 singulis
669 4226 739 4306 ejus
758 4231 881 4291 creatis
905 4231 949 4292 sit
973 4237 1017 4293 ex
1041 4231 1171 4298 Divino
1192 4237 1328 4304 Amore

198 4337 259 4398 per
278 4316 438 4382 Divinam
458 4318 677 4397 Sapientiam,
698 4340 757 4382 seu
776 4324 867 4402 quod
886 4325 987 4397 idem,
1008 4346 1053 4387 ex
1074 4326 1207 4394 Divino
1228 4333 1328 4398 Bono

199 4430 259 4493 per
275 4411 435 4475 Divinum
452 4411 600 4475 Verum:
635 4410 696 4494 (ii.)
722 4412 822 4493 Quod
842 4417 1002 4481 Divinum
1018 4419 1156 4504 Bonum
1173 4436 1212 4490 et
1230 4428 1328 4494 Divi.
