2782 5026
226 444 288 526 388
557 454 808 507 vouurmrns
832 455 1017 507 msmms

145 652 149 665 ·
225 638 291 704 est,
315 637 352 695 et
380 627 427 694 ibi
455 627 677 694 adsociantur
698 627 874 693 sodalibus
902 629 981 693 suis.
1027 629 1142 695 Datur
1164 631 1271 697 etiam
1297 642 1345 697 est

224 724 340 789 videre
359 724 438 788 illos
460 724 494 788 in
518 723 650 787 inferno
671 722 752 787 illo:
782 742 822 787 ac
846 723 928 788 mihi
951 721 1080 788 dit‘tum
1099 735 1168 803 est,
1193 728 1286 811 quod
1306 730 1347 793 ibi

224 820 294 885 sint
313 819 413 883 multi
435 840 481 883 ex
504 817 611 882 nobili
630 828 828 893 stemmate,
848 828 884 882 et
906 840 953 883 ex
971 820 1269 903 opulentioribus;
1293 825 1348 889 sed

224 915 303 997 quia
319 913 408 979 tales
423 915 556 979 fuerant
572 915 607 977 in
623 914 763 989 mundo,
780 913 931 977 aufertur
946 913 1013 978 illis
1029 918 1142 981 omnis
1158 921 1349 985 recordatio

224 1011 417 1075 stemmatis
435 1030 476 1072 ac
492 1009 673 1091 dignitatis
692 1030 737 1072 ex
757 1008 946 1091 opulentia,
964 1030 1003 1074 ac
1023 1012 1200 1078 inducitur
1215 1035 1348 1097 persua·

223 1107 286 1180 sio,
297 1105 387 1187 quod
401 1105 525 1169 fuerint
537 1104 617 1169 vilia
629 1105 809 1187 mancipia,
822 1115 859 1169 et
871 1107 951 1169 inde
961 1107 1054 1170 omni
1067 1106 1202 1174 honore
1213 1111 1350 1193 indigni.

224 1198 320 1263 Inter
339 1220 375 1263 se
394 1199 531 1282 quidem
549 1210 717 1281 apparent
735 1200 824 1264 sicut
843 1200 1011 1277 homines,
1028 1203 1090 1266 sed
1109 1204 1157 1266 ab
1175 1203 1264 1280 aliis,
1280 1207 1348 1288 qui·

224 1292 287 1357 bus
309 1294 390 1358 licet
413 1293 493 1357 illuc
516 1296 652 1369 intueri,
672 1295 761 1359 sicut
780 1296 910 1371 simiae,
929 1296 1014 1360 facie
1038 1307 1139 1362 torva
1158 1299 1239 1365 loco
1257 1300 1350 1365 faciei

222 1387 383 1462 blandae,
397 1409 436 1453 ac
452 1388 550 1453 vultu
565 1389 704 1454 horrido
721 1390 799 1454 loco
815 1389 930 1454 vultus
943 1389 1163 1457 facetiarum:
1188 1396 1350 1461 incedunt

224 1481 394 1549 contradti
417 1504 436 1548 a
459 1483 595 1560 lumbis,
615 1496 652 1550 et
675 1486 723 1549 sic
747 1486 927 1560 incurvati,
950 1487 1126 1568 superiore
1149 1499 1251 1570 parte
1274 1511 1349 1573 pro·

222 1579 398 1662 pendente
417 1590 613 1644 antrorsum
633 1582 721 1644 sicut
741 1581 839 1662 proni
857 1580 901 1645 ad
921 1580 1065 1664 lapsum,
1082 1594 1119 1646 et
1139 1584 1348 1650 maleolent:

223 1674 403 1740 fastidiunt
423 1695 558 1750 sexum,
578 1685 614 1739 et
633 1675 678 1739 ab
695 1675 774 1750 illis,
791 1695 875 1759 quas
894 1676 1025 1751 vident,
1045 1687 1212 1742 avertunt
1231 1700 1279 1756 se,
1298 1693 1350 1745 est

223 1771 314 1835 enim
333 1770 401 1835 iilis
419 1771 514 1834 nulla
529 1771 662 1853 cupido.
706 1770 810 1833 Tales
829 1781 996 1852 apparent
1015 1771 1049 1834 in
1069 1774 1276 1856 propinquo,
1292 1777 1349 1840 sed

224 1888 243 1931 e
262 1867 452 1949 longinquo
468 1868 556 1932 sicut
575 1887 679 1931 canes
697 1867 988 1947 indulgentiarum
1008 1888 1068 1931 seu
1087 1868 1197 1933 catuli
1212 1871 1349 1935 delicia·

223 1980 320 2039 rum;
348 1971 384 2025 et
403 1982 539 2044 quoque
556 1963 645 2028 sicut
664 1962 791 2046 aliquid
811 1962 957 2027 latratus
975 1964 1113 2028 auditur
1131 1965 1168 2029 in
1186 1967 1283 2031 sonis
1300 1965 1349 2032 lo·

223 2057 345 2142 quelae
363 2058 508 2123 illorum.

597 2277 974 2294 ψ

702 2511 867 2597 [xxm]

480 2694 538 2757 Ds
561 2692 744 2758 mems
767 2693 1042 2761 Vnnmrnrusr.
1125 2756 1131 2763 .

283 2894 389 2976 506·
422 2890 485 2955 Per
498 2891 675 2954 libidinem
688 2893 906 2968 varietatum,
921 2893 963 2956 de
983 2914 1050 2976 qua
1065 2892 1120 2958 hic
1137 2894 1265 2977 agitur,
1279 2916 1345 2960 non

219 2987 424 3067 intelligitur
440 2986 545 3049 libido
561 2987 805 3062 fornicationis,
822 2987 865 3051 de
884 3008 950 3070 qua
969 2990 1002 3051 in
1022 2991 1218 3072 suocapite
1235 2989 1346 3055 adium

219 3094 294 3160 est;
318 3082 402 3145 haec
420 3082 559 3145 tametsi
579 3083 771 3164 promiscua
789 3095 825 3147 et
845 3102 934 3165 vaga
946 3082 1035 3148 solet
1048 3104 1136 3160 esse,
1154 3106 1262 3168 usque
1281 3104 1346 3151 non

219 3177 320 3240 infert
339 3177 515 3241 libidinem
538 3178 757 3254 varietatum,
782 3179 846 3242 nisi
869 3180 949 3241 dum
973 3180 1114 3243 excedit
1137 3181 1292 3257 modum,
1312 3191 1346 3245 et

218 3273 405 3336 fornicator
420 3270 555 3354 sped'tat
572 3293 761 3347 numerum,
779 3284 815 3338 et
834 3274 876 3338 de
894 3274 955 3337 ilio
973 3295 1020 3337 ex
1038 3275 1198 3358 cupidine
1214 3274 1343 3357 ja8tat:

218 3368 302 3432 haec
320 3370 397 3433 idea
412 3370 524 3433 initiat
538 3370 627 3433 hanc
646 3370 830 3434 libidinem.
876 3369 944 3436 Sed
958 3370 1067 3454 qualis
1083 3368 1121 3434 fit
1138 3373 1172 3434 in
1188 3393 1252 3437 sua
1267 3394 1344 3456 pro·

217 3465 403 3546 gressione,
418 3485 486 3529 non
506 3475 624 3546 potest
641 3464 803 3530 distinete
822 3467 960 3549 percipi,
979 3466 1043 3530 nisi
1060 3467 1095 3530 in
1114 3467 1233 3551 aliqua
1248 3469 1343 3543 serie,

218 3580 305 3642 quae
324 3561 388 3624 erit
408 3560 494 3623 haec
507 3580 561 3623 :-

394 3694 438 3763 (i.)
465 3694 611 3765 Quadper
623 3695 772 3749 libidinem
784 3697 965 3750 varietatum
975 3696 1164 3768 intelligatur
1170 3696 1261 3753 la‘briia
1271 3713 1344 3753 scor·

536 3769 659 3820 tattonis
667 3770 793 3837 prorsus
804 3767 953 3821 dr'ssolata.

383 3835 437 3903 (ii.)
465 3836 551 3906 Quod
560 3837 649 3891 nardo
661 3839 714 3891 illa
726 3842 767 3890 sit
778 3854 862 3891 arnor
870 3844 898 3890 et
907 3837 1169 3909 sirnulfastritium
1176 3842 1237 3909 pra
1248 3856 1327 3894 sexu.

373 3907 438 3976 (iii.)
465 3907 552 3977 Quod
559 3908 647 3962 libatio
659 3910 713 3961 illa
721 3913 847 3979 prorsus
855 3908 1002 3963 adnihilet
1010 3926 1138 3963 amarem
1147 3910 1343 3982 conjugaialm

375 4049 438 4120 (iv.)
466 3980 686 4120 emmam
703 4067 766 4105 sors
781 4053 849 4120 post
869 4055 989 4104 martem
1007 4051 1116 4105 matera
1136 4053 1186 4116 sit,
1203 4053 1343 4123 quonian

532 4121 595 4175 illis
606 4123 686 4175 vitae
698 4124 837 4176 intimum
851 4137 908 4175 non
920 4127 969 4176 est.

215 4249 375 4334 Sequitur
393 4253 515 4317 horum
534 4254 734 4336 explicatio.

278 4360 378 4430 507.
406 4347 457 4431 (i.)
488 4350 585 4429 Quod
605 4359 671 4432 per
699 4349 869 4413 libidinem
897 4348 1104 4415 varietatum
1125 4350 1340 4434 intelligatur

216 4441 319 4506 libido
336 4445 549 4509 scortationis
562 4455 711 4527 prorsus
726 4443 1045 4511 dissoluta—Haec
1065 4446 1174 4513 libido
1191 4449 1339 4513 insinuat
