2782 5026
142 465 186 531 94
488 460 672 513 DELlCIAE
695 459 925 512 SAPIENTIAE

140 648 225 688 amor
246 648 335 688 sexus
357 630 616 694 sir1¹lillimitatus
637 633 854 696 interminatus,
873 633 1001 697 solutus,
1022 633 1221 706 promiscuus,
1238 645 1264 691 et

139 728 242 784 vagus,
255 723 287 769 at
301 728 387 767 amor
398 713 576 785 conjugialis
591 712 746 774 limitatus,
760 713 986 775 determinatus,
1000 714 1195 778 constridius,
1209 732 1265 770 cer·

139 801 190 846 tus
203 801 234 847 et
247 802 405 855 constans,
424 802 456 847 et
467 793 549 864 quod
569 791 619 847 hic
637 808 724 847 amor
735 792 805 847 ideo
816 808 840 846 -a
859 793 1020 863 prudentia
1034 794 1205 864 sapientiae
1218 796 1267 849 hu·

140 887 245 926 manae
255 871 388 926 sancitus
400 882 431 926 et
441 871 651 927 constabilitus
663 872 710 934 sit,
722 872 794 942 quia
805 872 916 943 alioqui
932 888 993 926 non
1007 872 1088 928 loret
1101 874 1267 945 imperium,

140 967 201 1004 non
221 967 358 1021 regnum,
374 967 434 1005 non
456 950 630 1021 respublica,
647 951 741 1006 immo
762 967 821 1005 non
843 952 979 1012 societas,
996 953 1050 1006 sed
1072 951 1217 1008 homines
1238 965 1268 1008 ut

137 1040 276 1084 catervae
290 1040 322 1084 et
337 1040 474 1085 catervae
489 1041 670 1101 vagarentur
685 1031 714 1083 in
733 1032 848 1101 campis
866 1041 898 1085 et
916 1031 1000 1086 silvis
1018 1047 1089 1085 cum
1111 1034 1222 1088 scortis
1240 1045 1267 1088 et

139 1108 259 1163 leminis
274 1109 375 1180 raptis,
388 1124 424 1163 ac
439 1108 576 1180 lugerent
592 1126 610 1163 a
625 1111 697 1164 sede
714 1110 742 1164 ln
763 1111 866 1165 sedem
882 1110 920 1164 ad
936 1110 1117 1165 evitandum
1131 1123 1268 1168 cruentas

137 1191 254 1253 caedes,
267 1190 447 1245 violationes
460 1201 491 1245 et
503 1191 631 1261 rapinas,
645 1207 698 1261 per
710 1207 785 1261 quas
800 1192 973 1246 universum
988 1207 1086 1263 genus
1100 1192 1265 1248 humanum

138 1270 334 1339 exstirpatum
349 1270 420 1324 iret:
439 1270 498 1324 hoc
511 1280 646 1325 nostrum
662 1270 808 1341 judicium
822 1281 868 1326 est
884 1271 922 1326 de
937 1271 1054 1343 origine
1068 1273 1186 1327 amoris
1198 1289 1267 1328 con·

135 1349 264 1420 jugialis.
301 1349 344 1404 At
358 1350 502 1403 virtutem
521 1365 573 1404 seu
595 1349 763 1420 potentiam
782 1350 892 1404 amoris
909 1351 1092 1422 conjugialis
1109 1353 1266 1408 educimus

137 1443 175 1481 ex
187 1428 316 1482 sanitate
326 1428 461 1498 corporis
473 1428 617 1483 continue
632 1439 784 1499 perstante
797 1445 815 1483 a
828 1440 915 1499 partu
931 1430 969 1484 ad
983 1429 1156 1493 senefiam:
1176 1432 1267 1487 homo

137 1506 217 1561 enim
238 1508 382 1561 continue
405 1523 510 1576 sospes
534 1517 565 1562 et
587 1508 686 1562 stabili
708 1508 823 1578 potitus
845 1509 1019 1564 valetudine
1042 1526 1105 1564 non
1130 1511 1268 1566 deficitur

135 1585 255 1656 vigore:
274 1587 339 1656 ejus
353 1586 452 1647 fibrae,
467 1586 558 1648 nervi,
572 1587 707 1649 musculi,
720 1598 924 1649 cremasteres,
938 1604 1000 1642 non
1015 1599 1207 1660 torpescunt,
1223 1607 1267 1646 re·

135 1665 281 1727 laxantur,
297 1676 328 1719 et
345 1665 535 1727 flaccescunt,
554 1666 607 1720 sed
628 1677 807 1736 permanent
826 1667 856 1720 in
876 1668 984 1722 robore
1003 1667 1113 1722 virium
1129 1685 1268 1725 suarum:

134 1745 261 1799 t·alete.'’
299 1744 355 1799 His
369 1740 538 1815 subscripta
550 1755 596 1799 est
610 1746 711 1799 littera
724 1745 802 1799 “A.''

189 1824 280 1881 108.
307 1824 416 1893 Quinto
431 1824 534 1878 eduxit
549 1824 683 1879 chartam
700 1841 737 1879 ex
753 1841 835 1887 urna,
845 1841 883 1880 ex
895 1841 956 1896 qua
968 1825 1043 1896 legit
1056 1825 1142 1882 haec.
1177 1836 1194 1857 ⁴⁴
1204 1827 1266 1884 Nos

135 1903 294 1973 populares
309 1904 495 1978 adlnostram
510 1920 644 1958 mensam
657 1920 695 1959 ex
711 1904 857 1958 mentium
871 1916 1042 1960 nostrarum
1057 1907 1265 1963 rationalitate

136 1981 319 2052 inspeximus
336 1982 365 2036 in
381 1981 527 2052 originem
543 1984 655 2037 amoris
673 1983 860 2055 conjugialis,
874 1999 909 2038 ac
926 1984 955 2038 in
971 1985 1122 2056 originem
1143 1987 1265 2043 virtutis

134 2078 187 2116 seu
201 2061 354 2131 potentiae
367 2062 447 2131 ejus:
466 2072 497 2115 et
510 2062 655 2132 originem
669 2062 780 2117 amoris
792 2062 970 2134 conjugialis
981 2080 1042 2118 non
1053 2065 1145 2119 aliam
1156 2083 1195 2121 ex
1207 2068 1263 2122 cir·

134 2139 314 2212 cumspeilis
329 2141 493 2195 rationibus
506 2141 636 2195 vidimus
649 2152 681 2196 et
695 2142 947 2202 confirmavimus,
961 2159 1051 2212 quam
1064 2146 1149 2214 quod
1163 2147 1262 2202 omnis

134 2220 227 2275 homo
240 2236 277 2274 ex
290 2220 445 2275 fomitibus
458 2231 489 2275 et
506 2221 574 2275 inde
591 2221 795 2276 incitamentis
808 2220 838 2275 in
854 2222 947 2292 adyto
960 2223 1069 2277 mentis
1082 2234 1114 2277 et
1127 2226 1264 2295 corporis

133 2300 199 2370 ejus
212 2300 372 2355 occultatis
387 2311 455 2370 post
467 2301 564 2354 varias
577 2301 734 2354 oculorum
747 2301 812 2371 ejus
825 2301 965 2355 libidines
977 2302 1102 2356 tandem
1117 2304 1156 2357 ad
1172 2321 1262 2359 unam

133 2396 150 2434 e
166 2396 238 2434 sexu
259 2379 400 2434 feminam
421 2380 557 2434 intendat
573 2390 705 2433 mentem
721 2390 752 2433 et
767 2379 903 2441 acclinet,
916 2396 1012 2450 usque
1026 2382 1101 2435 dum
1121 2383 1160 2437 ad
1182 2383 1262 2438 illam

133 2459 253 2529 penitus
264 2459 441 2513 incalescat:
460 2459 498 2513 ab
511 2459 569 2513 hoc
582 2470 718 2528 tempore
728 2460 810 2513 calor
818 2460 884 2529 ejus
897 2475 915 2513 a
927 2459 1048 2514 flamma
1062 2460 1092 2514 in
1107 2463 1262 2517 flammam

132 2539 203 2601 abit,
216 2555 312 2608 usque
325 2539 397 2592 dum
411 2538 445 2592 iit
458 2538 648 2598 incendium:
668 2539 697 2591 in
711 2538 769 2592 hoc
782 2548 863 2592 statu
877 2538 994 2593 exsulat
1007 2539 1103 2594 libido
1117 2557 1217 2605 sexus,
1230 2553 1261 2597 et

132 2635 187 2688 pro
199 2618 323 2672 libidine
340 2617 374 2671 iit
389 2633 474 2671 amor
488 2616 683 2687 conjugialis;
702 2617 877 2672 adolescens
892 2633 1021 2687 sponsus
1037 2619 1067 2673 in
1084 2620 1144 2675 hoc
1158 2621 1263 2677 ineen-

132 2698 183 2753 dio
197 2713 257 2752 non
271 2698 328 2752 scit
341 2697 428 2750 aliter
440 2713 528 2766 quam
542 2697 624 2766 quod
640 2698 736 2750 virtus
748 2713 801 2751 seu
817 2697 954 2767 potentia
969 2698 1049 2752 illius
1062 2701 1176 2754 amoris
1190 2718 1262 2757 nus-

131 2793 221 2848 quam
237 2777 370 2831 desitura
385 2776 432 2837 sit,
446 2786 527 2830 caret
545 2775 624 2830 enim
644 2776 828 2845 experientia
840 2787 871 2831 et
890 2776 959 2830 inde
975 2777 1103 2832 scientia
1118 2779 1157 2833 de
1177 2791 1261 2836 statu

131 2854 266 2911 deleclus
275 2856 393 2917 virium,
403 2866 434 2910 et
444 2866 516 2909 tunc
527 2854 734 2927 frigescentiae
744 2856 856 2910 amoris
866 2866 935 2925 post
944 2856 1083 2920 delicias:
1099 2869 1146 2913 est
1157 2860 1261 2931 itaque

131 2936 216 3006 origo
229 2937 340 2989 amoris
349 2934 526 3006 conjugialis
539 2951 576 2988 ex
590 2935 688 3004 primo
702 2934 753 2988 illo
763 2944 834 2989 a'nte
847 2936 967 3007 nuptias
976 2937 1092 2998 ardore,
1104 2948 1136 2993 et
1149 2955 1189 2993 ex
1202 2940 1261 2996 hoc

131 3015 226 3068 virtus
241 3030 293 3069 seu
310 3015 446 3084 potentia
461 3013 543 3084 ejus:
561 3024 593 3068 at
609 3013 683 3068 haec
699 3024 767 3084 post
783 3014 903 3084 nuptias
918 3014 998 3071 iaces
1014 3032 1083 3071 suas
1099 3029 1209 3080 mutat,
1225 3036 1260 3075 ac

131 3094 278 3148 decrescit
293 3104 324 3148 et
339 3093 486 3155 increscit,
500 3094 553 3147 sed
569 3109 664 3163 usque
681 3104 794 3163 perstat
809 3109 877 3148 cum
894 3094 994 3149 stabili
1011 3097 1192 3158 mutatione,
1205 3116 1259 3155 seu

131 3173 336 3228 decrescentia
348 3183 378 3228 et
392 3172 589 3227 increscentia
605 3189 698 3242 usque
714 3174 752 3226 ad
768 3173 895 3237 senium,
910 3190 964 3244 per
978 3176 1207 3234 moderationes
1222 3197 1260 3234 ex

131 3253 298 3324 prudentia,
312 3263 343 3308 et
359 3269 412 3323 per
424 3251 638 3307 refrenationes
652 3252 808 3306 libidinum
823 3255 1043 3325 erumpentium
1057 3272 1094 3309 ex
1107 3261 1260 3326 specubus

132 3333 241 3387 mentis
255 3334 388 3387 nondum
401 3332 578 3394 defaecatis;
597 3332 692 3386 iibido
702 3332 782 3386 enim
792 3333 889 3387 anteit
898 3334 1094 3404 sapientiam:
1114 3335 1175 3392 hoc
1189 3355 1261 3393 nos·

130 3422 208 3466 trum
222 3413 367 3483 judicium
382 3423 428 3467 est
441 3413 479 3467 de
492 3414 607 3484 origine
620 3423 650 3468 et
667 3413 889 3481 perseverantia
900 3413 1020 3468 virtutis
1033 3431 1086 3468 seu
1101 3419 1260 3485 potentiae

129 3492 333 3563 conjugialis.”
372 3490 428 3546 His
441 3493 610 3561 subscripta
622 3501 668 3545 est
681 3491 782 3545 littera
795 3499 810 3520 ‘⁶
822 3490 873 3545 P.''

183 3583 276 3640 109.
302 3572 388 3625 Sexto
400 3571 504 3626 eduxit
517 3571 660 3633 chartam,
674 3587 711 3624 ex
724 3586 784 3640 qua
796 3570 870 3641 legit
882 3569 973 3626 baec:
992 3571 1082 3627 “Nos
1095 3575 1260 3645 populares

128 3668 166 3706 ex
179 3662 283 3706 nostro
297 3651 438 3706 sodalitio
450 3651 715 3721 circumspeximus
728 3666 834 3705 causas
849 3651 973 3722 originis
988 3652 1100 3707 amoris
1116 3656 1259 3728 conjugi·

129 3731 192 3792 aiis,
206 3741 236 3784 et
249 3730 455 3785 consensimus
472 3731 502 3784 in
519 3732 601 3793 duas,
615 3746 741 3800 quarum
758 3745 817 3783 una
832 3741 879 3784 est
892 3731 974 3801 justa
988 3731 1130 3787 educatio
1146 3734 1259 3790 libero·

130 3828 204 3872 rum,
224 3820 255 3865 et
273 3811 368 3864 altera
386 3808 528 3864 distincta
547 3809 698 3879 possessio
716 3809 936 3871 hereditatum:
962 3811 1182 3881 assumpsimus
1202 3814 1258 3870 has

129 3892 212 3952 duas,
225 3890 296 3960 quia
314 3889 469 3943 collimant
487 3899 518 3943 et
536 3887 674 3959 speciant
692 3889 730 3942 ad
749 3905 842 3942 unum
862 3905 995 3960 scopum,
1009 3890 1060 3961 qui
1076 3901 1123 3945 est
1139 3893 1257 3949 bonum

129 3970 297 4041 publicum;
316 3979 347 4023 et
360 3969 418 4024 hoc
432 3969 593 4029 obtinetur,
607 3968 677 4039 quia
693 3967 823 4023 infantes
837 3984 876 4023 ex
888 3984 990 4024 amore
1002 3970 1167 4042 conjugiali
1183 3989 1258 4028 con·

129 4049 208 4120 cepti
221 4060 252 4104 et
265 4048 326 4102 nati
340 4047 417 4102 fiunt
430 4047 540 4118 proprii
553 4058 585 4102 et
598 4047 740 4118 germani,
751 4058 782 4102 et
795 4048 826 4101 hi
839 4064 877 4103 ex
890 4064 991 4103 amore
1004 4060 1106 4120 storge
1119 4053 1257 4109 exaltato

129 4145 181 4200 per
193 4129 275 4200 quod
291 4129 352 4183 sint
364 4144 401 4183 ex
415 4127 552 4198 legitimo
565 4137 733 4188 stemmate,
746 4127 915 4182 educantur
927 4127 956 4181 in
973 4126 1099 4184 heredes
1115 4132 1256 4187 omniurn

129 4209 351 4278 possessionum
365 4219 426 4261 tarn
440 4207 638 4278 spiritualium
649 4223 739 4276 quam
751 4207 931 4261 naturalium
942 4223 1065 4262 suorum
1076 4221 1257 4278 parentum:

128 4289 210 4358 quod
226 4304 316 4357 super
329 4289 411 4358 justa
424 4287 602 4341 educatione
618 4286 787 4348 liberorum,
803 4297 835 4341 et
853 4302 944 4356 super
958 4285 1100 4342 distindla
1119 4305 1258 4358 possses-

129 4369 212 4422 sione
223 4368 433 4428 hereditatum,
444 4366 588 4421 iundetur
597 4368 710 4420 bonum
724 4367 885 4436 publicum,
895 4366 979 4421 videt
991 4366 1077 4421 ratio.
1104 4367 1160 4422 Est
1168 4385 1258 4426 amor

129 4464 225 4511 sexus,
238 4459 269 4503 et
288 4459 335 4504 est
353 4463 438 4503 amor
456 4446 651 4518 conjugialis:
670 4446 719 4501 hic
738 4461 824 4501 amor
842 4455 966 4517 apparet
983 4445 1063 4501 sicut
1083 4463 1164 4504 unus
1182 4465 1256 4507 cum
