2782 5026
215 429 281 508 406
547 438 794 492 VOLUPTATES
817 439 1004 494 INSANIAE

214 609 328 694 qualia
338 619 505 694 apparent
519 610 552 674 in
564 610 708 674 internis
719 630 836 674 coram
850 610 1012 687 Domino,
1024 618 1061 676 et
1074 611 1120 676 ab
1130 612 1213 696 Ipso
1225 630 1325 678 coram

214 704 359 787 angelis,
380 706 470 788 quod
490 714 544 770 est
564 707 752 769 secundum
771 704 872 787 quale
891 706 1085 770 voluntatis
1107 716 1146 772 et
1170 708 1269 791 quale
1286 710 1325 771 in-

166 801 179 815 “
214 797 377 864 tellectus
399 800 549 863 hominis
579 801 612 863 in
637 801 716 863 illis.
762 800 899 863 Dantur
921 801 1037 865 variae
1059 802 1326 866 circumstantiae

213 894 248 959 in
271 896 410 968 mundo,
431 916 518 978 quae
541 896 681 958 crimina
705 897 867 978 mitigant
891 902 926 958 et
951 904 1137 972 excusant,
1158 907 1233 961 tum
1254 916 1326 981 quae

214 1000 410 1072 aggravant
429 1001 464 1054 et
484 991 662 1068 incusant;
693 1001 730 1054 at
754 1011 860 1073 usque
878 990 1129 1073 imputationes
1148 1002 1230 1074 post
1249 1010 1326 1056 mor·

212 1095 285 1149 tem
309 1106 377 1149 non
401 1084 487 1148 fiunt
507 1086 694 1149 secundum
714 1086 989 1150 circumstantias
1007 1105 1097 1168 quae
1120 1097 1203 1151 sunt
1222 1098 1325 1151 exter·

211 1199 277 1243 nae
296 1178 385 1252 iacti,
406 1180 467 1243 sed
487 1181 675 1244 secundum
694 1181 847 1245 internas
866 1181 1013 1246 mentis:
1036 1191 1074 1246 et
1093 1181 1162 1246 hae
1181 1179 1326 1266 spectan-

211 1284 268 1339 tur
280 1274 468 1339 secundum
482 1285 613 1339 statum
626 1275 796 1340 ecclesiae
808 1277 898 1358 apud
912 1279 1177 1359 unumquemvis
1192 1301 1201 1358 ;
1224 1287 1263 1343 ut
1278 1298 1326 1362 pro

210 1371 385 1453 exemplo,
410 1371 516 1435 homo
539 1371 722 1435 voluntate
748 1391 788 1436 ac
819 1371 1000 1436 intellectu
1023 1373 1162 1456 impius,
1186 1375 1243 1458 qui
1271 1383 1326 1449 est,

210 1467 264 1530 cui
288 1487 356 1530 non
381 1467 484 1530 timor
507 1466 583 1540 Dei,
605 1486 668 1530 nec
692 1486 788 1531 amor
805 1467 965 1550 proximi,
986 1477 1023 1532 et
1047 1469 1128 1533 inde
1152 1490 1218 1535 nec
1242 1492 1327 1536 reve·

208 1563 322 1626 tentia
346 1582 407 1645 pro
429 1562 544 1644 aliqua
566 1559 752 1626 sanctitate
776 1563 966 1642 ecclesiae;
997 1563 1057 1627 ille
1085 1576 1167 1646 post
1192 1577 1329 1632 mortem

209 1655 248 1720 lit
271 1678 349 1721 reus
367 1659 520 1722 omnium
539 1658 729 1732 criminum,
749 1679 836 1741 quae
855 1680 999 1744 corpore
1017 1661 1114 1736 fecit,
1134 1682 1201 1726 nec
1225 1662 1263 1727 fit
1284 1684 1330 1728 re·

209 1753 367 1816 cordatio
386 1751 643 1817 benefactorum
662 1753 753 1834 ejus;
777 1756 939 1837 quoniam
958 1776 1018 1819 cor
1040 1755 1123 1838 ejus,
1145 1777 1167 1820 a
1190 1758 1259 1840 quo
1280 1758 1333 1822 illa

208 1857 248 1912 ut
261 1847 390 1912 alonte
403 1849 666 1925 scaturiverunt,
681 1868 838 1913 aversum
851 1849 913 1914 luit
927 1871 948 1913 a
960 1851 1070 1925 caelo,
1082 1861 1118 1915 et
1132 1871 1339 1918 conversum

208 1943 253 2008 ad
273 1944 451 2018 infernum,
471 1955 508 2008 et
527 1943 604 2009 acta
623 1944 796 2027 profluunt
815 1967 860 2009 ex
879 1946 959 2012 loco
977 1947 1207 2013 habitationis
1226 1951 1339 2015 cordis

208 2038 367 2122 cujusvis.
410 2039 462 2104 Ut
482 2040 549 2104 hoc
569 2040 794 2122 intelligatur,
812 2042 955 2106 reseram
972 2062 1147 2107 arcanum.
1194 2045 1345 2110 Caelum

207 2144 262 2199 est
293 2136 327 2198 in
358 2135 625 2199 innumerabiles
652 2137 841 2200 societates
865 2135 1079 2215 distinctum,
1105 2140 1267 2204 similiter
1293 2159 1345 2206 ex

207 2232 371 2314 opposito
395 2231 583 2308 infernum;
614 2239 650 2295 et
681 2231 828 2312 cujusvis
850 2231 999 2296 hominis
1023 2252 1122 2298 mens
1145 2237 1350 2299 secundum

207 2325 427 2390 voluntatem
446 2336 482 2390 et
499 2327 578 2389 inde
594 2324 810 2391 intellectum
823 2325 905 2408 ejus,
917 2328 950 2390 in
967 2349 1035 2392 una
1051 2331 1224 2394 societate
1240 2327 1347 2394 actu⁶

207 2420 309 2485 aliter
328 2410 476 2493 habitat,
488 2431 523 2484 et
543 2440 618 2484 cum
638 2421 705 2484 illis
722 2423 767 2485 ibi
786 2421 944 2486 similiter
959 2423 1111 2487 intendit
1131 2435 1167 2488 et
1188 2427 1350 2508 cogitat.

206 2514 242 2581 Si
258 2537 356 2580 mens
373 2519 406 2579 in
423 2517 536 2599 aliqua
552 2517 720 2580 societate
733 2516 820 2581 caeli
836 2527 901 2591 est,
915 2527 998 2583 tunc
1014 2519 1166 2583 intendit
1184 2529 1220 2584 et
1237 2521 1345 2602 cogi·

206 2622 262 2678 tat
279 2613 437 2677 similiter
453 2632 529 2676 cum
547 2612 614 2674 illis
630 2613 695 2689 ibi;
719 2613 748 2675 si
764 2613 797 2675 in
813 2612 927 2696 aliqua
940 2613 1110 2678 societate
1127 2614 1251 2678 inferni
1266 2625 1344 2689 est,

206 2710 366 2773 similiter
382 2729 459 2772 cum
476 2709 543 2773 illis
560 2709 625 2772 ibi:
657 2709 717 2770 sed
738 2709 899 2790 quamdiu
914 2707 1020 2772 homo
1039 2711 1072 2772 in
1090 2710 1221 2775 mundo
1235 2711 1339 2785 vivit,

206 2807 338 2870 tamdiu
357 2807 483 2886 migrat
501 2804 545 2867 ab
564 2824 630 2866 una
650 2805 817 2867 societate
835 2805 869 2867 in
888 2803 1032 2867 alteram
1049 2806 1239 2868 secundum
1258 2826 1337 2869 mu·

204 2903 357 2964 tationes
370 2899 586 2964 affectionum
599 2898 788 2963 voluntatis
804 2909 838 2962 et
855 2899 934 2962 inde
944 2901 1197 2982 cogitationum
1209 2903 1336 2966 mentis

206 3017 309 3073 suae;
338 3008 374 3058 at
394 3005 473 3076 post
493 3005 641 3058 mortem
660 2994 869 3077 colliguntur
884 2996 1180 3077 peregrinationes
1200 2996 1283 3078 ejus,
1295 3006 1329 3060 et

203 3111 249 3154 ex
274 3088 429 3154 collectis
452 3091 485 3153 in
510 3110 613 3153 unum
632 3089 833 3170 designatur
855 3091 885 3152 ei
908 3089 1015 3162 locus,
1036 3091 1063 3152 si
1087 3090 1199 3153 malus
1222 3092 1256 3155 in
1280 3092 1328 3155 in·

202 3183 311 3259 lerno,
324 3186 351 3248 si
368 3186 477 3248 bonus
494 3185 527 3248 in
544 3185 652 3248 caelo.
697 3183 796 3248 Nunc
812 3186 890 3267 quia
906 3185 1063 3247 omnibus
1078 3186 1112 3248 in
1129 3185 1262 3251 inferno
1277 3196 1328 3252 est

202 3279 366 3343 voluntas
386 3279 477 3353 mali,
497 3301 542 3343 ex
562 3301 603 3343 ea
621 3277 820 3362 spectantur
838 3299 957 3343 omnes
976 3280 1040 3356 ibi;
1065 3288 1100 3343 et
1120 3281 1199 3361 quia
1218 3282 1327 3347 omni·

203 3376 266 3439 bus
292 3376 327 3438 in
350 3375 448 3438 caelo
470 3386 524 3439 est
547 3376 708 3439 voluntas
731 3376 822 3448 boni,
843 3396 887 3438 ex
917 3395 957 3437 ea
985 3372 1187 3457 spectantur
1209 3397 1329 3441 omnes

201 3470 268 3550 ibi;
292 3493 395 3555 quare
415 3471 602 3535 secundum
622 3470 722 3554 quale
740 3470 886 3553 cujusvis
904 3469 1094 3533 voluntatis
1113 3481 1149 3535 et
1168 3473 1326 3538 intellec·

201 3579 259 3634 tus
274 3567 358 3632 fiunt
377 3569 623 3648 imputationes
641 3577 721 3650 post
741 3575 898 3629 mortem.
943 3563 1060 3629 Simile
1078 3564 1116 3628 fit
1136 3586 1214 3630 cum
1233 3583 1326 3632 scor·

200 3665 402 3737 tationibus,
431 3664 502 3727 sive
533 3663 602 3726 sint
635 3662 889 3735 fornicationes,
921 3661 992 3724 sive
1026 3661 1220 3742 pellicatus,
1255 3663 1326 3727 sive

200 3761 459 3835 concubinatus,
477 3760 548 3822 sive
567 3759 736 3821 adulteria
747 3780 755 3835 ;
779 3758 938 3840 quoniam
957 3756 1015 3819 illa
1031 3758 1136 3820 cuivis
1152 3758 1325 3838 imputan-

200 3866 266 3931 tur,
292 3876 361 3919 non
393 3855 582 3918 secundum
609 3852 710 3927 lacta,
735 3854 794 3915 sed
826 3852 1014 3915 secundum
1044 3863 1174 3915 statum
1200 3853 1326 3917 mentis

199 3951 234 4020 in
247 3950 366 4029 lactis3
389 3949 480 4015 lacta
491 3951 583 4015 enim
596 3958 783 4033 sequuntur
796 3968 918 4031 corpus
934 3949 967 4011 in
981 3947 1160 4024 tumulum,
1174 3959 1211 4013 at
1229 3969 1325 4012 mens

199 4049 359 4130 resurgit.

262 4159 358 4228 531.
384 4142 458 4227 (vi.)
486 4141 583 4222 Quod
593 4141 641 4205 sic
655 4140 760 4205 cuiuis
772 4140 953 4221 imputetur
966 4160 1062 4202 amor
1073 4139 1325 4223 conjugialis.-

197 4242 334 4307 Dantur
354 4239 512 4322 conjugia
535 4239 567 4301 in
591 4238 711 4320 quibus
734 4257 803 4300 non
826 4245 970 4318 apparet
993 4255 1090 4299 amor
1108 4234 1321 4319 conjugialis,

197 4351 233 4403 et
254 4352 371 4403 tamen
392 4348 465 4414 est;
490 4344 526 4399 et
546 4335 672 4397 dantur
690 4333 850 4414 conjugia
870 4332 903 4394 in
922 4332 1042 4413 quibus
1061 4341 1207 4413 apparet
1226 4351 1323 4395 amor

197 4432 410 4515 conjugialis,
435 4442 470 4495 et
491 4441 610 4494 tamen
634 4449 703 4492 non
727 4439 801 4491 est:
831 4447 955 4491 causae
977 4436 1057 4489 sunt
1080 4426 1196 4510 plures
1213 4427 1319 4490 utrin-
