2850 5026
227 451 289 518 242
578 449 760 499 DELICIAE
783 450 1011 501 SAPIENTIAE

226 622 307 684 dum
335 621 368 684 in
392 642 453 684 suo
477 620 580 703 pleno
603 631 668 696 est,
688 621 722 684 in
745 640 905 704 corpore:
935 642 976 686 ac
1003 623 1153 687 vicissim
1176 624 1206 689 si
1233 625 1340 709 conju·

225 717 318 798 glum
338 717 371 778 in
391 717 512 798 spiritu
531 726 584 780 est
605 717 786 780 incastum.

288 826 382 894 311.
414 811 503 895 (xv.)
531 811 627 890 Quod
634 811 688 875 hic
696 813 744 876 sit
754 812 879 876 amoris
891 814 1087 896 coryiaegialrs
1101 814 1184 878 ordo
1194 836 1268 879 cum
1278 817 1342 879 suis

224 907 331 970 modis
350 928 371 969 a
385 907 500 988 primo
516 907 585 989 q'us
602 907 711 970 calore
727 908 777 971 ad
790 908 941 989 primam
956 909 1025 991 q‘us
1035 910 1341 989 facem—Dicitur,

224 1021 245 1064 a
264 1003 373 1082 primo
392 1000 463 1082 ejus
482 1001 597 1065 calore
619 1002 664 1065 ad
689 1003 832 1084 primam
851 1002 922 1083 ejus
945 1003 1066 1078 lacem,
1087 1006 1166 1087 quia
1185 1005 1281 1069 calor
1298 1007 1343 1068 vi·

224 1097 304 1159 talis
327 1106 381 1159 est
404 1116 511 1169 amor,
536 1116 576 1160 ac
601 1096 802 1179 conjugialis
821 1098 916 1161 calor
938 1119 998 1161 seu
1021 1118 1117 1162 amor
1153 1103 1343 1164 successive

174 1239 177 1244 -
223 1193 357 1265 crescit,
378 1202 413 1254 et
433 1193 573 1255 tandem
590 1193 678 1256 sicut
695 1194 727 1255 in
745 1192 917 1256 flammam
935 1214 994 1257 seu
1010 1194 1140 1257 lacem:
1164 1195 1290 1258 dicitur
1304 1196 1343 1258 ad

223 1288 366 1369 primam
386 1307 482 1349 suam
505 1288 627 1361 lacem,
648 1289 726 1370 quia
749 1288 955 1370 intelligitur
977 1301 1092 1353 status
1116 1291 1246 1371 primus
1269 1302 1344 1373 post

223 1383 369 1463 nuptias,
390 1383 527 1464 quando
546 1402 642 1445 amor
660 1383 718 1446 ille
738 1383 856 1459 ardet3
881 1384 942 1446 sed
961 1384 1071 1466 qualis
1094 1382 1132 1447 fit
1153 1395 1234 1466 post
1259 1384 1342 1448 hanc

223 1476 341 1550 lacem,
362 1478 395 1540 in
415 1478 490 1558 ipso
509 1477 680 1559 conjugio,
700 1479 910 1560 descriptum
930 1490 983 1544 est
1004 1481 1037 1542 in
1057 1478 1344 1544 transactionibus

221 1590 307 1652 quae
326 1573 558 1650 antecedunt;
583 1574 616 1635 in
640 1573 704 1636 hac
724 1583 840 1636 autem
865 1573 1110 1637 lucubrationis
1131 1585 1242 1656 parte,
1262 1577 1344 1638 ordo

221 1665 291 1746 ejus
310 1686 329 1728 a
349 1667 460 1747 primo
479 1687 615 1731 carcere
635 1669 677 1730 ad
702 1669 846 1750 primam
870 1668 957 1732 hanc
983 1680 1113 1732 metam
1135 1669 1343 1752 explanatus

220 1768 284 1822 est.
330 1759 432 1841 Quod
456 1762 567 1824 omnis
590 1762 675 1825 ordo
699 1763 866 1844 procedat
889 1783 910 1825 a
940 1764 1055 1843 primis
1077 1763 1120 1825 ad
1151 1763 1286 1838 ultima,
1309 1776 1343 1828 et

221 1854 312 1936 quod
342 1855 464 1918 ultima
492 1855 575 1918 fiant
605 1857 714 1938 prima
743 1857 918 1939 sequentis
941 1856 1083 1937 alicujus
1106 1858 1248 1931 ordinis,
1273 1869 1342 1921 tum

220 1950 310 2030 quod
334 1951 450 2012 omnia
480 1951 582 2012 medii
612 1952 740 2013 ordinis
769 1953 839 2013 sint
869 1950 990 2014 ultima
1017 1952 1147 2033 prioris,
1171 1971 1212 2015 ac
1237 1952 1343 2034 pri-ma

220 2045 430 2124 posterioris,
445 2055 480 2107 et
494 2046 585 2128 quod
602 2046 650 2107 sic
667 2045 751 2108 lines
767 2066 827 2126 per
839 2066 959 2108 causas
975 2047 1009 2108 in
1026 2044 1165 2109 effecius
1181 2047 1343 2111 continue

220 2140 419 2219 procedant,
441 2161 486 2203 ex
505 2141 654 2220 cognitis
674 2150 710 2202 et
728 2139 916 2203 visibilibus
935 2142 968 2203 iu
989 2141 1117 2204 mundo
1135 2140 1343 2206 sufficienter

219 2254 335 2297 coram
355 2236 488 2298 ratione
508 2244 625 2317 potest
641 2233 832 2297 confirmari
850 2255 889 2297 ac
910 2234 1091 2312 illustrari;
1115 2236 1176 2298 sed
1192 2238 1273 2319 quia
1287 2237 1339 2300 hic

104 2368 113 2379 2
219 2329 261 2391 de
280 2329 410 2403 ordine,
431 2331 464 2392 in
487 2350 555 2412 quo
578 2349 674 2392 amor
697 2329 852 2410 procedit
876 2349 896 2391 a
919 2349 980 2392 sua
998 2331 1151 2393 statione
1170 2332 1280 2413 prima
1298 2332 1339 2394 ad

218 2442 314 2486 suam
334 2436 475 2497 metam,
494 2425 591 2486 unice
607 2425 731 2505 agitur,
750 2433 1012 2505 praetereuntur
1031 2423 1100 2498 illa,
1117 2433 1153 2487 et
1174 2426 1280 2489 modo
1298 2426 1339 2489 de

218 2518 283 2581 hoc
307 2519 441 2591 dicitur,
466 2519 556 2600 quod
580 2518 689 2600 qualis
716 2517 813 2598 hujus
842 2519 968 2580 amoris
995 2519 1081 2581 ordo
1110 2528 1165 2582 est
1189 2540 1209 2583 a
1233 2521 1341 2601 primo

218 2634 281 2676 suo
299 2613 414 2676 calore
438 2614 480 2675 ad
505 2614 647 2694 primam
672 2632 766 2674 suam
790 2613 909 2685 lacem,
931 2612 1011 2675 talis
1030 2624 1067 2676 ut
1091 2613 1274 2695 plurimum
1297 2615 1340 2678 sit

217 2716 253 2770 et
273 2709 353 2769 insit
374 2709 407 2770 in
428 2709 667 2789 progressione
686 2728 746 2769 sua
766 2717 908 2788 postea;
933 2709 966 2769 in
990 2708 1054 2770 hac
1075 2709 1164 2770 enim
1189 2729 1227 2771 se
1246 2708 1339 2771 evol·

217 2803 278 2875 vit,
299 2801 408 2883 qualis
432 2803 465 2863 in
489 2822 525 2864 se
549 2801 610 2864 luit
634 2803 761 2883 primus
784 2801 899 2878 calor;
923 2803 979 2883 qui
1003 2803 1030 2865 si
1053 2813 1181 2875 castus,
1206 2812 1339 2866 castum

217 2896 288 2977 ejus
311 2897 552 2959 corroboratur
575 2898 608 2959 in
632 2898 944 2979 progressionibus,
976 2897 1003 2958 si
1027 2906 1143 2959 autem
1173 2898 1336 2970 incastus,

217 2992 387 3055 incastum
418 2991 488 3072 ejus
518 2992 673 3072 augescit
703 2992 966 3073 progrediendo,
998 3012 1104 3073 usque
1133 2992 1215 3055 dum
1245 2992 1337 3055 omni

217 3096 324 3160 casto,
345 3088 379 3148 in
402 3108 469 3168 quo
492 3108 512 3149 a
539 3096 696 3169 tempore
719 3087 998 3168 desponsationis
1026 3086 1087 3150 luit
1111 3087 1155 3149 ab
1178 3096 1281 3150 extra
1303 3096 1338 3149 et

218 3202 286 3245 non
306 3183 350 3245 ab
368 3183 470 3255 intra,
491 3182 640 3244 orbatur.

280 3291 373 3359 312.
406 3277 505 3359 (xvi.)
533 3277 629 3355 Quod
642 3299 738 3340 amor
752 3277 948 3361 conjitgialzk
964 3276 1088 3358 absque
1101 3274 1218 3338 ordine
1231 3285 1264 3339 et
1276 3275 1336 3338 ltu·

214 3373 279 3455 jus
295 3372 401 3435 modr's
416 3372 660 3453 praecipitatus
678 3381 801 3435 exurat
819 3371 980 3435 medullas
998 3381 1030 3434 et
1047 3377 1338 3433 consummetur.—

218 3467 252 3529 A
271 3467 473 3549 quibusdam
497 3468 530 3529 in
550 3467 647 3530 caelo
670 3469 719 3529 ita
742 3467 883 3541 dicitur;
908 3475 943 3529 et
968 3486 1028 3547 per
1044 3464 1213 3527 medullas
1236 3463 1338 3527 intel·

218 3562 328 3644 ligunt
352 3563 514 3625 interiora
533 3563 657 3625 mentis
677 3572 712 3625 et
732 3563 905 3643 corporis;
928 3561 1019 3643 quod
1044 3561 1129 3623 haec
1152 3559 1197 3622 ab
1223 3578 1337 3622 amore

217 3656 400 3738 conjugiali
420 3658 647 3738 praecipitato
663 3667 861 3729 exurantur,
879 3655 944 3718 hoc
962 3665 1026 3729 est,
1045 3662 1337 3726 consummentur,

216 3762 270 3814 est
290 3753 368 3833 quia
386 3771 482 3814 amor
501 3751 559 3814 ille
579 3763 659 3814 tunc
680 3751 820 3813 inchoat
840 3771 861 3812 a
884 3749 1031 3824 flamma,
1052 3770 1139 3831 quae
1158 3750 1279 3812 exedit
1298 3767 1336 3812 ac

217 3846 404 3927 corrumpit
423 3845 482 3908 illa
504 3846 621 3926 adyta,
643 3846 675 3908 in
695 3846 816 3927 quibus
839 3853 876 3906 ut
901 3844 934 3906 in
958 3845 1026 3905 suis
1050 3843 1225 3925 principiis
1244 3862 1338 3906 amor

217 3941 418 4022 conjugialis
438 3941 611 4015 residebit,
632 3950 668 4004 et
687 3961 708 4003 a
726 3941 847 4022 quibus
870 3939 1066 4015 inchoabit;
1089 3938 1155 4000 hoc
1175 3937 1225 4013 lit,
1247 3938 1275 4001 si
1290 3937 1339 4000 vir

217 4046 253 4100 et
270 4037 396 4100 semina
411 4036 539 4118 absque
555 4037 674 4099 ordine
691 4035 919 4117 praecipitant
936 4033 1140 4115 conjugium,
1155 4052 1224 4096 non
1240 4050 1337 4114 spec·

218 4135 325 4195 tando
338 4132 390 4194 'ad
416 4131 612 4205 Dominum,
634 4150 702 4192 non
726 4129 939 4192 consulendo
957 4129 1138 4200 rationem,
1155 4126 1338 4209 rejiciendo

217 4227 533 4310 desponsationem,
563 4236 599 4289 et
630 4225 734 4289 modo
762 4223 1035 4306 obtemperando
1057 4223 1171 4300 carni;
1203 4220 1337 4303 acujus

217 4324 339 4387 ardore
359 4324 386 4386 si
402 4322 543 4386 inchoat
562 4322 619 4383 ille
638 4338 745 4394 amor,
766 4318 804 4381 lit
828 4318 885 4381 ille
904 4330 1070 4381 externus
1089 4327 1124 4380 et
1144 4338 1214 4381 non
1232 4318 1337 4381 inter·
1358 4317 1363 4328 ’

219 4438 291 4493 nus,
312 4419 361 4482 ita
384 4438 453 4481 non
476 4414 696 4499 conjugialis;
724 4424 760 4478 et
783 4413 837 4476 hic
860 4414 976 4477 vocari
1002 4422 1119 4495 potest
1142 4423 1336 4477 crustaceus

642 4714 743 4738 Α
