2782 5026
588 437 789 491 cosmums
811 438 943 489 INDEX.

390 611 469 682 [(iv.)]
496 612 573 678 Quod
591 613 699 679 sphaera
720 613 817 662 amoris
833 611 981 678 insontum,
1001 614 1040 663 sit
1054 613 1165 679 spiam
1185 615 1278 665 tutelae
1296 622 1317 665 ι’

554 679 751 730 sustentationis
762 679 877 733 illorum.
888 679 936 745 qui
943 680 1087 745 semetipsos
1096 681 1186 730 tutari
1195 687 1322 731 etsusten·

557 751 612 796 tare
624 750 756 810 nequeunt
765 743 802 806 (n.
815 757 830 806 3
850 744 882 806 1).

400 806 470 881 [(v.)]
494 812 572 876 Quod
591 811 650 859 haec
671 810 779 876 spiam
798 759 899 874 epidii
918 816 970 858 toni
996 810 1079 860 mles
1097 827 1176 876 quani
1197 812 1277 870 ionis.
1291 829 1315 861 oc

555 876 676 941 disponat
691 875 894 940 ununquesiois
915 876 953 924 od
970 876 1121 936 amamus,
1136 878 1284 936 tutandum
1296 889 1315 926 et

555 941 752 991 manandum
768 956 845 992 suani
855 940 1011 1007 progeniem,
1024 958 1058 992 ex
1067 943 1177 1007 proprio
1193 942 1314 1006 onorem

386 1069 466 1140 [(vi.)]
492 1008 638 1136 Quodsgiic
650 1071 760 1137 spicam
776 1070 877 1138 afficiat
885 1087 975 1121 secun
982 1071 1154 1148 seniininun
1165 1073 1315 1139 principali·

557 1143 602 1213 (σε
613 1143 652 1186 ita
670 1143 771 1198 inatres,
782 1142 808 1186 et
822 1152 914 1186 nauus
931 1138 1107 1187 masculinum
1125 1155 1172 1188 seu
1184 1146 1275 1204 potres
1288 1140 1314 1187 oi

375 1265 467 1336 [(νίἰ.)]
493 1200 763 1332 Quodliieiniiiiira
779 1267 857 1317 etiani
868 1267 906 1316 sit
920 1267 1027 1333 sphaera
1041 1268 1207 1320 innocentiae
1217 1275 1243 1319 et
1248 1269 1315 1336 pacis

566 1349 592 1382 n.
664 1370 671 1383 .

367 1395 466 1467 [aum]
492 1333 568 1461 Quoi
579 1333 688 1464 spmia
705 1398 866 1449 innocentiae
878 1397 980 1464 influat
989 1397 1019 1450 in
1035 1398 1164 1464 infantes,
1176 1406 1201 1448 et
1205 1400 1315 1466 peritiae

555 1463 587 1514 in
592 1471 721 1528 parentes,
734 1470 759 1513 et
768 1463 868 1529 officiat
877 1465 915 1524 (n.
927 1466 992 1528 395).

388 1526 468 1598 [((ι.)]
494 1530 568 1593 Quod
580 1529 658 1579 etiarn
670 1528 772 1595 influat
786 1529 816 1580 in
832 1530 937 1579 animas
946 1535 1096 1594 parentum,
1107 1537 1133 1579 et
1144 1532 1314 1597 conjungatsi

555 1610 613 1644 cuni
624 1596 708 1644 eodeni
720 1595 828 1661 sphaera
841 1596 915 1660 apud
921 1595 1061 1660 insontes,·
1076 1601 1102 1644 et
1110 1598 1183 1661 quod
1190 1596 1315 1662 inprimis

555 1659 710 1710 insinuetur
773 1663 872 1710 tatiusn
884 1658 920 1722 (n.
933 1662 989 1724 396,
1001 1660 1067 1724 397)

394 1723 464 1793 [(ι.)]
490 1726 566 1789 Quod
576 1726 606 1776 in
618 1742 646 1775 eo
725 1742 750 1783 u.
762 1726 792 1775 in
805 1741 856 1791 quo
872 1726 965 1775 recedit
976 1726 1125 1776 innocentia
1141 1729 1217 1793 apud
1226 1727 1314 1793 insan-

556 1798 600 1852 tcs‚
611 1792 689 1841 etiam
702 1791 852 1841 remittatur
861 1791 965 1858 affeAio
975 1798 1000 1840 et
1011 1792 1168 1856 conjnttio,
1179 1800 1205 1843 et
1219 1793 1251 1842 id
1262 1809 1314 1843 suc·

555 1858 649 1907 ccssioe
662 1873 744 1923 usque
756 1857 793 1905 od
800 1860 982 1921 separationen
993 1855 1029 1919 (n.
1042 1857 1109 1921 398).

384 1920 465 1990 [(ιὶ)]
491 1924 567 1987 Quid
576 1929 661 1972 status
677 1922 817 1972 ratimlis
832 1922 992 1971 innocentiae
1001 1929 1027 1971 et
1035 1923 1113 1988 pacis
1123 1925 1196 1989 opud
1200 1930 1314 1990 porinus

555 2004 615 2055 erga
628 1988 754 2054 insontes,
766 1988 803 2037 sit
815 1988 887 2064 quod
900 1987 974 2036 nihil
987 1988 1073 2037 sciant
1088 1995 1113 2037 et
1122 1991 1228 2054 possint
1242 2006 1274 2039 ex
1283 2007 1312 2047 se,

554 2055 601 2103 sed
610 2070 643 2104 ex
658 2054 729 2113 aliis,
741 2053 873 2118 inprimis
885 2059 999 2116 expotre
1008 2059 1034 2103 et
1043 2060 1145 2115 natm
1161 2061 1187 2103 et
1195 2056 1265 2121 quod
1273 2056 1313 2104 iile

555 2126 641 2169 status
650 2118 789 2169 successive
799 2119 901 2178 recedat,
915 2117 984 2169 sicut
993 2120 1083 2169 sciunt
1094 2127 1120 2169 et
1124 2126 1240 2184 possunt
1249 2136 1282 2170 ex
1291 2137 1313 2170 se

555 2191 580 2234 et
595 2201 647 2234 non
662 2200 695 2235 eu
707 2184 764 2234 iltis
774 2183 810 2246 (n.
825 2185 891 2248 399).

374 2245 464 2318 [(ιίὶ.)]
490 2252 567 2315 Quod
588 2250 697 2316 sphaera
719 2251 816 2299 ainosis
835 2250 988 2314 procreandi
1006 2249 1036 2299 in
1057 2251 1147 2299 ordine
1168 2268 1186 2299 a
1200 2249 1258 2314 fine
1269 2258 1315 2315 pee

554 2332 647 2366 causas
657 2315 687 2364 in
697 2315 804 2382 escaus
809 2315 999 2381 progrediatur,
1008 2332 1038 2364 ac
1043 2316 1161 2380 piei'ados
1167 2315 1264 2381 saciat,
1269 2323 1316 2380 per

636 2386 804 2431 consuuntur
816 2382 911 2430 matio
926 2381 957 2429 in
967 2387 1039 2430 statu
1049 2381 1174 2446 praeviso
1184 2382 1315 2447 etpevoiso

383 2509 470 2644 (ήίὶῖ
496 2446 801 2576 Μῃᾶἕιῗ,ἑῖιῗα);ιωη
815 2512 952 2562 descmdat.
963 2518 989 2561 et
999 2528 1050 2561 non
1060 2512 1182 2561 ascendat
1191 2511 1227 2576 (n.
1239 2512 1304 2573 403)

382 2579 454 2642 (xiv.)
494 2579 570 2641 Quod
583 2579 655 2628 otius
664 2584 749 2628 status
759 2580 855 2627 amoris
868 2578 994 2627 uxoribus
1004 2577 1041 2626 sit
1055 2583 1115 2626 ante
1127 2578 1314 2643 conceptioneni,

553 2650 579 2694 et
587 2645 660 2693 atius
670 2649 755 2692 status
760 2648 821 2719 post
830 2644 904 2693 illari
917 2643 1045 2719 usquead
1045 2649 1156 2708 portuen
1168 2643 1205 2702 (n.
1217 2646 1283 2704 403).

379 2707 466 2776 [(xv.)]
492 2710 569 2774 Quod
578 2727 652 2759 arnor
659 2709 816 2774 conjugiaiis
826 2726 884 2758 cuni
896 2725 981 2758 auore
992 2708 1131 2773 infantum
1146 2710 1314 2773 apudparcn·

553 2782 589 2825 tes
598 2777 775 2841 conjungatur
776 2783 826 2841 per
836 2792 928 2825 causas
941 2775 1090 2840 spirituales
1100 2780 1126 2823 et
1136 2774 1197 2824 inde
1208 2782 1314 2824 natura-

366 2904 464 2974 [(xvi.)]
490 2841 809 2971 Quodbiiiiirssiiiiantuni
825 2906 898 2956 alius
913 2906 950 2955 sit
959 2906 1031 2970 apud
1037 2906 1154 2971 conjuges
1165 2905 1315 2970 spirituales

552 2979 577 3022 et
586 2973 658 3022 alius
669 2972 742 3038 apud
751 2973 884 3022 naturales
894 2972 930 3034 (n.
942 2972 1073 3033 405-407).

358 3034 465 3105 [(xvii.)]
494 3040 569 3102 Quod
574 3039 617 3088 itte
627 3039 783 3102 amrapiid
792 3039 940 3103 spirituales
951 3038 1025 3114 sitoi
1035 3037 1156 3114 interiori
1164 3054 1212 3087 seu
1217 3037 1314 3115 priori.

552 3105 625 3170 opud
638 3104 770 3154 naturales
785 3111 873 3153 autern
884 3105 916 3153 ai
929 3110 1050 3153 exteriori
1067 3119 1112 3152 seu
1122 3105 1264 3168 posteriori
1279 3102 1314 3166 (n.

346 3231 461 3301 [(xviii.)]
489 3169 632 3299 Quoiiiiie
644 3235 686 3294 sit,
695 3235 766 3300 quod
773 3235 818 3284 ille
828 3250 902 3285 anior
908 3235 944 3284 sit
954 3235 1027 3311 apud
1034 3235 1152 3311 conjuges
1160 3235 1211 3299 qui
1220 3252 1246 3284 se
1258 3251 1315 3285 nu-

553 3307 597 3350 tuo
613 3307 711 3361 areant,
724 3307 750 3350 et
764 3317 865 3366 quoque
880 3301 953 3366 apiid
965 3316 1083 3366 conjuges
1101 3317 1150 3365 qui
1167 3316 1195 3349 se
1205 3309 1315 3366 prorsus

554 3383 604 3416 non
617 3373 708 3418 ornant
718 3366 754 3428 (n.
763 3367 829 3430 409).

366 3429 462 3500 [(xix.)]
487 3429 563 3491 Quod
572 3448 647 3509 anor
655 3433 793 3497 infantum
800 3438 860 3496 post
868 3439 970 3482 nortem
982 3436 1091 3490 maneat,
1103 3430 1237 3496 imprimis
1246 3432 1318 3497 apud

374 3562 463 3632 [(xx.)]
489 3495 871 3639 Quodniziffiiliuiliiiiim
882 3561 994 3613 Donii‘ni'
998 3562 1115 3627 peritias
1126 3563 1274 3622 educentur,
1285 3578 1314 3611 ac

550 3636 654 3681 statura
675 3637 703 3680 et
720 3629 893 3695 intelligentia
910 3634 1024 3678 crescant
1038 3628 1107 3678 sicut
1122 3629 1154 3678 in
1167 3628 1265 3678 munde
1277 3626 1313 3690 (n.

367 3759 464 3829 [(xxi.)]
489 3696 619 3822 Quiiiii'
627 3777 644 3810 a
655 3760 770 3811 Domino
776 3760 953 3826 provideatur.
966 3765 997 3808 ut
1011 3759 1085 3835 opud
1098 3757 1156 3807 iilos
1168 3758 1313 3808 innocentia

553 3827 688 3893 infantiae
692 3825 749 3893 fiat
761 3826 908 3877 innocentia
919 3825 1061 3891 sapientiae
1072 3824 1108 3889 (n.
1119 3837 1177 3886 413,
1189 3822 1257 3887 414).
