2782 5026
131 450 176 514 60
479 464 664 516 nanctus
686 464 917 517 simsustes

133 634 262 697 bonum
286 653 348 697 nec
373 653 502 708 verum,
527 634 618 716 quod
643 654 711 697 non
735 636 779 699 sit
801 635 835 698 in
858 635 1053 699 substantia
1076 645 1113 698 ut
1137 635 1172 699 in
1196 656 1256 699 suo

134 726 307 810 subjedto:
333 728 424 791 bona
446 739 482 792 et
505 749 585 793 vera
609 727 785 793 abstradta
807 749 876 792 non
900 730 1036 804 dantur,
1061 739 1142 794 sunt
1167 733 1255 794 enim

132 823 251 887 nullibi
270 824 349 906 quia
372 843 442 886 non
464 824 595 888 habent
619 825 748 898 sedem,
769 825 875 888 immo
898 843 960 889 nec
984 836 1130 907 possunt
1151 846 1254 908 appa·

131 938 205 982 rere
235 919 324 984 sicut
353 918 529 998 volantia;
557 940 661 1002 quare
691 929 771 982 sunt
802 920 906 983 modo
936 921 1040 995 entia,
1065 921 1109 984 de
1136 921 1255 1003 quibus

132 1014 222 1077 ratio
240 1014 376 1077 videtur
391 1014 454 1077 sibi
473 1012 644 1079 abstradte
663 1015 829 1095 cogitare,
846 1015 907 1077 sed
928 1035 1032 1097 usque
1048 1035 1117 1078 non
1138 1025 1254 1097 potest

133 1109 196 1173 nisi
212 1110 246 1171 in
263 1106 433 1189 subjedtis,
448 1128 527 1171 nam
544 1110 656 1172 omnis
674 1110 752 1172 idea
767 1109 925 1183 hominis,
940 1111 1046 1173 etiam
1058 1110 1253 1183 sublimata,

132 1213 187 1267 est
203 1203 453 1278 substantialis,
467 1203 533 1266 hoc
546 1214 612 1278 est,
626 1203 732 1267 affixa
744 1204 957 1267 substantiis.
988 1203 1132 1286 Insuper
1145 1205 1254 1268 scien·

132 1298 213 1360 dum
236 1306 303 1373 est,
323 1298 413 1380 quod
438 1318 506 1361 non
530 1299 631 1362 detur
649 1299 844 1362 substantia
868 1299 930 1361 nisi
953 1299 997 1361 sit
1021 1297 1151 1378 forma,
1177 1300 1254 1363 sub-

132 1393 265 1456 stantia
292 1413 361 1456 non
390 1393 538 1457 formata
567 1413 631 1456 nec
662 1403 716 1457 est
743 1393 882 1476 aliquid,
910 1395 989 1476 quia
1019 1394 1063 1456 de
1094 1394 1156 1457 illa
1187 1414 1253 1457 non

132 1487 260 1573 aliquid
281 1498 396 1571 potest
415 1489 614 1570 praedicari,
633 1509 673 1552 ac
693 1487 881 1570 subjedtum
900 1490 1029 1571 absque
1048 1490 1255 1570 praedicatis

133 1594 187 1648 est
209 1604 343 1667 quoque
370 1603 432 1646 ens
455 1582 581 1646 nullius
607 1584 761 1647 rationis.
807 1582 904 1647 Haec
934 1583 1173 1666 philosophica
1195 1585 1254 1648 ad·

128 1676 221 1761 jetta
239 1689 330 1753 sunt,
351 1688 389 1742 ut
408 1678 456 1741 sic
479 1679 584 1741 etiam
604 1679 710 1741 videri
734 1679 856 1760 possit,
876 1679 968 1761 quod
990 1680 1059 1742 duo
1077 1679 1251 1761 conjuges,

132 1775 189 1858 qui
212 1777 245 1838 in
269 1793 385 1837 amore
407 1794 487 1837 vere
511 1772 696 1855 conjugiali
718 1783 810 1850 sunt,
834 1771 1013 1837 adiualiter
1035 1775 1105 1837 sint
1126 1774 1254 1838 formae

133 1869 281 1951 conjugii
300 1869 381 1931 boni
400 1877 435 1932 et
455 1869 536 1942 veri,
557 1888 616 1931 seu
636 1869 761 1932 amoris
780 1879 816 1932 et
836 1870 1033 1951 sapientiae.

197 1966 268 2046 ⁶7.
298 1962 469 2045 Quoniam
486 1981 621 2025 amores
637 1962 810 2027 naturales
829 1962 1000 2045 profluunt
1016 1984 1062 2026 ex
1081 1964 1254 2027 amoribus

132 2058 376 2142 spiritualibus,
407 2067 443 2121 et
473 2056 668 2138 spirituales
697 2078 743 2120 ex
773 2057 991 2132 caelestibus,
1023 2058 1101 2120 ideo
1131 2059 1255 2122 dicitur

133 2154 225 2237 quod
244 2173 340 2217 amor
359 2151 560 2233 coniugialis
579 2154 623 2215 sit
642 2150 910 2215 fundamentalis
929 2154 1080 2215 omnium
1100 2173 1254 2218 amorum

133 2248 335 2312 caelestium
358 2256 394 2311 et
418 2246 655 2328 spiritualium,
680 2256 716 2310 et
739 2246 818 2309 inde
839 2247 1057 2309 naturalium.
1104 2247 1256 2311 Amores

133 2343 308 2407 naturales
333 2364 370 2405 se
397 2342 547 2405 referunt
574 2342 618 2404 ad
646 2361 780 2404 amores
807 2342 858 2403 sui
886 2350 922 2405 et
950 2342 1086 2419 mundi;
1119 2362 1255 2406 amores

132 2448 249 2501 autem
269 2437 463 2519 spirituales
482 2457 520 2500 se
538 2437 688 2499 referunt
707 2436 750 2498 ad
770 2455 922 2500 amorem
938 2456 1021 2517 erga
1039 2437 1255 2517 proximum

132 2542 168 2596 et
184 2552 319 2595 amores
338 2531 509 2595 caelestes
528 2551 565 2594 se
583 2530 733 2594 referunt
751 2530 795 2592 ad
818 2549 970 2592 amorem
989 2531 1023 2593 in
1044 2530 1256 2610 Dominum;

132 2637 168 2690 et
187 2629 265 2709 quia
284 2626 374 2689 tales
392 2644 547 2688 amorum
567 2624 753 2688 relationes
772 2634 863 2698 sunt,
884 2634 982 2707 patet
1001 2627 1035 2688 in
1052 2644 1119 2706 quo
1135 2628 1256 2691 ordine

132 2731 331 2803 sequuntur,
355 2728 390 2782 et
416 2720 450 2781 in
473 2739 541 2801 quo
563 2719 680 2782 insunt
708 2720 798 2800 apud
825 2719 1020 2797 hominem;
1052 2721 1191 2802 quando
1214 2742 1257 2784 eo

133 2817 251 2879 ordine
272 2817 399 2889 insunt,
420 2825 501 2878 tunc
520 2835 655 2878 amores
675 2814 849 2878 naturales
867 2816 986 2879 vivunt
1005 2836 1050 2878 ex
1070 2817 1257 2896 spirituali·

132 2911 206 2985 bus,
221 2920 256 2974 et
272 2910 306 2973 hi
322 2932 368 2973 ex
382 2909 595 2986 caelestibus,
610 2919 646 2974 et
659 2930 779 2973 omnes
794 2911 828 2974 in
844 2910 910 2973 hoc
923 2910 1041 2973 ordine
1054 2931 1074 2973 a
1091 2911 1255 2988 Domino,

133 3024 155 3068 a
172 3026 239 3087 quo
259 3013 349 3066 sunt.

196 3096 271 3162 68.
296 3095 369 3180 (vi.)
396 3095 552 3180 Quodque
572 3096 607 3160 iu
629 3097 726 3161 illum
748 3120 893 3163 amarem
910 3099 1031 3163 collata
1053 3099 1123 3163 sint
1143 3100 1257 3165 omnia

128 3193 259 3275 gaudia
287 3203 320 3256 et
351 3213 461 3255 amnes
495 3192 630 3257 deliciae
662 3214 684 3257 u
712 3194 840 3277 primis
876 3195 926 3258 ad
954 3193 1257 3259 ultima—Omnia

127 3288 288 3371 jucunda,
306 3307 525 3369 quaecunque
542 3288 735 3352 sentiuntur
753 3289 796 3353 ab
815 3289 964 3362 homine,
977 3298 1056 3352 sunt
1071 3288 1142 3370 ejus
1157 3310 1255 3354 amo·

132 3385 178 3447 ris
191 3404 199 3462 ;
230 3403 326 3446 amor
349 3402 408 3464 per
436 3382 496 3446 illa
524 3403 561 3446 se
591 3383 799 3459 manifestat,
820 3385 924 3446 immo
947 3385 1066 3447 existit
1089 3394 1125 3447 et
1148 3385 1255 3463 vivit;

133 3479 223 3563 quod
243 3477 392 3558 jucunda
415 3499 451 3541 se
474 3478 634 3542 exaltent
653 3480 763 3560 gradu
786 3501 854 3561 quo
876 3500 914 3542 se
936 3479 1071 3544 exaltat
1090 3500 1197 3555 amor,
1218 3493 1257 3546 ut

133 3583 169 3638 et
201 3574 288 3635 sicut
319 3574 510 3636 incidentes
539 3571 735 3637 affei‘tiones
764 3575 901 3655 propius
930 3583 1079 3654 tangunt
1101 3594 1256 3638 amorem

132 3678 347 3750 regnantem,
372 3679 493 3732 notum
516 3679 580 3733 est.
625 3668 724 3731 Nunc
752 3670 830 3751 quia
852 3688 948 3733 amor
969 3669 1170 3751 coniugialis
1201 3682 1256 3736 est

132 3762 396 3827 fundamentalis
410 3764 559 3826 omnium
573 3764 740 3826 bonorum
753 3784 917 3836 amorum,
932 3774 967 3826 et
983 3766 1060 3846 quia
1073 3765 1258 3848 inscriptus

133 3869 186 3922 est
209 3856 482 3938 singularissimis
501 3857 657 3932 hominis,
678 3868 715 3920 ut
739 3859 828 3939 prius
847 3869 1024 3921 ostensum
1046 3869 1111 3932 est,
1132 3878 1256 3924 conse-

133 3955 245 4038 quitur
260 3953 351 4035 quod
370 3952 459 4015 illius
474 3950 623 4031 jucunda
637 3953 810 4015 excedant
826 3950 977 4034 jucunda
992 3954 1142 4016 omnium
1158 3973 1256 4018 amo·

132 4069 217 4121 rum,
234 4059 270 4112 et
289 4067 421 4129 quoque
437 4045 602 4127 jucundet
621 4046 684 4109 hos
700 4048 885 4110 secundum
903 4048 1127 4128 praesentiam
1145 4068 1255 4125 suam,

133 4152 169 4207 et
192 4142 291 4206 simul
315 4138 590 4220 conjundiionem
613 4160 689 4204 curn
712 4140 799 4218 illis,
830 4142 997 4223 expandit
1019 4142 1108 4203 enim
1132 4143 1264 4207 intima·

134 4238 258 4300 mentis
276 4245 312 4299 et
331 4235 429 4297 simul
446 4236 566 4297 intima
578 4237 738 4315 corporis,
756 4236 843 4298 sicut
863 4235 1024 4299 deliciosa
1042 4256 1130 4299 vena
1149 4237 1256 4301 sontis

133 4331 204 4413 ejus
227 4331 396 4394 transfluit
419 4339 455 4392 et
477 4332 596 4411 aperit.
644 4329 745 4412 Quod
780 4331 814 4393 in
838 4330 926 4393 hunc
950 4351 1100 4394 amorem
1124 4333 1256 4397 collata

133 4428 203 4491 sint
226 4427 340 4490 omnia
358 4425 509 4507 jucunda
529 4446 550 4489 a
575 4426 691 4507 primis
713 4427 757 4489 ad
781 4425 911 4500 ultima,
936 4437 989 4490 est
1013 4436 1152 4507 propter
1175 4449 1256 4492 usus
