2782 5026
376 108 426 160 os
448 98 585 159 AMORE
607 106 927 174 conmutata—N.
947 95 1019 175 380.
1191 109 1254 175 297

132 278 204 333 dum
223 278 310 351 quod
331 294 392 333 non
410 277 516 334 credis.
553 276 682 335 Nostine
697 278 779 350 quod
799 294 884 333 mens
899 276 1084 341 humana'sit
1103 276 1256 333 elevabilis

132 373 223 428 supra
233 357 394 419 sensualia,
408 374 484 429 quae
496 368 568 415 sunt
583 374 660 429 quae
679 357 709 412 in
728 352 961 429 cogitationibus
976 367 1047 412 sunt
1064 373 1102 412 ex
1120 357 1256 413 sensibus

130 437 276 508 corporis,
290 446 321 492 et
336 437 417 508 quod
432 454 500 492 cum
517 438 651 492 elevatur
662 437 764 492 videat
779 437 829 491 illa
844 452 920 508 quae
934 437 1013 492 vitae
1027 446 1099 491 sunt
1113 452 1209 507 supra,
1224 447 1257 492 et

130 517 267 587 illaquae
275 527 398 572 naturae
407 527 478 572 sunt
488 515 584 572 intra?
606 515 686 591 Quid
695 515 758 572 vita
767 515 848 571 aliud
858 533 946 587 quam
956 525 1079 573 amoret
1088 514 1256 586 sapientia?

129 606 160 655 et
172 595 247 666 quid
257 607 365 652 natura
374 596 454 650 aliud
468 612 558 667 quam
570 595 687 650 illorum
700 595 929 666 receptaculum,
940 612 993 667 per
1002 595 1083 666 quod
1094 605 1257 666 operentur

129 689 201 730 suos
214 673 340 730 edcdius
355 691 407 730 seu
423 674 513 730 usus?
551 673 630 730 Num
647 675 721 730 haec
737 685 863 746 possunt
876 691 968 729 unum
985 691 1059 736 esse.
1072 690 1162 745 quam
1178 674 1256 729 sicut

128 752 295 824 principale
305 766 336 809 et
347 752 594 810 instrumentale?
629 753 708 809 Num
719 765 821 825 potest
829 755 881 808 lux
891 770 983 807 unum
994 770 1059 808 esse
1069 769 1136 807 cum
1148 752 1256 808 oculo?

130 849 203 889 num
216 849 310 888 sonus
322 850 390 888 cum
400 833 496 894 aure?
533 833 622 888 Unde
635 833 742 889 horum
756 850 862 889 sensus
878 832 935 888 nisi
951 849 989 888 ex
1003 832 1074 895 vita,
1087 844 1118 888 et
1135 831 1254 888 illorum

128 911 244 967 iormae
257 912 314 966 nisi
328 929 365 967 ex
379 911 505 967 natura?
543 912 623 985 Quid
636 929 744 984 corpus
754 910 928 975 humanum,
939 912 995 966 nisi
1009 929 1098 983 quam
1107 911 1255 983 brganum

128 991 232 1063 vitae?
269 992 381 1047 Annon
398 992 501 1047 omnia
515 1003 546 1047 et
561 993 679 1064 singula
694 992 734 1047 ibi
750 992 889 1064 organice
903 991 1030 1047 formata
1045 1001 1116 1047 sunt
1131 992 1169 1046 ad
1187 1007 1255 1062 pro-

128 1071 303 1129 ducendum
315 1071 365 1126 illa
373 1087 449 1143 quae
459 1088 544 1126 amor
554 1072 617 1126 vult
628 1088 663 1126 ac
673 1068 843 1127 intellectus
853 1070 986 1141 cogitat?
1015 1070 1131 1127 Suntne
1142 1087 1256 1142 organa

130 1151 268 1221 corporis
280 1168 316 1207 ex
331 1162 444 1214 natura,
458 1166 496 1211 ac,
505 1167 590 1206 amor
602 1161 632 1205 et
647 1149 794 1222 cogitatio
809 1167 846 1206 ex
862 1149 943 1206 vita?
981 1149 1097 1206 Suntne
1113 1150 1164 1204 illa
1177 1151 1255 1204 inte'r

127 1245 161 1285 se
179 1246 302 1300 prorsus
317 1228 481 1284 distindia?
519 1230 611 1285 Eleva
629 1230 722 1285 aciem
743 1229 855 1301 ingenii
874 1230 973 1285 adhuc
992 1246 1095 1300 parum
1111 1229 1209 1292 altius,
1223 1240 1254 1284 et

127 1309 255 1371 videbis,
267 1310 350 1379 quod
365 1310 445 1364 vitae
459 1309 499 1364 sit
511 1308 589 1364 affici
602 1319 633 1364 et
646 1308 787 1385 cogitare,
800 1319 832 1364 et
847 1310 928 1380 quod
942 1308 1018 1364 affici
1035 1310 1126 1369 sitex
1141 1325 1253 1372 amore,

127 1398 159 1443 et
173 1388 308 1460 cogitare
327 1405 364 1442 ex
383 1388 537 1459 sapientia,
550 1405 585 1443 ac
604 1400 763 1460 utrumque
782 1404 819 1444 ex
837 1389 907 1451 vita,
922 1406 998 1450 nam,
1015 1399 1049 1443 ut
1068 1386 1182 1443 dietum
1198 1399 1253 1451 est,

130 1483 218 1522 amor
225 1478 257 1522 et
269 1468 417 1538 sapientia
427 1477 498 1523 sunt
510 1468 592 1529 vita,
618 1466 649 1522 Si
663 1467 763 1523 adhuc
772 1468 871 1523 elevas
881 1467 1053 1523 facultatem
1065 1467 1253 1540 intelligendi

127 1563 234 1617 parum
247 1546 347 1610 altius,
360 1547 483 1609 videbis,
497 1548 578 1618 quod
592 1564 652 1601 non
667 1546 755 1603 detur
767 1563 853 1602 amor
865 1558 896 1602 et
909 1548 1062 1619 sapientia,
1074 1547 1129 1602 nisi
1143 1546 1253 1602 alicubi

126 1627 167 1681 sit
180 1627 247 1697 ejus
260 1625 362 1697 Origo,
371 1636 402 1681 et
415 1627 495 1697 quod
507 1625 601 1697 Origo
611 1627 676 1698 ejus
689 1627 728 1682 sit
743 1625 844 1697 [tuipse
856 1629 951 1682 Amor
960 1627 1002 1696 et]
1019 1625 1087 1698 lpsa
1095 1626 1252 1698 sapientia,

126 1716 158 1760 et
174 1705 245 1760 inde
261 1705 326 1775 ipsa
339 1705 416 1767 Vita,
429 1716 461 1760 et
476 1706 550 1761 haec
562 1716 633 1760 sunt
649 1705 732 1760 Deus
747 1723 764 1760 a
779 1723 841 1777 quo
853 1706 985 1761 natura.”

184 1783 296 1840 Postea
308 1785 401 1839 locuti
415 1801 518 1840 sumus
528 1801 596 1839 curn
609 1785 660 1840 illo
673 1785 710 1839 de
723 1786 827 1849 alter0,
836 1787 917 1839 Num
927 1791 1056 1840 centrum
1066 1787 1108 1839 sit
1118 1786 1252 1855 expansi,

125 1864 175 1918 vel
182 1880 254 1917 num
263 1867 423 1934 expamum
436 1867 477 1918 sit
488 1867 603 1927 centri:
618 1875 649 1919 et
661 1864 873 1935 quaesivimus,
883 1881 936 1919 cur
946 1865 1004 1919 hoc
1016 1864 1150 1919 ventilat.
1189 1863 1249 1918 Re-

125 1943 257 2015 spondit,
268 1954 392 2015 propter
405 1943 494 1999 finem
508 1956 542 1998 ut
554 1945 715 1999 concludat
724 1946 762 1999 de
775 1955 880 2000 centro
894 1957 925 2000 et
937 1960 1070 2015 expanso
1080 1954 1203 1999 naturae
1217 1955 1249 2000 et

125 2023 215 2083 vitae,
228 2022 272 2077 ita
286 2024 324 2077 de
340 2023 455 2093 origine
470 2023 558 2078 unius
574 2034 605 2078 et
620 2022 757 2079 alterius:
773 2034 804 2079 et
819 2041 887 2078 cum
902 2024 1158 2095 interrogavimus,
1172 2039 1250 2095 quae

126 2102 192 2174 ejus
203 2117 297 2165 mens,
309 2102 465 2172 respondit
478 2103 516 2157 de
529 2103 576 2157 his
586 2103 724 2159 similiter
737 2115 771 2157 ut
785 2104 875 2173 prius,
885 2105 967 2175 quod
981 2115 1140 2174 utrumque
1154 2102 1251 2173 possit

126 2180 311 2244 confirmare,
320 2182 372 2236 sed
383 2182 463 2253 quod
474 2198 512 2236 ex
522 2181 630 2237 timore
637 2180 769 2253 jacturae
777 2183 874 2237 famae
882 2182 1039 2238 confirmet
1047 2183 1127 2254 quod
1139 2198 1250 2252 expan-

126 2276 191 2315 sum
205 2261 245 2317 sit
258 2259 362 2323 centri,
373 2260 432 2315 hoc
444 2271 498 2323 est,
511 2278 529 2315 a
541 2272 662 2324 centro;
681 2269 697 2290 “
706 2263 825 2317 tametsi
835 2263 898 2316 scio
906 2262 986 2332 quod
998 2271 1067 2316 ante
1079 2261 1172 2316 solem
1184 2260 1249 2317 iue-

126 2339 163 2394 rit
175 2339 299 2410 aliquid,
312 2350 345 2394 et
360 2339 418 2394 hoc
430 2340 528 2395 ubivis
544 2340 573 2394 in
590 2341 739 2404 universo,
753 2351 784 2396 et
799 2341 880 2412 quod
896 2342 970 2396 haec
986 2341 1015 2395 in
1030 2341 1165 2396 ordinem
1182 2357 1201 2395 a
1216 2356 1249 2397 se

126 2418 334 2481 confluxerint,
349 2419 391 2474 ita
404 2419 434 2473 in
447 2419 578 2475 centra.”

177 2497 238 2554 Sed
251 2508 325 2553 tunc
339 2498 445 2553 iterum
459 2498 582 2554 allocuti
595 2515 697 2555 sumus
711 2499 794 2553 illum
807 2516 844 2554 ex
856 2499 920 2555 zelo
934 2499 1119 2569 indignante,
1128 2508 1160 2554 et
1173 2497 1249 2554 dixi·

129 2593 201 2640 mus,
212 2585 228 2606 ‘¹
238 2577 353 2640 Amice,
365 2577 478 2633 insanis
488 2578 513 2641 ;”
532 2588 641 2633 etcum
652 2579 709 2634 hoc
719 2578 842 2640 audivit,
854 2578 978 2633 retraxit
988 2581 1096 2634 solium
1109 2596 1128 2634 a
1138 2595 1249 2642 mensa,

126 2666 155 2732 et
167 2656 274 2712 timide
287 2674 343 2712 nos
356 2657 481 2728 aspexit,
494 2667 525 2712 et
537 2668 609 2713 tunc
621 2656 752 2713 attendit
764 2674 875 2720 aurem,
888 2659 940 2713 sed
954 2658 1063 2713 ridens.
1097 2658 1141 2713 At
1152 2659 1250 2713 conti·

129 2736 285 2791 suavimus
301 2736 440 2798 dicendo,
454 2735 559 2809 “Quid
576 2736 709 2792 insanius
725 2748 772 2792 est
787 2738 895 2800 dicere,
909 2753 998 2809 quam
1014 2738 1095 2808 quod
1111 2748 1249 2793 centrum

129 2816 165 2871 sit
176 2817 215 2871 ab
228 2832 371 2886 expanso,
386 2819 452 2887 (per
463 2824 599 2871 centrum
611 2826 696 2871 tuum
711 2817 904 2888 intelligimus
917 2817 1019 2879 solem,
1029 2828 1060 2873 et
1074 2835 1126 2888 per
1137 2835 1249 2889 expan-

127 2905 289 2949 sumtuum
304 2894 499 2966 intelligimus
511 2895 704 2963 universum.)
718 2907 749 2950 et
761 2896 804 2951 sic
816 2896 899 2967 quod
913 2897 1086 2952 universum
1100 2898 1249 2953 exstiterit

127 2975 235 3045 absque
251 2973 337 3029 sole?
359 2972 481 3028 Facitne
496 2975 542 3029 sol
558 2984 694 3030 naturam
708 2985 738 3030 et
751 2992 857 3031 omnes
871 2977 937 3046 ejus
953 2977 1158 3047 proprietates,
1172 2993 1249 3047 quae

127 3054 210 3129 unice
219 3054 395 3124 dependent
404 3070 422 3109 a
432 3054 531 3110 calore
541 3065 572 3110 et
582 3055 647 3111 luce
656 3056 886 3125 procedentibus
896 3072 914 3109 a
924 3057 987 3111 sole
998 3073 1050 3126 per
1057 3057 1249 3127 atmosphae·

130 3132 198 3189 ras?
224 3132 356 3188 Ubinam
371 3134 445 3189 haec
458 3133 560 3204 prius?
586 3133 645 3190 Sed
660 3135 739 3189 unde
752 3135 833 3195 haec.
848 3135 878 3188 in
894 3147 1039 3206 sequente
1052 3135 1248 3192 ventilatione

129 3213 268 3268 dicemus.
307 3211 425 3268 Suntne
438 3210 673 3283 atmosphaerae,
687 3224 717 3268 et
730 3214 832 3268 omnia
845 3230 922 3284 quae
938 3232 1027 3285 super
1039 3215 1155 3276 tellure,
1169 3215 1248 3271 sicut

127 3293 304 3363 superficies,
320 3303 351 3347 et
366 3294 411 3348 sol
427 3294 545 3348 illorum
561 3293 720 3348 centrum?
757 3292 838 3365 Quid
856 3295 905 3349 illa
919 3296 1021 3349 omnia
1036 3296 1147 3365 absque
1162 3294 1247 3350 sole?

128 3370 203 3427 Num
220 3373 340 3442 possint
355 3389 416 3426 uno
430 3382 584 3427 momento
596 3372 778 3428 subsistere?
816 3372 889 3428 Inde
905 3374 977 3444 quid
995 3373 1045 3428 illa
1060 3374 1161 3427 omnia
1175 3384 1247 3430 ante

127 3451 238 3508 solem?
276 3451 358 3506 Num
384 3451 536 3522 potuerint
555 3451 740 3508 subsistere?
778 3453 869 3508 Estne
888 3451 1082 3507 subsistentia
1101 3465 1248 3522 perpetua

127 3529 306 3586 existentia?
338 3529 414 3587 Cum
435 3531 535 3601 itaque
554 3531 689 3586 omnium
710 3541 833 3587 naturae
851 3532 1045 3586 subsistentia
1064 3543 1109 3586 est
1133 3548 1150 3586 e
1173 3533 1246 3596 sole,

127 3609 257 3680 sequitur
271 3610 355 3681 quod
375 3609 465 3663 etiam
485 3610 619 3665 omnium
634 3610 806 3674 existentia;
822 3610 880 3666 hoc
898 3611 981 3665 videt
1001 3621 1087 3665 etex
1107 3612 1248 3683 autopsia

127 3689 258 3759 agnoscit
272 3688 488 3759 unusquisque.
524 3689 636 3745 Annon
648 3690 796 3760 posterius
805 3690 883 3745 sicut
894 3691 997 3745 existit
1007 3691 1097 3744 etiam
1108 3690 1248 3757 subsistit

127 3767 278 3838 expriori?
299 3766 333 3823 Si
339 3767 511 3839 superficies
520 3767 596 3823 ioret
606 3769 695 3838 prius,
703 3778 733 3824 et
741 3779 877 3825 centrum
887 3769 1043 3839 posterius,
1052 3784 1152 3823 annon
1162 3769 1247 3840 prius

127 3847 297 3903 subsisteret
306 3863 345 3901 ex
356 3847 523 3917 posteriori,
533 3848 614 3918 quod
624 3858 725 3902 tamen
736 3857 782 3903 est
791 3859 897 3904 contra
906 3849 988 3919 leges
997 3845 1132 3903 ordinis?
1161 3846 1247 3920 Quo·

129 3927 212 3982 modo
228 3936 359 3997 possunt
375 3927 543 3996 posteriora
558 3927 722 3997 producere
738 3927 844 3998 priora,
858 3939 911 3981 aut
930 3929 1078 3982 exteriora
1093 3927 1245 3993 interiora,

129 4007 327 4077 auterassiora
337 4005 477 4077 puriora?
505 4004 1246 4079 Indequomodosuperficiesquaeiaciuntexpan·

130 4094 188 4138 sum
197 4097 326 4157 possunt
337 4086 501 4157 producere
511 4085 633 4141 centra?
670 4084 745 4159 Quis
753 4103 813 4142 non
823 4087 913 4151 videt,
925 4086 1006 4158 quod
1020 4088 1078 4142 hoc
1090 4087 1130 4143 sit
1140 4100 1247 4146 contra
