2782 5026
354 455 404 506 ns
427 453 561 505 suone
584 451 1034 522 scosTnc0R1o.-N.459.
1186 455 1249 521 349

123 623 214 688 inde
237 622 455 698 naturalium,
476 631 512 687 et
542 622 634 704 quod
663 622 697 685 in
725 619 822 685 illum
844 640 996 686 amorem
1020 620 1150 685 collata
1179 621 1249 685 sint

126 719 244 783 omnia
263 718 390 800 gaudia
411 728 447 782 et
474 737 596 781 omnes
615 717 767 780 laetitiae
796 737 816 778 a
842 718 958 798 primis
985 717 1028 779 ad
1057 715 1179 779 ultima
1199 713 1248 798 (n.

122 811 269 895 65-69):
294 822 330 876 et
347 813 438 894 quod
457 813 491 875 in
511 812 641 893 origine
660 832 721 873 sua
737 808 912 893 spedtatus
931 812 975 873 sit
993 810 1091 874 ludus
1110 811 1247 892 sapien·

125 910 197 972 tiae
213 917 250 971 et
266 908 403 981 amoris,
420 907 454 969 in
471 906 609 969 Deliciis
628 905 822 986 Sapientiae
839 905 880 967 de
896 905 1023 967 Amore
1043 903 1247 987 Conyngtizli,

126 1024 214 1086 quae
225 1003 360 1066 Partem
371 1002 515 1085 primam
525 1000 622 1082 hujus
633 1002 745 1082 operis
754 1001 980 1074 constituunt,
990 999 1090 1081 plene
1104 1000 1247 1062 demon·

129 1108 276 1162 stratum
295 1108 362 1161 est.

190 1191 292 1274 458.
328 1190 430 1273 Quod
467 1190 525 1254 ille
560 1210 657 1254 amor
691 1190 737 1254 sit
769 1190 1037 1255 reconditorium
1072 1187 1248 1270 religionis

128 1284 356 1362 Christianae,
380 1296 434 1350 est
463 1286 540 1366 quia
562 1285 647 1349 haec
671 1286 792 1366 religio
814 1303 891 1347 cum
919 1285 979 1347 illo
1003 1304 1120 1347 amore
1144 1303 1246 1347 unum

127 1380 208 1444 facit
232 1392 268 1444 et
291 1382 492 1456 cohabitat;
524 1399 602 1442 nam
626 1390 803 1443 ostensum
827 1387 892 1452 est,
917 1380 1008 1460 quod
1034 1399 1102 1441 non
1125 1377 1183 1441 alii
1213 1380 1248 1441 in

126 1475 222 1538 illum
232 1495 385 1539 amorem
399 1476 548 1547 veniant,
559 1485 594 1537 et
611 1475 643 1536 in
657 1474 715 1537 illo
726 1495 802 1538 esse
815 1474 960 1556 possint,
972 1493 1072 1555 quam
1089 1474 1145 1556 qui
1164 1474 1247 1537 ade·

127 1579 188 1632 unt
208 1569 405 1642 Dominum,
427 1590 467 1633 ac
486 1590 568 1632 vera
587 1568 753 1632 ecclesiae
772 1568 881 1651 Ipsius
904 1577 941 1631 et
964 1569 1057 1631 bona
1075 1568 1146 1649 ejus
1163 1568 1246 1631 saci·

128 1674 188 1727 unt
213 1662 261 1745 (n.
281 1661 357 1745 ιι170,
377 1663 454 1746 71):
489 1664 580 1747 quod
614 1662 671 1726 ille
694 1683 790 1726 amor
813 1664 858 1727 sit
886 1683 907 1726 a
929 1662 1004 1726 solo
1029 1663 1189 1736 Domino,
1209 1673 1246 1726 et

126 1760 218 1841 quod
248 1760 328 1822 inde
350 1760 449 1822 detur
471 1760 560 1841 apud
584 1759 662 1821 illos
692 1759 747 1840 qui
777 1779 822 1821 ex
852 1758 1019 1839 religione
1049 1755 1247 1821 Christiana

128 1865 207 1917 sunt
229 1852 277 1926 (n.
301 1869 369 1934 131,
390 1868 462 1933 335,
484 1852 579 1935 336):
604 1853 695 1935 quod
711 1872 806 1915 amor
824 1852 882 1915 ille
902 1855 945 1916 sit
964 1852 1152 1915 secundum
1171 1861 1245 1915 sta·

128 1957 199 2012 tum
219 1947 398 2021 ecclesiae,
418 1949 496 2031 quia
515 1959 568 2011 est
588 1948 776 2023 secundum
796 1956 925 2011 statum
945 1947 1134 2027 sapientiae
1153 1946 1244 2026 apud

127 2041 300 2105 hominem
319 2040 366 2122 (n.
389 2041 483 2123 130):
509 2043 599 2124 quod
619 2041 702 2105 haec
719 2043 768 2104 ita
787 2042 866 2115 sint,
883 2039 1121 2104 confirmatum
1138 2041 1245 2126 estin

127 2144 204 2199 toto
220 2137 334 2217 capite
351 2136 404 2199 De
418 2135 730 2217 Correspondentia
746 2134 816 2215 ejus
832 2155 908 2198 cum
926 2134 1092 2215 Conjugio
1106 2134 1245 2197 Domini

127 2240 163 2293 et
186 2229 364 2294 Ecclesiae
389 2230 437 2312 (n.
458 2229 639 2312 116131);
667 2239 702 2293 et
726 2231 892 2312 incapite
916 2229 969 2292 De
993 2228 1132 2311 Origine
1156 2228 1245 2292 illius

128 2323 267 2387 Amoris
286 2346 332 2387 ex
352 2323 519 2405 Conjugio
539 2324 624 2387 Boni
643 2333 679 2387 et
699 2319 782 2386 Veri
803 2323 850 2405 (n.
870 2323 1022 2405 83-102).

190 2432 291 2500 459.
317 2416 417 2501 (xiii.)
445 2417 542 2496 Quod
552 2417 737 2500 conjugiale
753 2417 813 2480 hoc
829 2419 925 2499 apud
935 2418 1011 2481 illos
1034 2416 1095 2499 qni
1104 2427 1246 2499 propter

127 2514 247 2575 varias
274 2533 396 2575 causas
425 2512 567 2574 nondrnn
588 2512 742 2594 conyngtn
764 2522 907 2594 possunt
932 2513 1027 2588 inire,
1047 2522 1080 2575 et
1099 2521 1244 2593 propter

127 2605 287 2670 salacrnm
309 2627 372 2668 non
390 2616 535 2687 possunt
557 2606 727 2668 moderari
742 2605 906 2680 libidines,
926 2616 1024 2687 queat
1040 2605 1242 2679 conservari,

127 2700 161 2762 si
179 2721 275 2763 amor
295 2720 396 2763 sexus
413 2699 485 2783 fiat
510 2700 649 2762 striiius
677 2700 728 2763 ad
752 2721 852 2763 urtam
870 2699 1176 2781 pellicem—Quod
1199 2699 1244 2762 ab

127 2795 204 2867 illis,
218 2796 273 2877 qui
290 2796 423 2859 salaces
439 2806 529 2867 sunt,
548 2794 654 2857 libido
666 2795 893 2857 immoderata
908 2804 944 2858 et
962 2795 1156 2857 inordinata
1172 2813 1242 2857 non

128 2892 235 2971 possit
254 2891 409 2962 inhiberi,
430 2892 519 2953 ratio
538 2891 644 2963 videt,
662 2899 698 2951 et
717 2890 932 2970 experientia
951 2889 1074 2964 docet;
1100 2897 1137 2950 ut
1159 2908 1242 2970 ergo

127 2984 190 3047 hoc
207 2985 470 3048 immoderatum
490 2994 526 3046 et
544 2984 786 3056 inordinatum,
804 2983 892 3064 apud
912 2983 989 3045 illos
1008 2983 1064 3064 qui
1084 2983 1242 3046 laborant

128 3091 253 3154 oestro,
273 3089 308 3142 et
329 3099 397 3141 non
416 3089 557 3161 propter
576 3077 689 3159 plures
708 3097 830 3140 causas
849 3077 1074 3158 praecipitare
1093 3087 1129 3140 et
1151 3078 1242 3141 anti·

128 3173 237 3254 cipare
256 3172 413 3254 conjugia
432 3182 573 3255 queunt,
592 3172 791 3247 refrenetur,
811 3181 847 3234 et
865 3172 908 3234 ad
926 3172 1065 3253 aliquod
1085 3174 1242 3236 modera-

128 3276 199 3329 tum
222 3277 257 3330 et
281 3269 476 3330 ordinatum
499 3268 685 3348 redigatur,
707 3286 776 3329 non
799 3266 890 3328 aliud
913 3278 1057 3348 apparet
1075 3267 1241 3349 refugium

127 3369 162 3422 et
192 3361 287 3441 quasi
317 3359 461 3441 asylum,
490 3379 591 3442 quarn
623 3359 798 3422 addicatio
823 3358 965 3439 pellicis,
993 3381 1080 3442 quae
1109 3360 1242 3425 Gallice

128 3463 270 3516 vocatur
299 3453 483 3516 niaitresse.
529 3449 631 3531 Quod
662 3454 696 3515 in
725 3453 851 3533 regnis,
875 3451 930 3514 ubi
960 3455 1125 3535 regimina
1147 3467 1240 3531 sunt,

127 3549 340 3610 matrimonia
358 3568 379 3611 a
398 3547 514 3611 multis
534 3568 601 3610 non
621 3549 754 3629 possint
773 3545 941 3620 contrahi,
959 3550 1022 3611 nisi
1041 3570 1141 3630 quam
1161 3562 1242 3632 post

127 3640 285 3705 exad'tam
304 3641 534 3722 juventutem,
558 3643 636 3723 quia
659 3641 771 3705 officia
794 3642 885 3723 prius
903 3644 1066 3707 merenda
1084 3654 1175 3719 sunt,
1200 3665 1240 3709 ac

125 3733 310 3800 facultates
333 3756 394 3817 pro
417 3736 646 3800 sustentanda
669 3736 773 3799 domo
797 3746 833 3800 et
855 3735 982 3800 familia
1000 3738 1237 3819 acquirendae.

126 3839 160 3892 et
180 3839 262 3893 tunc
282 3832 427 3912 primum
446 3830 551 3911 digna
570 3851 657 3893 uxor
675 3831 867 3906 ambienda,
885 3843 1005 3895 notum
1028 3842 1100 3909 est;
1126 3843 1164 3895 et
1187 3843 1241 3897 ta·

127 3941 203 3986 men
228 3925 262 3986 in
285 3924 516 4007 praecedente
540 3933 666 3999 aetate,
691 3925 867 4005 scaturigo
882 3926 1025 3989 .virtutis
1048 3945 1109 4006 pro
1131 3946 1240 3993 uxore

125 4018 214 4098 apud
239 4039 365 4099 paucos
384 4028 501 4100 potest
525 4018 663 4082 occlusa
685 4019 793 4082 teneri
815 4031 850 4083 et
874 4020 1058 4083 reservari:
1084 4031 1241 4103 praestat

125 4227 191 4271 non
211 4217 341 4289 potest,
361 4208 532 4289 quaeritur
551 4208 672 4271 modus
687 4208 943 4280 intermedians,
961 4227 1028 4289 quo
1051 4210 1241 4289 praeveniri

126 4304 242 4384 possit,
263 4322 306 4365 ne
328 4321 425 4365 amor
442 4301 644 4383 coniugialis
663 4303 795 4366 interea
812 4312 942 4385 pereat,
961 4303 1053 4385 quod
1072 4303 1116 4367 sit
1139 4302 1238 4386 pelli·

126 4408 233 4475 catus,
242 4397 390 4461 suadent
401 4396 505 4461 haec:
528 4396 590 4481 (1.)
610 4397 712 4480 Quod
728 4419 789 4482 per
799 4397 895 4461 illum
906 4396 1149 4462 fornicationes
1161 4418 1240 4478 pro·
