2782 5026
198 453 240 519 34
544 451 728 503 neumae
750 452 979 505 SAPIENTIAE

197 623 351 688 essentia
370 622 462 688 vitae
481 623 640 699 hominis,
660 634 696 688 et
715 626 806 708 quod
825 626 995 707 cogitatio
1013 627 1058 691 sit
1076 626 1238 694 Existere
1255 649 1313 694 seu

194 718 386 783 existentia
409 719 499 783 vitae
526 719 598 800 ejus
625 720 725 798 inde;
755 741 859 803 quare
882 720 1018 803 loquela
1042 731 1077 785 et
1104 719 1205 799 adtio,
1230 744 1319 806 quae

196 814 366 898 profluunt
382 833 427 877 ex
443 814 669 896 cogitatione,
683 834 752 878 non
768 814 939 898 profluunt
954 835 999 878 ex
1016 817 1242 898 cogitatione,
1256 818 1318 881 sed

197 930 244 974 ex
263 929 380 973 amore
403 929 463 992 per
482 910 740 991 cogitationem.
785 909 842 972 Ex
866 910 974 973 multa
997 912 1210 993 experientia
1229 915 1317 978 scire

195 1006 316 1069 datum
336 1014 401 1079 est,
421 1005 512 1087 quod
537 1004 642 1069 homo
664 1014 744 1087 post
768 1015 915 1068 mortem
939 1025 1006 1067 non
1030 1008 1074 1070 sit
1097 1027 1157 1069 sua
1181 1010 1316 1089 cogita·

195 1100 254 1176 tio,
274 1100 336 1163 sed
359 1100 450 1182 quod
474 1101 519 1163 sit
543 1121 603 1163 sua
626 1097 760 1163 affedtio
778 1110 814 1164 et
837 1100 915 1164 inde
939 1101 1116 1181 cogitatio,
1141 1122 1202 1165 seu
1225 1104 1317 1185 quod

196 1195 241 1259 sit
258 1216 337 1258 suus
356 1215 453 1259 amor
470 1205 507 1259 et
525 1196 605 1259 inde
628 1195 881 1276 intelligentia3
906 1206 979 1259 tum
998 1196 1089 1279 quod
1112 1196 1218 1260 homo
1236 1207 1317 1279 post

197 1301 346 1353 mortem
365 1300 472 1354 exuat
489 1309 590 1353 omne
606 1291 697 1372 quod
717 1309 786 1352 nou
803 1291 991 1353 concordat
1008 1310 1085 1353 cum
1101 1290 1171 1372 ejus
1187 1311 1316 1367 amore,

196 1385 302 1448 immo
325 1384 416 1467 quod
445 1386 638 1449 successive
668 1384 787 1448 induat
817 1384 949 1455 faciem,
973 1404 1106 1458 sonum,
1131 1385 1316 1468 loquelam,

196 1490 328 1560 gestus,
346 1488 381 1543 et
403 1498 515 1543 mores
537 1480 663 1542 amoris
686 1500 767 1543 suae
789 1479 891 1543 vitae.
938 1478 1023 1542 Inde
1045 1488 1110 1552 est,
1130 1482 1222 1561 quod
1242 1483 1316 1545 uni·

195 1594 330 1637 versum
361 1574 494 1638 caelum
525 1575 712 1637 secundum
741 1594 862 1637 omnes
885 1575 1072 1637 varietates
1096 1572 1316 1640 affectionum

194 1670 320 1731 amoris
343 1669 424 1732 boni
443 1670 488 1731 sit
507 1669 713 1743 ordinatum,
733 1688 773 1732 ac
796 1669 987 1733 universum
1007 1668 1172 1731 infernum
1191 1689 1316 1734 secun·

195 1764 275 1826 dum
296 1784 415 1827 omnes
434 1761 632 1828 affedliones
650 1765 775 1827 amoris
794 1762 884 1825 mali.

258 1873 327 1940 37.
357 1857 433 1941 (iv.)
460 1855 558 1934 Quod
570 1857 808 1938 principaliter
821 1857 932 1920 Amor
945 1878 1056 1931 sexus,
1072 1867 1104 1920 et
1124 1861 1221 1938 apud
1239 1860 1315 1925 illos

194 1974 251 2036 qur
266 1956 301 2016 in
313 1953 437 2015 caelum
448 1953 594 2025 ueniunt,
607 1953 668 2034 qui
677 1962 756 2015 sunt
766 1952 827 2035 qui
838 1951 1036 2033 spirituales
1051 1952 1086 2014 in
1098 1953 1204 2016 terris
1210 1955 1314 2038 fiunt,

193 2050 304 2112 Amor
320 2046 675 2131 cory'ugialis.—Quod
694 2067 789 2110 amor
807 2068 911 2110 sexus
934 2048 1024 2128 apud
1048 2048 1221 2111 hominem
1241 2070 1315 2113 ma·

195 2154 276 2209 neat
294 2154 373 2226 post
390 2153 549 2217 mortem,
567 2152 622 2205 est
637 2144 716 2224 quia
732 2152 813 2206 tune
831 2141 1001 2205 masculus
1017 2153 1071 2205 est
1088 2143 1260 2206 masculus
1279 2154 1315 2209 et

193 2238 319 2303 semina
334 2247 388 2301 est
408 2237 544 2312 semina,
566 2257 605 2300 ae
626 2236 850 2300 masculinum
873 2237 907 2298 iu
930 2236 1084 2299 masculo
1106 2247 1160 2299 est
1179 2257 1314 2301 mascu-

194 2333 300 2397 linum
324 2334 358 2395 in
381 2341 458 2396 toto
480 2341 517 2396 et
541 2332 575 2394 in
598 2333 691 2394 omni
715 2341 812 2413 parte
836 2329 918 2411 ejus,
938 2329 1093 2393 similiter
1115 2330 1314 2396 femininum

193 2430 227 2493 in
246 2431 381 2503 semina,
402 2448 442 2491 ac
461 2424 715 2508 conjundtivum
735 2436 788 2490 est
812 2427 845 2489 in
864 2426 1007 2506 singulis
1023 2426 1128 2489 immo
1146 2427 1180 2488 in
1197 2428 1313 2510 singu·

194 2522 366 2587 latissimis
379 2522 515 2586 illorum
528 2542 535 2584 :
554 2542 643 2584 nunc
656 2521 734 2602 quia
746 2517 997 2601 conjundtivum
1010 2519 1093 2581 illud
1106 2540 1126 2582 a
1138 2523 1314 2587 creatione

193 2618 336 2680 inditum
360 2628 425 2692 est,
446 2628 481 2680 et
506 2617 584 2679 inde
608 2625 774 2697 perpetuo
797 2616 898 2688 inest,
923 2615 1072 2696 sequitur
1095 2615 1186 2696 quod
1211 2636 1313 2680 unum

193 2713 366 2776 desideret
390 2721 426 2774 et
449 2712 556 2792 spiret
580 2707 854 2790 conjunctionem
878 2728 955 2772 cum
973 2708 1099 2772 altero.
1146 2709 1258 2776 Amor
1280 2713 1313 2775 in

192 2827 229 2870 se
249 2804 425 2888 spedtatus
444 2825 512 2867 non
536 2814 589 2868 est
609 2803 699 2866 aliud
719 2824 821 2885 quam
840 2804 1043 2867 desiderium
1063 2813 1098 2866 et
1122 2803 1202 2868 inde
1222 2806 1313 2870 nisus

192 2901 237 2963 ad
260 2897 547 2981 conjund'tionem,
572 2908 608 2962 et
631 2917 727 2961 amor
746 2897 947 2979 conjugialis
969 2897 1013 2959 ad
1036 2895 1312 2977 conjunctionem

193 2995 227 3058 in
246 3013 371 3071 unum;
396 3004 475 3057 sunt
499 2994 590 3056 enim
613 2992 718 3055 horno
741 2992 911 3055 masculus
929 3001 965 3054 et
988 2991 1093 3053 homo
1115 2991 1242 3056 semina
1264 2994 1313 3057 ita

192 3090 310 3162 creati,
328 3100 366 3152 ut
385 3110 430 3151 ex
447 3088 579 3151 duobus
595 3087 728 3168 possint
744 3085 814 3150 fieri
830 3088 918 3149 sicut
935 3106 1020 3148 unus
1038 3085 1153 3160 hom0,
1171 3107 1230 3150 seu
1247 3107 1314 3151 una

192 3203 293 3260 caro;
317 3192 353 3246 et
377 3202 455 3246 cum
478 3181 562 3246 fiunt
586 3201 701 3255 unum,
726 3192 807 3245 tunc
831 3180 930 3243 simul
954 3180 1082 3261 sumpti
1104 3189 1185 3244 sunt
1208 3181 1313 3245 homo

191 3279 225 3341 in
242 3298 303 3340 sua
320 3276 554 3359 plenitudine;
578 3287 615 3339 at
631 3276 759 3357 absque
776 3296 817 3339 ea
832 3273 1070 3356 conjunctione
1086 3284 1166 3337 sunt
1179 3274 1259 3350 duo,
1273 3295 1311 3339 ac

192 3381 334 3454 uterque
351 3382 512 3453 tanquam
528 3371 633 3434 homo
650 3371 776 3433 divisus
792 3390 852 3433 seu
868 3370 1075 3432 dimidiatus.
1121 3368 1221 3432 Nunc
1235 3371 1313 3452 quia

191 3465 445 3548 conjunctivum
468 3465 551 3529 illud
575 3466 663 3530 latet
687 3466 808 3528 intime
830 3466 864 3528 in
888 3463 1030 3545 singulis
1053 3463 1195 3527 masculi
1218 3476 1255 3530 et
1278 3467 1311 3528 in

191 3560 334 3643 singulis
350 3561 506 3634 feminae,
526 3580 566 3624 ac
588 3559 733 3624 facultas
752 3570 788 3623 et
807 3559 1012 3622 desiderium
1032 3559 1075 3620 ad
1099 3556 1310 3639 conjundtio·

191 3676 271 3719 nem
296 3657 330 3718 in
357 3675 460 3718 unum
490 3656 580 3718 inest
606 3654 760 3735 siugulis,
784 3655 936 3736 sequitur
963 3653 1052 3734 quod
1083 3672 1180 3718 amor
1206 3673 1310 3718 sexus

192 3759 330 3813 mutuus
360 3760 395 3813 et
419 3750 611 3832 reciprocus
638 3749 728 3831 apud
755 3747 911 3810 homines
938 3756 1077 3811 maneat
1109 3757 1188 3829 post
1219 3769 1309 3812 mor·

191 3854 274 3910 tem.

254 3941 326 4023 38·
356 3940 490 4003 Dicitur
505 3960 601 4003 amor
616 3960 721 4002 sexus
737 3948 773 4001 et
789 3957 885 4001 amor
896 3936 1107 4018 conjugialis,
1120 3936 1199 4018 quia
1215 3956 1310 4001 amor

190 4057 295 4101 sexus
318 4044 371 4099 est
396 4035 487 4098 aliud
511 4054 613 4117 quam
640 4053 736 4097 amor
759 4032 978 4113 conjugialis;
1011 4052 1106 4094 amor
1129 4052 1235 4094 sexus
1258 4040 1310 4095 est

190 4131 281 4214 apud
300 4129 492 4193 naturalem
508 4129 694 4201 hominem,
713 4138 750 4191 at
769 4126 1084 4207 amorconjugialis
1102 4126 1193 4207 apud
1212 4126 1309 4209 spiri-

190 4225 337 4289 tualem:
362 4223 467 4287 homo
486 4221 649 4286 naturalis
665 4231 759 4284 amat
779 4231 814 4284 et
838 4221 1010 4284 desiderat
1025 4220 1129 4282 modo
1147 4220 1308 4300 conjunc·

191 4320 303 4382 tiones
322 4329 496 4393 externae,
517 4327 553 4382 et
576 4338 621 4381 ex
644 4315 712 4379 illis
735 4316 886 4396 corporis
905 4314 1124 4396 voluptates;
1147 4324 1184 4377 at
1203 4315 1308 4378 homo

190 4414 375 4497 spiritualis
398 4423 492 4477 amat
514 4423 551 4478 et
574 4411 746 4477 desiderat
769 4407 1043 4493 conjunctionem
1066 4409 1248 4487 internam,
1272 4419 1308 4474 et
