2782 5026
370 108 421 162 pa
443 90 1055 181 auosascoaaaroa1o.-u.4lo
1204 113 1268 189 343
1325 67 1332 77 .

125 286 232 352 sicut
250 283 421 369 palatium
439 304 542 368 super
557 284 817 351 'fundationibus
834 286 923 366 suis;
938 285 1105 353 'ultimum
1128 286 1267 369 planum

125 401 220 448 cum
233 377 514 465 superinstrudiis
527 390 646 463 potest
657 381 837 446 assimilari
849 383 957 447 etiam
969 381 1086 458 humo,
1099 385 1154 448 cui
1169 404 1268 466 prae·

126 486 291 562 paratae
319 475 451 540 semina
480 475 609 543 nobilia
637 475 899 558 implantantur.
944 475 1047 558 Quod
1082 479 1118 541 in
1153 481 1268 561 specie

125 571 327 638 concernit
350 589 502 634 amorem
524 591 640 645 sexus,
661 580 716 634 est
738 591 874 653 quoque
896 570 954 634 ille
977 572 1121 653 primum
1145 593 1268 656 torpo-

125 688 233 743 reus,
260 684 341 730 nam
363 664 506 729 inchoat
535 685 556 728 a
586 685 711 742 carne;
745 666 824 729 dein
847 665 885 729 fit
907 665 966 729 ille
989 668 1167 743 sensualis,
1188 690 1269 735 nam

126 764 296 846 quinque
319 756 465 824 ¹¹¹sensus
487 781 508 824 a
530 761 703 825 communi
726 760 798 841 ejus
816 759 1054 840 delestantur;
1084 774 1207 846 postea
1229 764 1268 829 iit

124 862 200 926 ille
215 859 384 924 naturalis
396 856 585 921 consimilis
597 857 709 920 eidem
722 856 812 938 apud
824 855 998 930 animalia,
1009 858 1087 939 quia
1100 868 1153 922 est
1173 879 1270 925 amor

125 974 253 1021 sexus
270 972 379 1034 vagus
397 974 405 1030 ;
431 951 494 1014 sed
512 951 590 1033 quia
609 949 714 1012 homo
733 960 835 1013 natus
853 959 909 1013 est
932 959 970 1014 ut
992 949 1053 1015 fiat
1070 953 1267 1034 spiritualis,

124 1050 177 1116 fit
205 1049 268 1113 ille
290 1056 415 1130 postea
437 1045 603 1110 naturalis
626 1043 816 1118 rationalis,
836 1053 872 1108 et
895 1065 916 1109 a
938 1046 1087 1110 naturali
1108 1048 1269 1114 rationali

125 1143 346 1228 spiritualis,
370 1151 407 1205 et
429 1142 567 1204 demum
590 1139 778 1222 spiritualis
801 1139 979 1214 naturalis,
1003 1151 1040 1204 et
1067 1150 1150 1206 tunc
1174 1163 1270 1208 amor

125 1241 202 1306 ille
221 1237 332 1303 fastus
349 1236 535 1320 spiritualis
551 1235 660 1298 influit
678 1246 713 1298 et
733 1235 807 1316 agit
825 1236 860 1298 in
879 1255 1031 1300 amorem
1050 1239 1267 1314 rationalem,

125 1347 177 1402 et
205 1355 274 1417 per
290 1334 379 1397 hunc
407 1334 442 1395 in
468 1349 621 1395 amorem
644 1329 851 1403 sensualem,
875 1340 911 1393 et
934 1351 995 1413 per
1017 1331 1106 1396 hunc
1130 1334 1268 1398 demum

125 1434 175 1497 in
201 1449 358 1494 amorem
381 1428 477 1492 illum
500 1428 534 1489 in
557 1446 700 1507 corpore
724 1435 760 1489 et
783 1446 906 1503 carne;
941 1436 976 1490 et
1004 1429 1082 1509 quia
1104 1428 1189 1493 haec
1213 1440 1269 1494 est

127 1527 218 1609 ejus
241 1524 383 1608 planum
406 1522 576 1594 ultimum,
596 1521 670 1602 agit
693 1521 727 1583 in
750 1519 835 1584 illud
858 1522 1091 1602 spiritualiter,
1111 1533 1147 1587 et
1168 1525 1269 1588 simul

125 1621 365 1688 rationaliter
379 1627 417 1681 et
434 1616 660 1692 sensualiter;
683 1635 724 1679 ac
743 1615 851 1680 influit
866 1627 902 1680 et
921 1618 995 1698 agit
1011 1618 1060 1680 ita
1076 1621 1269 1683 successive

128 1720 228 1784 dum
247 1717 354 1780 homo
372 1714 406 1776 in
424 1711 496 1792 ejus
516 1712 741 1775 meditatione
759 1721 825 1785 est,
845 1721 882 1775 at
906 1711 1112 1776 simultanee
1134 1715 1216 1779 dum
1234 1717 1268 1779 in

127 1814 272 1877 ultimo
302 1819 366 1874 est.
412 1807 515 1890 Quod
544 1807 724 1869 fornicatio
753 1807 800 1870 sit
833 1807 1000 1870 naturalis
1029 1807 1188 1884 hominis,
1213 1820 1269 1873 est

129 1909 225 1991 quia
248 1926 294 1969 ex
318 1903 465 1968 naturali
483 1921 601 1966 amore
623 1921 729 1965 sexus
752 1902 908 1984 proxime
927 1903 1103 1984 procedit;
1134 1923 1173 1967 ac
1196 1903 1269 1967 dari

128 2011 266 2085 potest
278 1998 444 2063 naturalis
456 1996 646 2070 rationalis,
660 2017 730 2059 non
743 1996 859 2060 autem
872 1997 1069 2079 spiritualis,
1083 2000 1161 2080 quia
1172 2018 1270 2063 amor

132 2116 254 2161 sexus
270 2115 339 2157 non
356 2101 473 2175 potest
489 2090 761 2173 fierispiritualis
779 2092 974 2174 priusquam
993 2092 1031 2156 fit
1046 2092 1268 2174 conjugialis;

132 2202 181 2257 et
201 2210 300 2255 amor
317 2208 422 2252 sexus
441 2207 461 2250 a
480 2186 628 2250 naturali
650 2185 689 2250 fit
709 2187 894 2267 spiritualis
913 2187 993 2249 dum
1012 2187 1118 2250 homo
1136 2189 1268 2252 recedit

134 2309 165 2351 a
184 2286 326 2351 lrbldine
345 2302 445 2365 vaga,
465 2291 500 2346 et
518 2281 660 2345 addicat
678 2301 716 2345 se
735 2281 802 2356 uni,
819 2281 913 2362 cujus
929 2283 1063 2346 animae
1079 2303 1175 2347 suam
1194 2285 1269 2348 ani-

138 2398 240 2445 mam
259 2379 389 2443 adunit.
1104 2428 1112 2443 .

209 2476 313 2560 448.
334 2471 409 2557 (iv.)
428 2469 714 2552 Quodfomszam
725 2470 774 2533 sit
784 2469 897 2546 libello,
910 2470 973 2534 sed
983 2492 1046 2534 non
1057 2471 1160 2535 libido
1171 2472 1268 2536 adul-

141 2567 384 2650 terii-Quod
407 2567 588 2630 fornicatio
612 2565 796 2640 sit·libid0‚
820 2575 900 2629 sunt
924 2585 1067 2630 causae:
1093 2565 1155 2650 (1.)
1180 2566 1270 2649 Quia

142 2663 263 2748 prodit
282 2683 328 2726 ex
347 2661 492 2725 naturali
512 2660 671 2737 homine;
695 2661 784 2725 etin
802 2660 906 2736 omni,
927 2662 1018 2743 quod
1041 2683 1086 2725 ex
1110 2662 1171 2726 illo
1190 2683 1269 2744 pro·

142 2759 210 2834 dit,
223 2767 279 2822 est
291 2756 572 2837 concupiscentia
587 2765 624 2819 et
641 2756 766 2834 libido;
790 2756 956 2820 naturalis
971 2757 1062 2821 enim
1078 2757 1184 2822 homo
1200 2779 1269 2823 non

144 2864 202 2919 est
221 2853 285 2916 nisi
304 2871 405 2935 quam
425 2851 781 2933 concupiscentiarum
804 2860 841 2914 et
864 2849 1041 2915 libidinum
1060 2853 1270 2918 domicilium

146 2959 184 3014 et
203 2947 472 3030 receptaculum,
492 2964 613 3009 omnes
632 2947 723 3009 enim
742 2955 857 3008 reatus
876 2966 897 3009 a
916 2948 1116 3027 parentibus
1134 2948 1269 3013 heredi·

147 3045 214 3107 tati
244 3043 290 3106 ibi
320 3043 482 3106 resident.
530 3039 592 3122 (2.)
625 3039 715 3121 Quia
743 3040 931 3104 fornicator
953 3039 1090 3123 spedtat
1112 3063 1203 3124 vage
1233 3053 1270 3108 et

148 3139 341 3220 promiscue
352 3137 397 3200 ad
410 3155 541 3211 sexum,
553 3145 589 3199 et
602 3137 754 3198 nondum
767 3136 811 3198 ad
824 3154 926 3197 unam
939 3155 959 3198 e
975 3156 1061 3199 sexu
1074 3157 1081 3215 ;
1102 3147 1137 3200 et
1150 3157 1269 3219 quam·

149 3232 206 3297 diu
224 3233 258 3295 in
275 3231 336 3294 illo
351 3240 445 3295 statu
460 3241 524 3305 est,
537 3231 670 3294 excitat
687 3230 782 3293 illum
799 3230 906 3294 libido
924 3231 968 3293 ad
988 3232 1160 3312 agendum
1177 3233 1269 3314 quod

150 3328 242 3409 agit:
269 3327 332 3390 sed
362 3326 450 3389 sicut
476 3323 611 3407 spectat
641 3326 685 3388 ad
712 3344 825 3399 unam,
849 3345 888 3388 ac
916 3335 1011 3389 amat
1037 3327 1145 3389 vitam
1173 3345 1270 3390 suam

150 3422 358 3504 conjungere
374 3440 451 3485 cum
468 3420 539 3502 ejus
553 3422 637 3495 vita,
654 3421 936 3502 concupiscentia
951 3419 990 3485 fit
1007 3419 1144 3485 affectio
1158 3431 1269 3499 casta,

150 3537 189 3581 ac
208 3517 315 3581 libido
333 3517 371 3581 fit
391 3536 486 3579 amor
504 3517 681 3579 humanus.

211 3625 318 3695 449.
341 3611 444 3693 Quod
461 3610 567 3674 libido
581 3609 816 3674 fornicationis
833 3629 902 3673 non
918 3611 963 3674 sit
979 3610 1085 3674 libido
1101 3610 1270 3686 adulterii,

150 3708 290 3792 quisque
304 3729 350 3771 ex
362 3708 534 3771 communi
548 3707 769 3788 perceptione
783 3705 989 3789 perspectat.
1035 3705 1133 3788 Quae
1150 3706 1219 3782 lex,
1233 3716 1270 3772 et

151 3804 225 3887 quis
244 3801 364 3886 judex,
383 3803 531 3884 imputat
551 3801 747 3865 fornicatori
765 3801 876 3865 simile
898 3802 1038 3876 crimen,
1058 3802 1151 3883 quod
1173 3801 1272 3866 adul·

153 3899 244 3983 tero?
288 3897 401 3962 Causa
419 3898 509 3961 unde
532 3895 597 3960 hoc
621 3917 667 3960 ex
690 3897 863 3960 communi
882 3897 1105 3979 perceptione
1122 3897 1270 3972 videtur,

153 4004 206 4059 est
221 3994 300 4076 quia
316 3993 497 4057 fornicatio
515 4012 583 4055 non
601 4002 656 4057 est
676 3993 835 4074 opposita
850 3992 957 4055 amori
973 3990 1168 4073 conjugiali,
1181 3994 1272 4057 sicut

154 4099 206 4154 est
225 4087 451 4153 adulterium:
475 4096 594 4171 potest
613 4087 646 4149 in
665 4087 892 4151 fornicatione
908 4088 1002 4150 intus
1017 4088 1157 4152 recondi
1176 4108 1273 4153 amor
