2782 5026
297 448 348 500 ns
372 448 505 500 avons
528 449 847 518 commorant—N.
870 437 1065 521 156nema01.
1188 456 1246 523 133

126 609 191 679 lari;
210 626 260 673 est
274 619 360 674 nobis
372 635 531 674 commune
544 619 673 682 beatum,
683 635 843 676 commune
856 621 1032 691 jucundum,
1042 631 1073 677 et
1086 638 1248 678 commune

129 708 295 762 amoenum,
308 714 345 752 ex
363 698 590 768 particularibus
609 715 736 754 uxorum
753 711 939 764 nostrarum
958 711 989 756 et
1005 701 1064 757 hoc
1078 718 1247 766 commune,

130 775 204 843 quod
219 777 308 831 nobis
321 787 415 832 estex
430 777 496 839 illis,
509 789 554 833 est
568 778 646 833 sicut
658 796 796 834 serenum
811 780 920 850 pacis.”

176 853 235 910 His
252 854 348 918 dietis,
361 872 432 910 eece
445 867 527 911 trans
539 856 700 912 fenestram
713 859 875 928 apparebat
888 858 955 914 olor
966 869 1051 914 stans
1063 875 1153 930 super
1165 875 1248 915 ramo

135 929 205 995 ficus.
216 946 248 990 et
261 936 399 1005 expansit
408 936 480 998 alas,
490 947 521 990 et
534 937 673 992 evolavit.
712 937 781 992 Hoc
793 938 868 1000 viso,
879 938 1020 993 dicebant
1034 938 1141 1000 mariti,
1153 946 1168 966 ‘⁴
1179 938 1247 993 Hoc

135 1013 211 1068 nobis
223 1025 273 1070 est
283 1015 400 1086 signum
411 1015 522 1070 silentii
532 1016 570 1071 de
583 1033 685 1072 amore
694 1017 874 1089 conjugia1i;
893 1017 956 1072 redi
967 1033 1020 1089 per
1029 1017 1119 1082 vices,
1129 1027 1160 1072 et
1170 1016 1248 1073 forte

136 1092 211 1162 plura
222 1094 433 1165 detegentur.”

181 1170 225 1226 Ac
238 1184 442 1229 recesserunt:
460 1182 492 1229 et
503 1174 660 1232 abivimus.

533 1451 835 1466 m

621 1674 750 1760 [vui]

126 1861 194 1929 DE
214 1869 506 1952 commemoro
529 1869 750 1937 Amitinum
773 1886 822 1936 ar
841 1872 1032 1939 Menrruu
1056 1889 1128 1938 van
1147 1872 1248 1940 Cou-

254 1980 404 2047 Juorunr,
425 1980 528 2043 Quae
552 1980 827 2032 rnrecrrorrun
848 1981 919 2031 ren
939 1969 1087 2033 Donum
1107 1984 1246 2047 vensi,

229 2070 232 2074 ’
255 2075 359 2140 ouon
382 2074 465 2124 uon
488 2074 654 2126 surmus
677 2074 765 2125 surr
788 2075 877 2139 υυο,
902 2075 973 2126 ssu
997 2076 1078 2128 uun
1101 2077 1215 2129 enno.

140 2343 149 2357 ·
187 2265 415 2346 136[secund0].
445 2260 547 2344 Quod
570 2262 643 2325 viro
666 2271 702 2326 et
728 2262 874 2326 feminae
898 2284 918 2327 a
940 2265 1117 2328 creatione
1140 2262 1250 2330 indita

124 2355 167 2410 srt
179 2351 361 2421 inclinatio
373 2367 409 2420 et
420 2378 553 2440 quoque
565 2356 712 2420 facultas
724 2355 973 2438 conjunftionis
985 2359 1072 2421 sicut
1085 2360 1118 2422 in
1133 2378 1247 2435 unum,

125 2448 158 2502 et
176 2453 273 2530 quod
296 2461 439 2535 utraque
463 2451 522 2515 ilia
540 2453 612 2515 viro
631 2462 667 2516 et
691 2452 836 2516 feminae
859 2454 941 2516 insit
965 2453 1087 2529 adhuc,
1107 2463 1249 2518 constat

128 2551 168 2597 ex
184 2541 293 2609 Libro
311 2546 511 2621 Creatz'onis,
529 2556 565 2609 et
582 2546 681 2609 simul
699 2569 744 2611 ex
761 2547 899 2610 Domini
918 2548 1041 2612 verbis.
1087 2548 1127 2612 In
1144 2546 1250 2611 Libro

133 2625 330 2717 creationis,
348 2643 403 2723 qui
422 2650 567 2704 vocatur
588 2641 736 2717 Genesis,
758 2641 897 2724 legitur,

173 2778 320 2846 “Jebovab
334 2786 408 2836 Deus
420 2785 569 2837 aedificavit
579 2795 690 2845 costam,
701 2801 781 2850 quam
791 2795 944 2849 sumpserat
953 2787 987 2836 de
998 2787 1116 2846 homine,
1130 2787 1157 2836 in
1170 2786 1251 2836 muli-

260 2866 331 2900 erem
342 2867 348 2910 ;
366 2864 393 2900 et
402 2853 512 2901 adduxit
522 2867 582 2901 eam
592 2853 626 2902 ad
638 2852 793 2909 hominem:
811 2861 838 2900 et
850 2853 917 2901 dixit
929 2853 1019 2911 homo,
1032 2851 1107 2902 Haec
1119 2854 1178 2902 vice
1189 2854 1248 2910 hac,

261 2932 292 2967 os
305 2919 339 2967 de
355 2919 462 2966 ossibus
475 2919 542 2967 meis
561 2928 588 2967 et
605 2932 668 2967 caro
682 2919 715 2966 de
730 2931 810 2967 carne
825 2932 902 2975 mea;
920 2918 981 2966 huic
995 2919 1135 2967 vocabitur
1147 2933 1249 2968 nomen

262 2982 357 3032 Ischah
369 2987 523 3042 [nummi
534 2985 638 3047 quiade
650 2983 710 3032 lscb
720 2983 789 3044 (viro
802 2986 894 3041 [⁹1⁸u1),
904 2992 1013 3046 sumpta
1022 2992 1063 3032 est
1072 2984 1153 3034 haec:
1169 2999 1250 3047 prop-

261 3058 333 3097 terea
344 3049 511 3112 derelinquet
523 3052 564 3098 vir
577 3059 680 3112 patrem
694 3063 771 3097 suum
784 3059 811 3097 et
824 3060 937 3098 matrem
951 3063 1036 3107 suam,
1050 3057 1077 3097 et
1090 3050 1250 3100 adhaerebit

261 3116 336 3163 uxori
349 3129 422 3173 suae,
435 3127 461 3162 et
473 3126 551 3164 erunt
561 3115 588 3165 in
601 3128 710 3164 carnem
723 3113 828 3162 unam”
840 3114 907 3176 (cap.
920 3115 946 3164 ii.
959 3113 1059 3175 22-24).

145 3227 261 3308 Similia
275 3247 380 3310 etiam
399 3245 488 3309 dixit
508 3247 676 3309 Dominus
694 3247 784 3329 apud
802 3245 1038 3312 Matthaeum:

183 3363 200 3385 “
207 3367 302 3421 Annon
315 3372 428 3434 legistis,
441 3372 512 3436 quod
528 3371 577 3421 llle
589 3373 633 3435 qui
646 3371 710 3421 fecit
721 3373 755 3420 ab
768 3373 845 3420 initio
857 3372 1006 3421 masculum
1020 3381 1047 3421 et
1059 3370 1212 3430 feminam„
1222 3407 1245 3422 ..

261 3439 334 3497 dixit,
351 3438 496 3500 Propterea
513 3438 619 3487 deseret
635 3439 718 3487 homo
736 3449 839 3500 patrem
861 3447 888 3487 et
909 3448 1030 3495 matrem,
1049 3446 1076 3486 et
1093 3438 1250 3486 adhaerebit

261 3504 336 3552 uxori
349 3518 423 3562 suae,
435 3513 461 3552 et
474 3512 552 3552 erunt
561 3503 614 3552 duo
627 3503 654 3552 in
665 3518 772 3552 carnem
785 3518 868 3552 unam
879 3517 885 3563 ;
902 3517 985 3566 quare
997 3517 1053 3552 non
1065 3504 1182 3566 amplius
1195 3503 1248 3551 duo

262 3579 330 3629 sunt,
343 3569 459 3618 seduna
469 3567 563 3619 carol”
576 3567 643 3632 (cap.
656 3569 709 3618 xix.
720 3582 745 3629 4,
759 3568 792 3632 5.)

157 3687 202 3753 Ex
217 3696 262 3764 his
279 3711 390 3786 patet,
410 3702 501 3786 quod
520 3702 646 3766 femina
665 3710 782 3766 creata
800 3702 846 3765 sit
869 3722 915 3765 ex
934 3702 1018 3777 viro,
1038 3711 1074 3766 et
1094 3702 1185 3785 quod
1205 3701 1250 3765 sit

160 3789 265 3875 utrique
291 3808 327 3863 et
355 3797 532 3861 inclinatio
559 3806 596 3861 et
623 3795 769 3861 facultas
796 3797 973 3860 reuniendi
1002 3818 1038 3860 se
1062 3798 1095 3858 in
1119 3816 1248 3874 unum;

161 3888 232 3959 l¹¹0d
246 3893 276 3956 in
295 3912 398 3957 unum
416 3892 601 3969 hominem,
621 3901 720 3975 patet
740 3892 844 3955 etiam
864 3911 909 3954 ex
928 3891 1031 3954 Libro
1048 3889 1248 3965 Creationis,

163 3973 204 4038 ubi
215 3995 345 4071 uterque
361 3987 461 4051 simul
480 3989 604 4051 dicitur
625 3987 771 4050 “Homo
783 3987 810 4066 ;'’
834 3985 959 4068 legitur
978 3986 1079 4062 enim,

199 4112 266 4181 “Quo
274 4123 316 4172 die
325 4123 427 4173 creavit
438 4122 512 4171 Deus
521 4121 680 4180 hominem..
691 4157 697 4171 .
707 4158 713 4171 .
724 4121 883 4172 ¹masculum
893 4130 920 4169 et
930 4120 1059 4168 feminam
1069 4118 1169 4168 creavit
1180 4118 1249 4178 illos,

268 4200 338 4240 ...et
350 4190 460 4247 vocavit,
469 4202 569 4237 nomen
582 4187 689 4237 illorum
701 4185 792 4236 Homo
801 4185 815 4206 '⁹
827 4183 926 4251 ([Gen.]
939 4200 996 4248 cap.
1006 4200 1031 4235 v.
1047 4180 1095 4249 [1,]
1110 4186 1152 4246 2);

163 4302 262 4388 legitur
281 4322 337 4395 ibi,
363 4319 543 4384 “Vocavit
567 4339 694 4383 nomen
721 4319 856 4383 illorum
880 4316 1027 4390 Adam,”
1050 4317 1109 4380 sed
1134 4316 1249 4378 Adam

165 4411 260 4487 [raom]
276 4427 311 4480 et
328 4415 445 4481 Homo
461 4425 541 4480 sunt
558 4435 626 4479 una
641 4436 712 4478 vox
727 4416 761 4477 in
778 4415 894 4497 lingua
912 4413 1090 4477 Hebraea:
1115 4412 1248 4492 insuper
