2850 5026
402 429 452 478 DE
475 429 610 481 AMORE
633 427 954 495 CONJUGIAL1.-·N.
974 430 1027 496 73.
1232 425 1276 499 63

152 602 299 684 aliquem
319 601 504 676 hominem,
525 601 557 663 in
577 622 644 683 quo
662 600 720 664 ille
733 620 829 664 amor
847 605 909 673 est,
924 609 977 663 est
996 599 1085 662 enim
1105 597 1159 661 hic
1178 618 1275 661 amor

152 696 419 759 fundamentalis
435 696 586 759 omnium
605 715 758 759 amorum
775 695 976 759 caelestium
994 704 1030 757 et
1049 692 1273 774 spiritualium

155 789 326 873 (videatur
352 811 464 873 supra,
485 811 516 854 n.
535 789 667 871 65-67).
714 788 816 871 Quod
844 790 893 853 ita
920 791 974 862 sit,
995 790 1040 851 ab
1062 788 1275 869 experientia

153 886 233 948 mihi
262 885 500 949 confirmatum
528 895 593 948 est.
638 885 718 948 Vidi
743 885 863 965 genios
891 884 924 945 in
953 884 1080 946 mundo
1099 881 1274 962 spirituali,

153 981 207 1062 qui
224 982 515 1062 praeparabantur
526 981 569 1043 ad
586 980 762 1054 infernum,
777 981 1092 1061 appropinquantes
1108 977 1151 1039 ad
1167 997 1274 1058 ange·

153 1074 232 1149 lum,
256 1077 312 1158 qui
338 1075 563 1138 deliciabatur
590 1095 666 1138 cum
693 1095 754 1137 sua
780 1084 959 1137 consorte:
993 1072 1041 1135 illi
1068 1072 1112 1135 ad
1142 1072 1274 1134 distan-

153 1171 246 1245 tiam,
264 1171 352 1233 sicut
369 1170 653 1253 propinquabant,
667 1167 745 1233 sat‘ti
758 1178 837 1232 sunt
854 1170 941 1231 sicut
961 1167 1073 1242 suriae,
1088 1176 1124 1230 et
1139 1168 1274 1249 quaesi·

153 1275 273 1328 verunt
286 1285 450 1328 cavernas
463 1275 498 1327 et
515 1266 663 1339 scrobes,
678 1275 716 1327 ut
732 1262 838 1344 asyla,
854 1263 886 1325 in
900 1283 983 1345 quas
995 1283 1031 1325 se
1045 1260 1273 1342 conjecerunt.

154 1357 254 1440 Quod
278 1361 413 1441 spiritus
444 1358 523 1421 mali
545 1369 662 1420 ament
686 1358 939 1439 homogeneum
970 1377 1050 1419 suae
1073 1354 1271 1431 affectionis,

153 1463 322 1536 utcunque
341 1454 551 1516 immundum
567 1463 632 1528 est,
650 1472 688 1516 ac
705 1462 906 1516 aversentur
924 1453 1062 1533 spiritus
1077 1450 1174 1525 caeli,
1195 1452 1273 1533 quia

153 1567 269 1627 purum
288 1559 352 1622 est,
367 1558 404 1612 ut
423 1568 519 1636 suum
532 1549 814 1629 heterogeneum,
829 1547 986 1610 concludi
1006 1555 1122 1628 potest
1139 1567 1185 1609 ex
1204 1546 1271 1609 illis

151 1644 289 1724 quaein
310 1643 602 1706 Praeliminaribus
623 1641 670 1723 (n.
692 1642 744 1724 10)
765 1653 955 1705 memorata
974 1651 1063 1704 sunt.

213 1750 278 1820 72.
310 1736 412 1818 Quod
431 1737 479 1800 illi
498 1739 531 1800 in
551 1738 646 1801 illum
666 1756 818 1800 amorem
837 1738 989 1810 veniant,
1009 1747 1045 1799 et
1064 1738 1097 1798 in
1117 1735 1177 1799 illo
1195 1756 1271 1799 esse

152 1834 293 1913 possint,
312 1834 367 1915 qui
387 1854 466 1896 vera
485 1832 650 1896 ecclesiae
670 1843 798 1905 amant,
814 1842 849 1895 et
869 1832 959 1894 bona
978 1831 1048 1912 ejus
1067 1831 1203 1907 iaciunt,
1218 1841 1271 1895 est

151 1927 229 2008 quia
247 1948 316 1990 non
335 1927 391 1990 alii
410 1929 616 2008 recipiuntur
634 1950 654 1992 a
673 1928 843 2004 Domino;
867 1928 902 1989 hi
921 1928 1011 1989 enim
1031 1937 1110 1990 sunt
1133 1928 1167 1989 in
1188 1947 1271 1990 con·

148 2018 320 2100 jundtione
337 2042 413 2085 cum
431 2023 520 2105 Ipso,
538 2033 573 2087 et
590 2023 669 2085 inde
686 2033 829 2102 possunt
846 2023 955 2085 teneri
971 2023 1004 2085 in
1020 2021 1080 2084 illo
1095 2041 1211 2084 amore
1227 2020 1271 2083 ab

153 2114 241 2195 Ipso.
286 2114 373 2178 Sunt
404 2117 471 2179 duo
495 2138 580 2199 quae
610 2117 739 2180 faciunt
762 2116 942 2179 ecclesiam
969 2127 1005 2179 et
1035 2117 1113 2179 inde
1137 2115 1270 2178 caelum

151 2208 239 2290 apu'd
262 2209 447 2284 hominem,
469 2230 585 2274 verum
605 2208 682 2273 fidei
706 2221 742 2274 et
765 2212 893 2274 bonum
913 2212 1024 2286 vitae;
1052 2229 1168 2272 verum
1192 2209 1269 2272 fidei

151 2303 229 2366 sacit
250 2306 478 2385 praesentiam
499 2305 641 2378 Domini,
668 2316 705 2368 et
728 2307 855 2369 bonum
873 2307 964 2368 vitae
984 2305 1170 2367 secundum
1190 2325 1271 2367 vera

150 2396 227 2461 fidei
242 2399 323 2462 facit
340 2398 612 2480 conjunctionem
628 2421 704 2463 cum
722 2401 811 2480 Ipso,
826 2411 861 2463 et
878 2402 924 2463 sic
941 2400 1122 2464 ecclesiam
1138 2410 1174 2462 et
1190 2420 1268 2463 cae·

150 2491 229 2557 lum.
275 2492 377 2575 Quod
400 2515 516 2557 verum
540 2495 617 2557 fidei
647 2495 748 2558 saciat
772 2496 1012 2576 praesentiam,
1037 2505 1090 2558 est
1114 2495 1193 2577 quia
1214 2505 1268 2558 est

150 2585 253 2665 lucis3
288 2588 348 2650 lux
372 2589 555 2671 spiritualis
586 2609 654 2651 non
685 2590 775 2652 aliud
800 2599 873 2652 est:
908 2590 998 2671 quod
1027 2590 1153 2651 bonum
1176 2589 1268 2651 vitae

150 2682 248 2746 faciat
268 2683 551 2764 conjundlionem,
570 2696 623 2748 est
642 2687 719 2767 quia
738 2695 791 2748 est
808 2685 952 2762 caloris;
976 2685 1070 2747 calor
1085 2684 1268 2764 spiritualis

150 2795 211 2840 nec
231 2778 323 2840 aliud
342 2789 406 2853 est,
427 2789 480 2842 est
500 2781 590 2842 enim
609 2800 715 2855 amor,
736 2791 771 2843 et
794 2781 922 2843 bonum
939 2780 1030 2842 vitae
1050 2788 1103 2841 est
1122 2780 1265 2841 amoris:

150 2880 184 2934 et
208 2883 325 2936 notum
346 2884 410 2949 est,
430 2874 522 2955 quod
541 2875 652 2937 omnis
671 2875 731 2937 lux
752 2876 856 2937 etiam
875 2874 1029 2936 hiemalis
1049 2873 1149 2936 saciat
1169 2892 1267 2953 prae-

150 2968 306 3041 sentiam,
331 2978 366 3031 et
389 2970 480 3051 quod
504 2968 598 3032 calor
621 2970 734 3033 unitus
758 2969 823 3033 luci
846 2969 948 3032 saciat
972 2966 1266 3049 conjunctionem

150 3060 239 3124 horti
258 3064 347 3125 enim
367 3073 402 3126 et
426 3063 546 3127 floreta
564 3075 731 3145 apparent
754 3065 787 3127 in
811 3065 903 3127 omni
924 3063 1009 3138 luce,
1029 3063 1090 3126 sed
1113 3083 1181 3125 non
1205 3062 1267 3125 flo-

149 3167 224 3220 rent
243 3166 279 3220 et
301 3156 515 3234 fructificant,
536 3160 599 3222 nisi
618 3159 698 3222 dum
717 3158 810 3222 calor
829 3157 1004 3240 conjungit
1028 3178 1065 3220 se
1088 3157 1163 3220 luci.
1208 3157 1265 3220 Ex

150 3249 200 3313 his
223 3262 321 3333 patet
339 3253 524 3329 conclusio,
545 3255 635 3336 quod
659 3275 679 3316 a
702 3254 851 3317 Domino
875 3274 943 3316 non
963 3254 1133 3316 donentur
1152 3272 1266 3315 amore

149 3366 225 3410 vere
250 3347 441 3429 conjugiali‚
467 3349 522 3429 qui
550 3349 653 3410 modo
677 3349 788 3412 sciunt
814 3349 979 3411 ecclesiae
1007 3367 1097 3423 vera,
1122 3347 1183 3409 sed
1209 3348 1266 3431 qui

149 3441 206 3505 illa
224 3443 336 3504 sciunt
355 3452 391 3504 et
411 3441 480 3523 ejus
500 3443 589 3504 bona
608 3443 747 3506 faciunt.

209 3548 277 3618 73.
310 3534 407 3618 (viii.)
443 3537 539 3614 Quod
565 3536 619 3599 ln'c
639 3559 734 3600 amor
746 3536 862 3617 fuerit
882 3559 978 3600 amor
998 3557 1149 3599 amorum
1174 3537 1268 3618 apud

148 3631 312 3712 antiquos,
330 3630 390 3712 qui
409 3631 443 3692 in
462 3629 589 3694 saeculo
607 3653 716 3706 aurea,
736 3642 894 3714 argenteo
911 3642 943 3695 et
959 3642 1079 3714 cupreo
1096 3631 1263 3694 vixerunt.

149 3723 248 3806 Quod
274 3746 370 3788 amor
389 3725 588 3807 conjugialis
606 3727 694 3807 apud
717 3728 971 3810 antiquissimos
998 3735 1033 3790 et
1062 3726 1150 3808 apud
1174 3728 1263 3788 anti-

148 3839 242 3900 quos,
256 3821 312 3901 qui
325 3821 356 3881 in
372 3821 486 3900 primis
499 3821 564 3883 illis
574 3821 719 3884 saeculis
731 3822 779 3885 ita
789 3823 973 3885 nomInatis
983 3823 1153 3895 vixerant,
1165 3821 1263 3884 suerit

148 3933 242 3977 amor
266 3934 430 3989 amorum,
451 3935 518 3977 non
542 3925 658 3996 potest
681 3936 726 3978 ex
749 3916 896 3979 historiis
919 3917 1005 3991 sciri,
1030 3917 1107 3998 quia
1129 3914 1262 3978 illorum

147 4010 273 4090 scripta
289 4028 356 4071 non
374 4020 528 4084 exstant,
543 4019 579 4073 et
595 4009 654 4073 illa
669 4031 755 4092 quae
769 4021 922 4085 exstant,
937 4021 1017 4073 sunt
1030 4031 1075 4073 ex
1088 4010 1263 4088 scriptori⁴

147 4102 208 4166 bus
231 4113 309 4184 post
333 4103 391 4166 illa
413 4103 569 4183 saecula;
593 4124 672 4168 nam
691 4105 735 4168 ab
757 4104 808 4168 his
827 4106 1054 4180 nominantur,
1075 4113 1110 4167 et
1128 4123 1262 4186 quoque

149 4197 348 4262 describitur
366 4197 499 4263 illorum
519 4201 609 4263 vitae
629 4201 756 4282 puritas
779 4208 814 4264 et
837 4200 1027 4282 integritas,
1048 4199 1173 4281 pariter
1191 4196 1262 4278 ejus

148 4294 337 4357 successiva
355 4295 589 4359 decrescentia
607 4297 694 4359 sicut
714 4306 766 4359 est
785 4295 854 4359 auri
871 4316 975 4378 usque
994 4295 1037 4357 ad
1057 4294 1199 4357 serrum:
1224 4300 1261 4354 at

149 4389 267 4454 ultima
284 4410 343 4453 seu
361 4389 466 4454 serrea
484 4401 591 4468 aetas,
611 4411 697 4474 quae
716 4390 888 4455 inchoavit
906 4411 928 4455 a
945 4387 1163 4472 scriptoribus
1180 4385 1259 4463 illis,
