2782 5026
392 442 442 492 DE
465 439 599 491 AMORE
622 439 942 505 CONJUGIALI.-N.
965 441 993 505 3.
1229 440 1250 507 7

124 623 156 669 et
168 612 303 683 opipara,
317 627 354 666 ac
369 610 439 666 vina
451 626 597 681 generosa
612 619 642 664 et
658 609 777 671 nobilia,
791 619 822 663 et
841 619 910 679 post
923 607 1026 678 epulas
1044 605 1105 661 ludi
1125 622 1160 661 ac
1178 606 1251 661 clio·

127 709 192 747 reae
204 692 361 762 virginum
380 700 411 744 et
428 690 571 760 juvenum
585 689 758 743 saltantium
777 688 815 742 ad
836 689 942 741 modos
955 687 1201 758 symphoniarum
1220 695 1252 740 et

125 772 277 832 tibiarum,
289 768 456 840 interjet'tis
465 769 602 823 cantibus
611 769 735 822 odarum
745 767 929 822 suavissimis
938 766 950 822 l
959 776 990 821 et
999 768 1120 820 demum
1133 766 1172 819 ad
1186 781 1252 819 ves·

128 866 229 921 peram
242 858 335 904 erunt
348 846 518 919 spetiacula
530 864 568 902 ex
586 847 769 918 personatis;
790 857 821 900 et
839 856 909 917 post
923 845 996 901 haec
1010 844 1117 900 iterum
1130 844 1251 915 epulae:

127 930 213 983 etsie
226 929 337 999 quovis
350 927 399 982 die
412 928 443 982 iii
455 927 634 981 aetemuni”

182 1007 240 1062 llis
252 1005 370 1068 ediclis,
383 1005 498 1078 Quarta
512 1005 638 1068 Cohors,
651 1021 728 1076 quae
744 1013 809 1059 erat
822 1004 956 1059 secunda
973 1019 990 1057 e
1009 1002 1098 1074 plaga
1112 1001 1252 1057 occiden-

127 1087 189 1148 tali,
199 1086 371 1141 enuntiavit
384 1101 467 1139 suain
477 1085 667 1146 sententiam,
677 1084 795 1138 dicens:
814 1082 904 1137 “Nos
916 1082 1045 1137 fovimus
1058 1082 1157 1152 plures
1171 1081 1251 1136 ideas

128 1168 166 1220 de
184 1165 298 1236 gaudio
316 1165 447 1227 caelesti,
466 1174 497 1219 et
516 1166 554 1219 de
573 1164 716 1219 felicitate
734 1176 863 1224 aeterna,
882 1172 914 1217 et
932 1161 1151 1232 exploravimus
1169 1161 1252 1216 varia

128 1246 240 1316 gaudia
255 1254 286 1298 et
299 1244 481 1299 contulimus
498 1244 546 1298 illa
562 1244 640 1298 inter
654 1259 694 1306 se,
708 1254 739 1298 et
751 1242 952 1297 conclusimus
964 1242 1045 1311 quod
1061 1241 1171 1311 gaudia
1185 1256 1251 1296 cae·

130 1325 216 1379 lestia
234 1324 295 1379 sint
309 1324 420 1394 gaudia
439 1324 636 1394 paradisiaca:
655 1324 727 1394 quid
747 1322 827 1377 aliud
847 1322 962 1376 caelum
978 1337 1067 1391 quain
1087 1321 1249 1391 paradisus,

129 1404 216 1473 cujus
230 1403 367 1457 extensio
379 1412 425 1457 est
437 1404 474 1457 ab
487 1403 603 1457 oriente
619 1402 648 1456 in
662 1402 858 1462 occidentem,
872 1411 903 1454 et
918 1416 936 1455 a
949 1400 1073 1454 meridie
1088 1399 1118 1453 in
1132 1410 1251 1470 septen·

130 1483 268 1544 trionem,
282 1492 313 1536 et
327 1482 356 1535 in
371 1482 422 1536 illo
434 1483 555 1536 arbores
569 1479 720 1536 frustuum
736 1491 767 1534 et
785 1481 874 1534 flores
886 1479 1067 1542 deliciarum,
1081 1478 1111 1533 in
1125 1494 1250 1548 quarum

131 1562 232 1616 medio
246 1571 293 1615 est
308 1560 465 1631 magnifica
479 1561 569 1615 arbor
582 1561 671 1623 vitae,
684 1560 795 1613 circum
811 1575 901 1629 quani
921 1559 1068 1613 sedebunt
1083 1558 1171 1620 beati,
1184 1573 1251 1613 ves·

131 1650 233 1694 centes
247 1638 392 1693 frut'tibus
406 1639 521 1708 saporis
535 1639 663 1700 delicati,
680 1655 714 1693 ac
729 1639 828 1692 ornati
843 1637 931 1692 sertis
946 1638 1051 1691 florum
1068 1638 1169 1691 odoris
1184 1653 1251 1692 sua·

130 1718 262 1773 vissimi?
280 1729 311 1772 et
326 1719 409 1788 quod
429 1719 503 1772 haec
518 1719 668 1788 aspirante
688 1728 834 1787 perpetuo
848 1733 918 1771 vere
938 1717 1035 1771 indies
1049 1734 1116 1771 cuni
1134 1717 1251 1771 infinita

131 1798 274 1851 varietate
287 1807 465 1851 enascantur
474 1807 505 1851 et
518 1807 725 1858 renascantur;
744 1808 775 1850 et
787 1796 868 1866 quod
882 1812 919 1851 ex
932 1796 1040 1850 horum
1053 1806 1121 1851 ortu
1134 1807 1165 1850 et
1177 1796 1250 1850 flore

132 1886 284 1947 perpetuo,
297 1887 328 1930 et
343 1877 431 1930 simul
447 1892 484 1930 ex
499 1876 644 1946 temperie
661 1876 773 1946 jugiter
784 1890 885 1935 verna,
898 1874 990 1929 animi
1006 1875 1148 1930 continue
1164 1890 1250 1929 reno-

131 1956 190 2009 vati
207 1970 268 2009 non
284 1955 400 2025 possint
415 1955 502 2009 aliter
516 1971 606 2025 quam
621 1955 730 2024 gaudia
746 1954 842 2009 indies
857 1970 936 2008 nova
950 1954 1100 2008 attrahere
1115 1964 1146 2008 et
1159 1954 1250 2024 respi-

132 2050 200 2096 rare,
212 2044 244 2088 et
256 2034 325 2088 inde
340 2034 370 2087 in
383 2034 540 2088 florentem
553 2043 691 2095 aetatem,
701 2043 733 2088 et
745 2033 884 2104 perhanc
897 2033 927 2086 in
940 2033 1123 2103 primitivum
1138 2043 1249 2087 statum

132 2113 161 2165 in
170 2129 259 2183 quem
270 2112 406 2167 Adamus
419 2124 450 2167 et
463 2114 528 2183 ejus
540 2128 616 2167 uxor
624 2112 716 2167 creati
729 2122 808 2173 sunt,
818 2112 929 2176 reduci,
939 2122 971 2166 et
981 2112 1023 2167 sic
1037 2111 1066 2165 in
1081 2112 1249 2183 paradisum

133 2191 258 2253 illorum,
272 2207 289 2246 e
303 2202 382 2245 terra
393 2192 571 2245 translatum
586 2192 614 2245 in
629 2191 753 2254 caelum,
766 2190 906 2246 remitti.''

182 2269 297 2342 Quinta
313 2269 438 2331 Cohors,
454 2286 530 2340 quae
546 2281 609 2324 erat
628 2271 724 2340 prima
739 2286 776 2324 ex
792 2269 954 2341 ingeniosis
969 2285 985 2324 e
1004 2269 1091 2340 plaga
1109 2269 1249 2324 meridio-

131 2349 197 2410 nali,
211 2349 302 2403 eliata
314 2359 361 2404 est
374 2350 448 2404 hoc:
468 2349 608 2404 “Gaudia
620 2350 760 2404 caelestia
773 2361 803 2404 et
816 2349 943 2404 felicitas
955 2359 1076 2403 aeterna
1089 2365 1149 2402 non
1166 2349 1246 2403 aliud

131 2438 207 2486 sunt.
218 2444 307 2498 quani
317 2428 570 2498 supereminentia
578 2429 719 2491 dominia,
730 2440 762 2483 et
771 2428 1015 2497 opulentissimae
1028 2443 1126 2498 gazae,
1135 2438 1165 2482 et
1179 2429 1248 2483 inde

132 2507 302 2576 supertegia
320 2504 542 2575 magnificentia
559 2521 594 2559 ac
608 2506 821 2575 superillustris
847 2508 996 2576 splendor.
1034 2506 1123 2579 Quod
1138 2508 1249 2577 gaudia

131 2585 211 2645 caeli,
225 2597 256 2638 et
270 2586 377 2639 horum
393 2584 497 2640 fruitio
511 2585 663 2648 continua,
677 2602 753 2655 quae
768 2595 813 2640 est
828 2597 950 2641 aeterna
964 2585 1098 2647 felicitas,
1114 2586 1164 2639 illa
1180 2587 1248 2648 sint,

132 2664 335 2734 perspeximus
343 2680 379 2718 ex
394 2664 451 2718 illis
464 2665 494 2718 in
505 2666 619 2720 mundo
632 2664 731 2735 priori,
742 2666 793 2735 qui
807 2665 895 2735 potiti
908 2665 1065 2727 suminis:
1083 2676 1115 2719 et
1128 2665 1249 2735 insuper

131 2758 225 2804 exeo,
241 2743 324 2813 quod
343 2742 444 2798 felices
463 2743 493 2797 in
512 2744 596 2798 caelo
613 2744 763 2814 regnaturi
782 2744 842 2798 sint
860 2760 928 2798 cuni
948 2743 1087 2806 Domino,
1102 2760 1137 2799 ac
1156 2744 1248 2799 futuri

132 2837 213 2892 reges
225 2832 256 2876 et
268 2813 425 2893 principes,
436 2823 506 2892 quia
518 2833 587 2877 sunt
600 2823 653 2876 filii
669 2822 772 2892 Ipsius,
783 2823 834 2893 qui
847 2834 893 2877 est
908 2824 973 2877 Rex
985 2839 1088 2894 regum
1102 2834 1133 2878 et
1143 2823 1248 2879 Domi·

132 2916 185 2954 nus
201 2901 400 2962 dominorum,
414 2912 445 2955 et
460 2902 541 2971 quod
560 2901 668 2956 sessuri
684 2901 744 2955 sint
759 2918 847 2971 super
862 2902 986 2964 thronis,
1002 2913 1034 2956 et
1049 2903 1130 2973 quod
1150 2903 1247 2974 angeli

133 2978 188 3033 illis
205 2980 401 3034 ministraturi
419 2980 489 3035 sint.
536 2980 789 3050 Magnificentiam
808 2980 881 3034 caeli
902 2981 1107 3050 perspeximus
1125 2999 1162 3036 ex
1181 2983 1247 3044 hoc,

131 3058 209 3126 quod
224 3057 311 3112 Nova
325 3056 543 3129 Hierosolyma,
553 3075 705 3129 perquam
719 3059 897 3114 describitur
908 3060 1004 3131 gloria
1016 3062 1098 3122 caeli,
1109 3061 1248 3115 habitura

132 3136 167 3190 sit
179 3147 289 3206 portas,
299 3153 425 3207 quarum
439 3138 624 3207 unaquaevis
636 3139 693 3192 erit
706 3153 766 3192 una
777 3139 942 3209 margarita,
953 3149 984 3193 et
997 3141 1110 3210 plateas
1122 3156 1159 3194 ex
1172 3156 1247 3209 puro

132 3229 210 3277 auro,
223 3225 254 3270 et
270 3231 387 3269 murum
407 3214 565 3270 fundatum
585 3233 675 3286 super
690 3217 839 3287 lapidibus
858 3218 1011 3286 pretiosis;
1030 3230 1248 3289 consequenter

131 3294 209 3362 quod
221 3294 316 3348 cuivis
329 3294 359 3347 in
372 3295 487 3348 caelum
501 3306 623 3365 recepto
635 3295 674 3349 sit
687 3311 740 3350 sua
752 3296 819 3350 aula
832 3312 868 3350 ex
882 3312 955 3352 auro
968 3308 999 3351 et
1012 3298 1247 3368 pretiositatibus

133 3372 295 3440 splendens,
305 3389 340 3426 ac
353 3373 519 3427 dominium
534 3374 638 3428 ordine
651 3375 688 3428 ab
699 3391 760 3428 uno
774 3375 803 3428 in
817 3376 942 3429 alterum
957 3392 1170 3432 successurum.
1209 3377 1247 3432 Et

133 3452 196 3519 quia
209 3452 356 3513 novimus,
370 3452 450 3522 quod
467 3453 577 3508 talibus
592 3452 694 3506 innata
707 3453 767 3507 sint
782 3454 900 3524 gaudia,
913 3470 948 3509 ac
965 3454 1053 3509 insita
1066 3455 1198 3516 felicitas,
1215 3467 1246 3512 et

133 3531 207 3598 quod
223 3531 283 3585 sint
298 3531 475 3600 sponsiones
495 3531 550 3586 Dei
571 3531 793 3602 irrefragabiles,
808 3549 867 3586 non
884 3534 1037 3603 potuimus
1051 3534 1171 3589 aliunde
1186 3545 1246 3590 sta·

133 3618 190 3663 tum
204 3609 407 3664 felicissimum
421 3611 500 3664 vitae
513 3611 650 3665 caelestis
662 3612 837 3666 deducere.”

181 3688 253 3743 Post
267 3688 352 3749 hanc,
367 3689 458 3744 Sexta
471 3689 595 3752 Cohors,
608 3705 685 3760 quae
697 3702 762 3744 erat
775 3690 907 3745 secunda
918 3707 936 3744 e
950 3692 1036 3762 plaga
1050 3691 1245 3755 meridionali,

133 3766 233 3822 extulit
241 3784 356 3830 vocem,
367 3779 397 3822 et
407 3768 499 3823 dixit:
518 3768 692 3822 “Gaudium
703 3770 776 3823 caeli
790 3780 820 3824 et
833 3770 898 3839 ejus
909 3781 1030 3824 aeterna
1041 3770 1174 3833 felicitas,
1184 3787 1245 3826 non

133 3845 205 3900 aliud
218 3856 264 3900 est
275 3862 364 3916 quani
379 3857 523 3916 perpetua
534 3847 713 3917 glorificatio
727 3847 791 3908 Dei,
803 3847 913 3902 festum
927 3865 1094 3919 perennans
1108 3851 1136 3903 in
1151 3861 1245 3905 aeter·

133 3940 205 3986 num,
219 3941 254 3980 ac
269 3925 459 3979 beatissimus
473 3926 572 3980 cultus
586 3942 654 3980 cuin
670 3927 808 3981 cantibus
823 3939 853 3981 et
868 3928 985 3997 jubilis:
1004 3929 1090 3983 etsie
1105 3941 1245 3985 constans
1278 3926 1281 3931 ’

132 4003 254 4060 elevatio
266 4004 368 4059 cordis
381 4005 418 4057 ad
434 4003 539 4065 Deum,
550 4021 616 4058 cuni
631 4005 718 4075 plena
731 4004 840 4059 fiducia
852 4008 1066 4076 acceptationis
1080 4024 1200 4078 precum
1214 4019 1245 4064 et

132 4081 244 4137 laudum
258 4095 382 4154 propter
393 4081 532 4136 Divinam
544 4083 777 4138 munificentiam
793 4085 988 4140 beatitudinis
999 4087 1143 4141 illorum.”
1181 4088 1244 4142 Ali·

131 4164 175 4231 qui
190 4180 226 4217 ex
242 4163 300 4217 hac
314 4162 441 4217 cohorte
454 4163 637 4232 adiecerunt,
651 4163 731 4232 quod
747 4163 926 4233 glorificatio
942 4165 991 4219 illa
1006 4164 1109 4220 futura
1120 4167 1159 4222 sit
1174 4182 1242 4221 cuni

132 4242 289 4313 magnificis
309 4240 516 4301 luminaribus,
537 4256 665 4311 cunique
684 4241 832 4296 suffitibus
853 4242 1102 4314 fragrantissimis,
1122 4255 1152 4299 et
1173 4261 1241 4300 cum

131 4321 364 4388 processionibus
383 4335 519 4389 pompae,
539 4320 680 4389 pontifice
698 4321 829 4375 maximo
849 4333 1011 4391 praeeunte
1030 4340 1098 4378 cuin
1118 4325 1243 4380 buccina

130 4414 237 4472 magna,
249 4399 448 4473 sequentibus
461 4398 543 4452 illuni
557 4399 732 4470 primatibus
743 4409 775 4454 et
787 4399 950 4472 clavigeris,
964 4403 1079 4474 magnis
1091 4413 1122 4458 et
1135 4405 1240 4473 parvis,
