2782 5026
324 117 376 168 nn
398 114 872 186 nnonncouJuc1anr.-n.
897 110 965 191 169.
1154 126 1210 192 141

24 285 197 351 mariti
218 285 267 351 ab
291 287 455 351 uxoribus
476 297 646 352 vocantur
668 291 906 366 necessitates,
927 292 1007 374 quia
1028 292 1056 357 si
1078 294 1213 360 revela·

23 390 213 455 rentur,
228 381 469 446 abalienarent
482 385 624 447 maritos
639 404 659 446 a
676 396 764 459 toro,
781 406 801 448 a
818 386 984 462 cubiculo,
999 396 1035 452 et
1052 408 1073 451 a
1088 390 1212 468 d0m0;

13 477 164 561 ratio
185 485 259 550 est,
279 477 358 559 quia
376 477 546 560 plerisque
566 479 643 541 viris
662 478 731 542 alte
751 480 875 544 insidet
894 481 1001 563 frigus
1020 483 1214 566 conjugiale

15 590 106 634 ex
147 570 316 653 pluribus
343 572 465 646 causis,
490 593 576 655 quae
599 573 633 636 in
656 575 770 656 capite
800 575 852 639 De
876 574 995 640 Causis
1019 577 1211 660 Frigorum‚

15 664 363 748 Separationum,
381 675 417 730 et
437 667 671 732 Divortiorum
688 670 776 734 inter
792 668 975 753 Coniuges,
993 675 1210 754 aperientur;

17 760 134 825 hoc
159 760 288 841 frigus,
302 761 330 824 si
347 782 471 825 uxores
484 762 691 844 detegerent
707 761 905 829 affectiones
920 777 956 829 et
969 767 1212 833 inclinationes

13 856 299 928 maritorum,
319 876 339 920 e
358 856 512 920 latibulis
530 859 597 920 suis
617 869 810 939 erumperet
842 880 881 923 ac
905 861 1118 942 instigeraret
1142 867 1210 948 pri·

16 969 171 1014 mum
195 950 363 1014 interiora
381 952 515 1024 mentis,
533 952 611 1015 dein
631 950 761 1034 pectus,
779 963 814 1016 et
834 954 913 1018 inde
932 957 1053 1019 ultima
1071 959 1208 1034 amoris,

11 1065 164 1128 quae
196 1046 416 1126 generationi
445 1046 560 1110 dicata
589 1057 690 1125 sunt;
725 1048 845 1130 quibus
878 1049 1084 1132 infrigeratis
1112 1073 1209 1117 amor

12 1138 288 1220 coniugialis
304 1140 481 1205 exsularet
499 1141 533 1204 in
554 1150 700 1216 tantum,
719 1152 756 1206 ut
775 1162 844 1205 non
864 1144 976 1226 aliqua
995 1166 1073 1227 spes
1092 1151 1209 1212 amici·

14 1236 158 1307 tiae,
188 1233 435 1309 confidentiae,
460 1245 496 1300 et
520 1236 741 1300 beatitudinis
764 1237 1044 1314 cohabitationis,
1069 1251 1104 1304 et
1128 1244 1208 1306 inde

15 1329 262 1397 felicitatis
275 1330 377 1404 vitae,
391 1341 585 1412 superesset
598 1352 606 1408 ;
630 1352 756 1395 uxores
769 1341 886 1395 tamen
899 1332 958 1396 illa
971 1354 1032 1414 spe
1046 1338 1208 1401 continue

20 1422 270 1491 laetantur.
314 1423 459 1505 Aperite
472 1425 562 1508 quod
579 1427 690 1489 sciant
703 1423 900 1490 affectiones
913 1439 948 1491 et
965 1428 1206 1496 inclinationes

22 1519 213 1585 amoris
231 1519 321 1600 apud
340 1520 493 1594 maritos,
510 1540 625 1583 secum
644 1519 709 1584 sert
726 1522 996 1585 declarationem
1013 1535 1048 1587 et
1064 1525 1206 1607 evulga-

25 1615 218 1680 tionem
254 1613 379 1676 amoris
412 1613 567 1691 illarum;
600 1625 637 1678 et
667 1625 788 1678 notum
817 1613 882 1690 est,
914 1619 1004 1699 quod
1041 1629 1206 1700 quantum

23 1728 211 1774 uxores
230 1709 387 1789 aperiunt
403 1728 441 1770 os
461 1709 503 1771 de
519 1708 591 1784 illo,
608 1718 744 1772 tantum
761 1710 822 1773 viri
841 1710 1037 1792 frigescant,
1055 1723 1091 1776 et
1111 1715 1205 1795 cupi·

30 1812 136 1870 ant
173 1803 439 1883 separationem.
484 1802 541 1867 Ex
571 1804 624 1867 his
654 1814 752 1886 patet
782 1807 909 1868 veritas
939 1806 1037 1887 hujus
1059 1809 1204 1884 articuli,

33 1897 172 1981 quod
190 1917 328 1972 causae,
342 1908 482 1979 propter
495 1918 578 1981 quas
591 1919 717 1963 uxores
733 1901 991 1981 perceptionem
1004 1922 1099 1965 suam
1112 1905 1202 1985 apud

37 2014 108 2057 se
127 1992 341 2065 recondunt,
358 2001 393 2056 et
411 2013 431 2055 a
450 1995 580 2056 maritis
599 1994 826 2069 abscondunt,
847 1996 915 2058 sint
935 1998 1172 2061 necessitates.

141 2087 247 2152 1⁶8.
279 2085 345 2170 (x.)
372 2085 470 2165 Quod
482 2088 651 2169 perceptio
665 2087 745 2152 haec
758 2089 805 2152 sit
822 2090 989 2170 sapientia
1005 2092 1121 2154 uxoris
1131 2114 1147 2166 ,⁰
1172 2101 1206 2155 et

46 2181 171 2264 quod
189 2180 271 2244 haec
293 2201 356 2244 non
378 2182 502 2245 dabilis
525 2183 573 2246 sit
593 2183 687 2263 apud
705 2183 828 2259 virum,
853 2205 908 2247 nec
929 2186 1019 2267 quod
1036 2187 1204 2266 sapientia

48 2275 263 2340 rationalis
283 2275 355 2340 viri
373 2275 498 2340 dabilis
519 2277 567 2339 sit
588 2277 683 2358 apud
700 2278 967 2343 uxorem-Hoc
987 2282 1139 2362 sequitur
1158 2303 1203 2345 ex

53 2371 277 2435 discrimine
294 2372 386 2454 quod
402 2382 456 2435 est
476 2373 565 2435 inter
580 2372 804 2436 masculinum
822 2383 857 2438 et
874 2374 1091 2437 femininum:
1112 2394 1203 2439 mas-

55 2465 232 2528 culinum
251 2476 305 2530 est
329 2488 374 2530 ex
397 2464 573 2531 intellectu
597 2469 781 2550 percipere,
801 2479 836 2531 et
859 2469 1055 2532 femininum
1079 2480 1133 2535 est
1157 2492 1202 2534 ex

58 2577 198 2624 amore
211 2581 219 2639 ;
243 2580 283 2624 ac
303 2559 500 2625 intellectus
524 2562 629 2625 etiam
654 2563 798 2644 percipit
820 2562 879 2626 illa
898 2583 984 2645 quae
1008 2584 1108 2646 supra
1127 2585 1202 2629 cor·

60 2672 153 2734 pus,
170 2663 208 2718 et
227 2665 329 2719 extra
345 2656 508 2719 mundum
525 2668 615 2731 sunt,
635 2659 725 2720 visus
745 2658 834 2720 enim
854 2659 1030 2721 rationalis
1049 2669 1086 2722 et
1106 2661 1202 2742 spiri-

60 2749 185 2812 tualis
203 2749 284 2813 illuc
303 2752 420 2829 vadit;
443 2760 479 2814 at
498 2771 593 2815 amor
610 2772 677 2814 non
698 2751 788 2815 ultra
806 2753 839 2814 id
859 2752 949 2834 quod
970 2754 1096 2831 sentit;
1122 2756 1202 2818 dum

63 2842 183 2918 ultra,
204 2845 270 2908 hoc
291 2845 398 2910 trahit
417 2867 462 2909 ex
481 2843 721 2926 conjunctione
745 2866 822 2909 cum
842 2844 1019 2909 intellectu
1038 2849 1099 2911 viri
1118 2868 1201 2912 con-

62 2939 236 3009 stabilita
258 2960 280 3002 a
302 2941 497 3018 creatione;
521 2938 715 3004 intellectus
738 2941 828 3004 enim
853 2953 906 3004 est
930 2941 1025 3015 lucis,
1046 2952 1081 3005 et
1104 2964 1202 3007 amor

62 3043 133 3096 est
146 3034 282 3109 caloris,
296 3044 332 3099 et
349 3034 407 3098 illa
419 3055 505 3116 quae
519 3033 603 3098 lucis
616 3045 707 3111 sunt,
722 3036 980 3116 perspiciuntur,
995 3046 1029 3099 et
1043 3036 1101 3099 illa
1113 3059 1200 3120 quae

62 3127 203 3192 caloris
233 3139 325 3204 sunt,
356 3132 560 3194 sentiuntur.
620 3129 677 3193 Ex
711 3130 764 3193 his
794 3140 902 3212 patet,
934 3131 1025 3212 quod
1058 3144 1201 3213 propter

64 3223 271 3287 universale
294 3225 476 3288 discrimen
495 3224 585 3307 quod
609 3234 663 3288 est
686 3226 776 3289 inter
794 3224 1020 3287 masculinum
1044 3236 1079 3288 et
1102 3227 1199 3290 semi-

66 3319 207 3392 minum,
231 3320 400 3401 sapientia
425 3321 541 3383 uxoris
564 3340 633 3383 non
658 3320 780 3383 dabilis
807 3321 852 3383 sit
879 3321 969 3402 apud
993 3321 1111 3394 virum,
1137 3341 1199 3385 nec

67 3414 250 3494 sapientia
279 3415 341 3477 viri
371 3415 460 3496 apud
490 3434 653 3478 uxorem:
680 3415 848 3496 sapientia
877 3414 1015 3477 moralis
1045 3416 1105 3478 viri
1136 3436 1198 3479 nec

70 3505 202 3571 dabilis
218 3517 273 3572 est
291 3509 381 3591 apud
399 3509 553 3586 seminas,
573 3518 738 3592 quantum
761 3508 821 3572 illa
841 3509 946 3573 trahit
966 3531 1011 3572 ex
1030 3511 1199 3591 sapientia

72 3602 239 3666 rationali
258 3602 339 3684 ejus.

142 3699 245 3778 169.
269 3698 348 3782 (xi.)
374 3699 472 3778 Quod
485 3722 571 3764 uxor
573 3699 710 3782 jugiter
721 3699 841 3782 cogitet
851 3700 892 3763 de
905 3698 1115 3762 inclinatione
1129 3698 1202 3763 viri

82 3790 131 3854 ad
140 3813 184 3868 se,
200 3793 312 3856 animo
327 3797 547 3880 contingendi
561 3795 630 3860 sibi
645 3795 893 3860 illum-Haec
913 3794 1099 3858 cohaerent
1119 3813 1196 3857 cum

85 3904 182 3969 supra
206 3888 404 3970 explicatis,
428 3890 493 3967 his,
517 3891 608 3974 quod
638 3891 816 3954 inclinatio
845 3891 889 3952 ad
920 3888 1103 3951 uniendum
1133 3887 1196 3951 sibi

88 3981 189 4047 uirum
206 3983 251 4048 sit
270 3993 435 4048 constans
457 3994 493 4049 et
517 3994 683 4067 perpetua
701 3985 791 4066 apud
815 4002 970 4056 uxorem,
990 3981 1050 4044 sed
1075 3982 1194 4046 incon·

93 4080 179 4142 stans
205 4085 242 4144 et
271 4078 407 4143 alterna
436 4080 525 4164 apud
554 4081 673 4157 virum,
704 4098 790 4162 quae
819 4078 1019 4156 videantur;
1054 4097 1099 4143 ex
1128 4075 1195 4140 illis
