2782 5026
129 457 191 538 238
475 470 658 522 numeras
680 462 908 522 sacramus

127 641 391 722 cogitantem,
407 639 512 703 aliter
527 639 589 722 qui
602 639 644 702 de
658 638 733 703 illis
747 636 1036 721 incana-Apud
1051 645 1171 708 castos,
1181 594 1274 716 qtffl

129 744 220 810 sunt,
231 735 288 818 qui
303 754 349 797 ex
365 734 534 816 religione
548 734 593 798 de
608 734 776 816 conjugiis
788 735 958 815 cogitant,
971 733 1147 815 praecedit
1160 750 1216 793 con
1242 718 1291 755 ²

124 831 256 912 jugium
269 830 420 912 spiritus,
431 839 469 892 et
480 830 633 912 sequitur
647 829 821 910 corporis;
842 838 880 891 et
891 827 941 890 illi
953 835 1046 901 sunt,
1058 827 1148 908 apud
1159 844 1199 907 qu

128 945 226 988 amor
237 924 394 987 ascendit
406 943 525 986 versus
536 924 698 995 animam,
708 932 745 986 et
756 942 803 985 ex
814 921 1001 985 altitudine
1012 922 1092 984 inde
1102 906 1325 983 desecas

129 1020 179 1081 dit
205 1019 264 1096 (de
290 1018 413 1100 quibus
439 1038 552 1100 supra,
575 1037 607 1080 n.
628 1018 729 1098 302);
757 1017 880 1079 horum
902 1017 1039 1079 animae
1063 1016 1109 1078 ab
1132 1000 1325 1078 amoreb

129 1114 306 1177 illimitato
320 1132 427 1175 sexus
442 1133 480 1175 se
495 1122 670 1194 separant,
686 1121 723 1175 et
740 1112 905 1175 addicant
920 1110 987 1174 ¹¹¹se
1002 1112 1071 1185 uni,
1088 1131 1165 1174 cum
1179 1130 1240 1193 quo
1267 1100 1325 1152 ί

129 1228 285 1271 seucum
308 1227 375 1289 qua
397 1208 643 1288 sempiternam
666 1226 706 1269 ac
728 1216 908 1269 aeternam
924 1207 1101 1279 unionem,
1119 1215 1155 1268 et
1177 1205 1243 1286 ejus
1287 1200 1325 1248 ²

131 1312 329 1366 crescentes
341 1302 587 1373 beatitudines.
600 1300 761 1383 spectant
776 1311 815 1365 ut
829 1301 986 1365 fomenta
998 1302 1072 1383 spei
1085 1301 1243 1363 continue
1298 1299 1325 1343 Ε

130 1398 319 1460 recreantis
335 1398 462 1458 mentis
479 1396 627 1458 illorum.
671 1394 740 1458 Sed
756 1396 860 1458 aliter
874 1416 1014 1477 prorsus
1029 1395 1121 1477 apud
1137 1395 1245 1457 incas·
1305 1410 1325 1424 ⁴

132 1502 200 1561 tos,
219 1491 375 1571 quisunt
393 1491 450 1571 qui
471 1510 541 1552 non
558 1510 604 1552 ex
623 1490 793 1570 religione
809 1489 854 1551 de
875 1488 1045 1570 conjugiis
1067 1497 1104 1552 et
1128 1489 1244 1550 horum
1322 1504 1325 1532 ²

131 1583 329 1656 sanctitate,
345 1585 527 1665 cogitant3
553 1585 644 1665 apud
662 1585 727 1646 hos
744 1594 800 1647 est
816 1583 1014 1666 conjugium
1031 1584 1198 1665 corporis,
1213 1593 1246 1645 et
1322 1591 1325 1597 “

131 1678 262 1740 nullum
273 1678 413 1759 spiritus
426 1699 434 1753 ;
453 1679 480 1740 si
491 1678 620 1760 aliquid
631 1677 779 1758 conjugii
789 1678 928 1759 spiritus
936 1687 1094 1759 apparet.
1105 1678 1247 1740 durante

131 1782 227 1835 statu
242 1773 536 1854 desponsationis,
556 1792 662 1853 usque
680 1773 759 1844 hoc,
778 1773 806 1834 si
824 1772 983 1835 ascendit
1001 1792 1064 1854 per
1081 1772 1247 1835 elevatio·

132 1886 211 1929 nem
223 1868 476 1947 cogitationum
492 1867 536 1929 de
552 1865 625 1937 illo,
636 1876 793 1928 attamen
807 1866 931 1929 recidit
942 1865 987 1927 ad
1003 1868 1247 1948 concupiscen-

132 1963 209 2033 tias,
224 1980 314 2042 quae
328 1981 348 2023 e
363 1980 466 2023 carne
481 1972 562 2022 sunt
577 1962 611 2022 in
627 1961 811 2022 voluntate
828 1959 912 2041 ejus,
929 1969 965 2022 et
981 1961 1030 2023 sic
1046 1980 1092 2023 ex
1108 1959 1248 2023 incastis

131 2056 176 2118 ibi
195 2074 362 2137 praeceps
378 2075 416 2117 se
430 2055 585 2117 demittit
604 2054 639 2116 in
655 2073 792 2135 corpus,
809 2069 849 2117 ac
867 2054 1024 2136 inquinat
1040 2055 1167 2117 ultima
1181 2054 1249 2134 ejus

131 2151 258 2213 amoris
273 2150 397 2212 ardore
412 2149 641 2223 illecebroso;
663 2169 709 2211 ex
727 2167 796 2229 quo
814 2149 902 2211 sicut
921 2149 955 2210 in
971 2149 1141 2230 principio
1156 2150 1248 2220 arsit,

132 2248 181 2309 ita
198 2245 315 2307 subito
331 2243 489 2313 deardet.
506 2253 542 2304 et
560 2243 633 2304 abit
652 2243 685 2304 in
703 2241 811 2322 frigus
825 2243 988 2317 brumae;
1011 2241 1101 2304 unde
1116 2242 1249 2305 accele-

131 2351 227 2402 ratur
254 2336 418 2400 defectus.
472 2336 763 2417 Desponsationis
784 2345 899 2398 status
920 2336 1012 2417 apud
1037 2334 1104 2398 hos
1126 2336 1187 2397 vix
1208 2335 1249 2396 ad

131 2432 225 2495 aliud
240 2431 349 2512 juvat.
368 2449 471 2512 quam
490 2440 529 2493 ut
546 2430 848 2511 concupiscentias
865 2449 945 2491 suas
962 2429 1134 2510 impleant
1154 2428 1251 2492 lasci·

134 2528 196 2599 vis,
216 2538 251 2589 et
271 2547 316 2589 ex
336 2525 404 2587 illis
422 2524 618 2606 conjugiale
637 2525 765 2587 amoris
782 2525 1005 2588 intaminent.

192 2635 296 2703 3⁰5.
319 2620 398 2699 (ix.)
425 2618 523 2696 Quod
538 2620 636 2681 intra
652 2627 782 2698 tempas
798 2618 1072 2699 desponsationis
1090 2638 1157 2680 non
1177 2618 1252 2681 lice·

133 2726 171 2778 nt
183 2715 406 2795 corporaliter
418 2715 576 2796 conjungi
582 2736 597 2785 ,·
618 2715 667 2775 ita
684 2713 776 2776 enim
798 2715 896 2785 ordo,
912 2714 970 2794 qui
992 2713 1181 2794 inscriptus
1201 2722 1253 2774 est

133 2811 242 2872 amori
260 2808 456 2889 conjugiali.
475 2809 576 2889 perit.
619 2806 707 2870 Sunt
728 2809 820 2870 enim
842 2809 875 2871 in
899 2808 1074 2870 mentibus
1096 2808 1254 2870 humanis

135 2916 206 2965 tres
229 2904 400 2983 regiones,
426 2922 568 2984 quarum
591 2921 752 2984 suprema
773 2913 918 2965 vocatur
938 2902 1115 2973 caelestis,
1140 2903 1255 2964 media

133 2997 331 3077 spiritualis.
342 3005 378 3058 et
391 2995 507 3059 infima
519 2997 687 3060 naturalis
700 3018 709 3072 3
727 2997 760 3058 in
771 2995 885 3059 infima
895 2995 961 3058 hac
972 2997 1126 3058 nascitur
1137 2996 1254 3070 homo,

133 3103 170 3154 at
186 3093 220 3153 in
236 3092 446 3172 superiorem
458 3091 542 3172 ejus,
555 3112 643 3173 quae
653 3102 799 3154 vocatur
807 3090 1006 3172 spiritualis,
1019 3091 1182 3153 ascendit
1197 3110 1257 3171 per

134 3187 242 3247 vitam
254 3186 445 3248 secundum
457 3206 538 3248 vera
550 3186 740 3266 religionis.
753 3196 788 3248 et
802 3186 836 3247 in
849 3202 1047 3265 supremam
1061 3203 1123 3264 per
1134 3183 1255 3264 conju-

135 3280 228 3359 gium
239 3281 367 3341 amoris
379 3290 415 3341 et
427 3281 630 3360 sapientiae.
673 3279 714 3341 ln
732 3280 874 3360 regione
886 3277 1016 3349 infima,
1028 3297 1119 3359 quae
1131 3287 1259 3341 vocata

134 3385 187 3436 est
199 3374 376 3443 naturalis.
388 3375 542 3436 resident
554 3394 677 3437 omnes
686 3374 988 3455 concupiscentiae
998 3372 1093 3446 mali,
1103 3383 1140 3435 et
1154 3373 1259 3434 lasci·

135 3471 209 3531 viae
223 3491 231 3541 ;
253 3471 288 3532 in
300 3470 442 3549 regione
455 3481 571 3532 autem
584 3471 772 3551 superiore.
784 3488 872 3551 quae
884 3477 1012 3530 vocata
1026 3476 1082 3528 est
1095 3467 1259 3548 spiritua·

136 3565 188 3633 lis.
208 3584 277 3627 non
295 3574 375 3626 sunt
393 3564 528 3645 aliquae
546 3564 850 3645 concupiscentiae
867 3561 1004 3624 maliet
1027 3561 1205 3634 lasciviae,
1224 3561 1258 3624 in

136 3659 224 3720 lranc
243 3661 334 3722 enim
353 3660 459 3721 homo
477 3661 649 3722 inducitur
665 3679 686 3721 a
709 3658 873 3732 Domino,
891 3675 969 3720 cum
987 3657 1204 3731 renascitur;
1225 3657 1259 3717 in

136 3773 296 3833 suprema
323 3767 441 3816 autem
471 3756 625 3835 regione,
653 3772 742 3834 quae
769 3762 897 3813 uocata
923 3760 979 3812 est
1006 3749 1185 3823 caelestis,
1205 3759 1260 3812 est

135 3853 283 3914 castitas
301 3852 505 3933 coniugialis
523 3853 556 3912 in
576 3870 638 3912 suo
656 3868 794 3923 amore;
817 3848 850 3909 in
870 3847 960 3908 hanc
975 3845 1136 3908 elevatur
1151 3846 1261 3908 homo

137 3966 198 4027 per
219 3967 372 4010 amorem
396 3966 528 4013 usuum.
550 3958 588 4009 et
609 3945 689 4027 quia
710 3964 756 4006 ex
778 3942 947 4023 conjugiis
967 3950 1049 4003 sunt
1071 3950 1261 4021 praestan·

137 4041 261 4103 tissimi
289 4062 381 4108 usus,
404 4062 465 4122 per
491 4060 646 4104 amorem
674 4059 755 4102 vere
777 4035 1031 4118 coniugialem:
1064 4055 1112 4097 ex
1141 4034 1197 4096 his
1225 4035 1260 4096 in

136 4138 344 4215 compendio
359 4136 466 4198 videri
482 4148 613 4217 potest.
625 4135 718 4216 quod
732 4130 1048 4212 amorconjugialis
1062 4150 1082 4192 a
1098 4130 1260 4211 primitiis

138 4229 188 4288 sui
213 4229 337 4292 caloris
364 4251 384 4293 e
410 4231 552 4310 regione
576 4228 692 4291 intima
713 4227 904 4291 elevandus
934 4227 979 4288 sit
1011 4226 1045 4287 in
1077 4226 1259 4305 regionem

138 4325 359 4401 superiorem.
376 4338 413 4387 ur
437 4325 494 4387 tint
518 4334 648 4387 castus.
666 4342 706 4384 ac
728 4332 766 4384 ut
789 4322 838 4384 sic
859 4341 906 4383 ex
928 4329 1029 4383 casto
1050 4319 1260 4381 demittatur

139 4436 199 4498 per
214 4420 389 4498 regionem
403 4422 551 4484 mediam
567 4430 603 4482 et
619 4417 770 4481 infimam
785 4416 820 4479 in
835 4434 960 4498 corpus
973 4435 983 4492 ;
1004 4414 1194 4496 quodcum
1209 4410 1256 4484 fit,
