2850 5026
405 481 456 532 nn
478 479 614 531 anona
636 477 956 544 comnenus-rr.
976 463 1028 528 62.
1236 477 1276 547 57

154 653 256 729 bona,
280 662 317 717 et
347 652 461 716 omnia
484 672 570 734 quae
601 660 681 715 sunt
704 649 894 732 sapientiae
920 658 1089 713 vocantur
1110 669 1211 727 vera;
1238 659 1276 713 et

154 750 232 831 quia
260 748 305 810 ab
334 747 416 828 Ipso
445 757 483 809 ut
511 745 675 811 Creatore
704 745 895 827 procedunt
925 744 983 808 illa
1013 745 1091 820 du0‚
1122 744 1275 827 sequitur

154 844 243 926 quod
274 844 308 906 in
332 842 456 906 creatis
478 841 546 905 sint
575 840 635 904 illa
661 841 740 904 duo.
785 839 863 903 Hoc
887 839 1049 902 illustrari
1072 850 1190 920 potest
1214 860 1274 921 per

154 938 303 1002 calorem
333 948 368 1001 et
398 937 520 1012 lucem,
544 957 629 1018 quae
659 935 850 1017 procedunt
879 956 900 997 a
926 935 1021 998 sole:
1050 957 1095 998 ex
1119 935 1171 998 his
1194 946 1274 999 sunt

154 1033 268 1096 omnia
296 1033 439 1107 telluris,
470 1032 666 1112 germinant
696 1031 786 1092 enim
820 1030 1009 1093 secundum
1042 1031 1272 1111 praesentiam

153 1126 299 1201 illorum,
330 1136 367 1190 et
396 1127 584 1189 secundum
614 1122 889 1205 conjunctionem
920 1123 1076 1202 illorum;
1111 1145 1150 1188 ac
1179 1124 1273 1188 calor

154 1222 318 1285 naturalis
341 1220 588 1303 correspondet
612 1220 717 1283 calori
744 1218 922 1301 spirituali,
942 1220 998 1301 qui
1022 1228 1075 1282 est
1098 1239 1214 1297 am0r;
1239 1230 1274 1282 et

153 1315 212 1379 lux
229 1315 393 1380 naturalis
411 1315 658 1397 correspondet
677 1312 745 1378 luci
763 1312 939 1395 spirituali,
959 1324 1118 1396 quaeest
1136 1314 1271 1396 sapien-

155 1412 211 1475 tia.

213 1507 282 1572 61.
313 1503 417 1586 Quod
437 1524 533 1568 amor
548 1502 748 1586 conjugialis
767 1505 932 1586 procedat
951 1525 996 1566 ex
1013 1501 1172 1586 conjugio
1190 1504 1272 1568 boni

154 1608 187 1664 et
204 1600 287 1673 veri,
307 1600 341 1663 in
364 1608 530 1682 sequente
554 1596 786 1663 transadtione
810 1618 869 1662 seu
892 1599 1109 1680 paragrapho
1128 1600 1271 1662 demon·

152 1694 333 1773 strabitur3
368 1694 423 1757 hic
446 1695 558 1757 solum
581 1694 761 1758 adducitur
783 1693 868 1758 illud
892 1703 1034 1776 propter
1057 1714 1208 1768 causam,
1233 1703 1271 1759 ut

151 1789 307 1853 videatur
323 1789 415 1870 quod
434 1789 492 1851 ille
508 1808 604 1851 amor
618 1789 663 1852 sit
680 1787 851 1862 caelestis,
869 1788 1052 1871 spiritualis
1067 1798 1104 1851 et
1120 1786 1269 1865 sanctus,

151 1884 225 1966 quia
240 1899 291 1946 'ex
310 1882 464 1958 caelesti,
482 1883 649 1965 spirituaii
668 1893 704 1946 et
722 1881 842 1947 sand‘ta
861 1884 1001 1964 origine.
1046 1883 1097 1947 Ut
1114 1884 1270 1947 videatur

150 1978 240 2060 quod
259 1977 357 2057 origo
375 1978 500 2040 amoris
516 1977 716 2059 coniugialia
736 1979 780 2040 sit
799 1998 844 2040 ex
863 1977 1022 2059 conjugio
1038 1978 1119 2040 boni
1135 1987 1171 2040 et
1187 1977 1268 2052 veri,

150 2073 295 2135 interest
317 2082 355 2135 ut
378 2069 504 2154 aliquid
527 2072 561 2134 in
584 2072 678 2135 brevi
701 2072 906 2154 compendio
924 2073 967 2135 de
990 2093 1032 2135 eo
1052 2072 1106 2135 hic
1126 2073 1269 2136 dicatur.

151 2164 234 2229 Mox
254 2186 357 2248 supra
375 2163 503 2229 diftum
520 2177 584 2240 est,
602 2168 693 2249 quod
711 2167 745 2229 in
762 2166 919 2230 omnibus
935 2176 971 2230 et
987 2167 1130 2247 singulis
1147 2168 1270 2230 creatis

149 2262 192 2324 sit
210 2258 407 2341 conjunctio
426 2256 534 2324 [¹³boni
558 2271 594 2324 et
613 2263 694 2336 veri,
715 2272 750 2324 et
775 2259 969 2342 conjundtio
992 2281 1061 2324 non
1085 2262 1186 2324 datur
1205 2262 1268 2323 nisi

149 2358 192 2418 sit
207 2358 397 2437 reciproca,
411 2376 490 2419 nam
507 2354 702 2436 conjundlio
717 2357 761 2420 ab
777 2377 844 2420 una
860 2367 968 2438 parte,
982 2369 1018 2420 et
1035 2377 1103 2419 non
1120 2357 1268 2419 vicissim

149 2451 190 2513 ab
206 2450 327 2524 altera,
346 2472 391 2513 ex
410 2472 445 2513 se
462 2449 624 2528 solvitur;
650 2471 737 2513 nunc
755 2452 833 2532 quia
851 2461 905 2513 est
921 2448 1115 2530 conjundlio
1134 2450 1215 2513 boni
1234 2460 1269 2514 et

150 2546 230 2619 veri,
252 2553 288 2608 et
308 2544 393 2608 haec
413 2546 597 2627 reciproca,
617 2546 770 2628 sequitur
788 2545 879 2628 quod
902 2546 946 2608 sit
965 2565 1081 2608 verum
1105 2544 1186 2608 boni
1208 2565 1268 2607 seu

148 2659 264 2703 verum
288 2660 334 2703 ex
361 2640 465 2713 bono,
490 2652 526 2703 et
549 2640 640 2720 quod
662 2642 708 2703 sit
731 2641 859 2703 bonurn
881 2641 951 2703 veri
981 2661 1041 2702 seu
1071 2640 1198 2703 bonum
1221 2660 1268 2702 ex

149 2753 252 2812 ver0;
275 2734 366 2816 quod
382 2754 500 2796 verum
516 2734 596 2797 boni
615 2754 675 2797 seu
689 2755 807 2798 verum
823 2756 868 2798 ex
884 2735 976 2798 bono
992 2736 1036 2797 sit
1052 2736 1086 2798 in
1102 2734 1266 2810 masculo,

148 2837 183 2891 et
206 2829 297 2911 quod
320 2829 365 2892 sit
388 2830 499 2910 ipsum
523 2829 758 2904 masculinum,
782 2849 822 2892 ac
846 2831 937 2912 quod
965 2829 1091 2892 bonum
1114 2830 1185 2891 veri
1207 2849 1271 2897 seu

148 2923 273 2986 bonum
290 2944 335 2986 ex
351 2944 433 2986 vero
449 2925 492 2986 sit
512 2925 545 2986 in
561 2923 697 2999 femina,
711 2934 747 2987 et
763 2925 853 3007 quod
871 2926 915 2987 sit
932 2926 1040 3007 ipsum
1057 2924 1267 2998 femininum,

149 3028 219 3081 tum
232 3018 324 3100 quod
341 3020 421 3081 unio
437 3017 637 3100 conjugialis
653 3020 699 3084 sit
715 3020 805 3083 inter
816 3018 876 3082 illa
892 3020 969 3093 duo,
984 3021 1017 3082 in
1035 3016 1267 3083 transad‘tione

149 3115 304 3193 proxime
324 3122 489 3196 sequente
508 3114 699 3192 videbitur;
723 3114 757 3176 id
779 3113 834 3177 hic
854 3124 1074 3190 memoratur,
1094 3123 1131 3177 ut
1154 3113 1268 3196 aliqua

148 3207 393 3288 praeliminaris
412 3208 488 3269 idea
504 3208 549 3270 sit
568 3207 611 3270 de
630 3228 682 3271 eo.
1278 3269 1281 3274 ,

209 3300 280 3364 62.
312 3301 386 3383 (iii.)
409 3299 506 3376 Quod
530 3302 623 3365 itlius
652 3301 778 3365 amoris
806 3301 1094 3382 correspondentia
1122 3301 1169 3365 sit
1194 3323 1266 3366 cum

147 3396 296 3478 confirgr‘o
313 3396 451 3458 Domrm'
462 3405 495 3459 et
508 3396 695 3471 Ecclesiae,⁸
717 3396 782 3460 hoc
803 3407 867 3471 est,
884 3398 974 3479 quod
993 3398 1081 3460 sicut
1099 3396 1267 3460 Dominus

148 3500 241 3553 amat
260 3490 453 3566 ecclesiam,
473 3511 513 3553 ac
533 3491 607 3554 vult
626 3501 664 3555 ut
683 3491 827 3555 ecclesia
845 3501 938 3554 amet
958 3491 1083 3573 Ipsum,
1100 3493 1149 3555 ita
1166 3493 1264 3554 mari·

149 3593 203 3646 tus
225 3594 261 3648 et
285 3606 373 3647 uxor
395 3605 432 3648 se
456 3596 574 3647 mutuo
597 3595 733 3663 ament3
757 3585 848 3668 quod
867 3581 1199 3668 ¹²¹correspondentia
1221 3588 1267 3650 sit

149 3679 234 3742 inter
253 3679 351 3754 illa,
343 3700 376 3742 rn
395 3679 477 3743 orbe
496 3679 690 3744 Christiano
706 3691 825 3744 notum
842 3690 905 3755 est,
922 3681 982 3744 sed
998 3680 1107 3763 qualis
1126 3681 1184 3744 illa
1200 3692 1266 3756 est,

149 3775 298 3837 nondum
319 3783 439 3837 notum
455 3785 520 3848 est,
538 3795 642 3857 quare
658 3775 717 3838 illa
733 3776 1061 3856 correspondentia
1054 3796 1086 3838 rn
1103 3776 1266 3857 singulari

148 3868 373 3950 paragrapho,
394 3871 449 3951 qui
468 3871 574 3932 etiam
594 3873 755 3953 sequitur,
775 3870 1037 3953 explanabitur:
1062 3871 1117 3934 hic
1134 3890 1264 3933 merno-

149 3972 240 4026 ratur
255 3962 325 4037 illa,
339 3974 479 4046 propter
494 3965 607 4039 finem,
622 3975 658 4029 ut
675 3967 831 4030 videatur
847 3967 936 4048 quod
954 3984 1049 4030 amor
1064 3966 1265 4047 conjugialis

149 4057 193 4121 sit
226 4057 398 4131 caelestis,
432 4060 626 4139 spiritualis,
661 4070 697 4124 et
729 4058 877 4134 sandius,
908 4061 985 4141 quia
1019 4059 1266 4141 correspondet

148 4151 299 4226 caelesti,
319 4151 485 4234 spirituali
504 4163 540 4215 et
559 4152 679 4218 sandlo
697 4153 855 4235 conjugio
874 4154 1012 4217 Domini
1034 4165 1069 4217 et
1089 4153 1265 4219 ecclesiae.

150 4244 247 4309 Haec
278 4247 582 4327 correspondentia
612 4249 717 4310 etiam
741 4250 893 4330 sequitur
915 4269 960 4311 ex
987 4250 1116 4330 origine
1139 4247 1265 4310 amoris

149 4339 349 4422 conjugialis
376 4361 420 4404 ex
450 4341 609 4422 conjugio
631 4343 711 4405 boni
734 4354 770 4406 et
793 4345 873 4419 veri,
898 4344 940 4406 de
964 4364 1030 4424 qua
1058 4344 1091 4405 in
1118 4341 1265 4404 articulo

149 4436 388 4517 praecedente,
405 4437 483 4518 quia
499 4435 691 4519 conjugium
707 4438 787 4500 boni
807 4447 843 4502 et
858 4438 929 4500 veri
944 4446 998 4501 est
1014 4435 1159 4500 ecclesia
1174 4434 1265 4516 apud
