<?xml version="1.0" encoding="UTF-8"?>
<!DOCTYPE html PUBLIC "-//W3C//DTD XHTML 1.0 Transitional//EN"
    "http://www.w3.org/TR/xhtml1/DTD/xhtml1-transitional.dtd">
<html xmlns="http://www.w3.org/1999/xhtml" xml:lang="en" lang="en">
 <head>
  <title>
</title>
<meta http-equiv="Content-Type" content="text/html;charset=utf-8" />
  <meta name='ocr-system' content='tesseract 3.04.00' />
  <meta name='ocr-capabilities' content='ocr_page ocr_carea ocr_par ocr_line ocrx_word'/>
</head>
<body>
  <div class='ocr_page' id='page_1' title='image "./deliciaesapient00swedgoog_0129.png"; bbox 0 0 2782 5026; ppageno 0'>
   <div class='ocr_carea' id='block_1_1' title="bbox 137 443 916 499">
    <p class='ocr_par' dir='ltr' id='par_1_1' title="bbox 137 443 916 499">
     <span class='ocr_line' id='line_1_1' title="bbox 137 443 916 499; baseline 0 -2"><span class='ocrx_word' id='word_1_1' title='bbox 137 444 202 499; x_wconf 77' lang='grc'>110</span> <span class='ocrx_word' id='word_1_2' title='bbox 478 443 663 496; x_wconf 73' lang='lat' dir='ltr'>mutem</span> <span class='ocrx_word' id='word_1_3' title='bbox 684 443 916 497; x_wconf 61' lang='lat' dir='ltr'>smum!</span> 
     </span>
    </p>
   </div>
   <div class='ocr_carea' id='block_1_2' title="bbox 127 614 1260 3814">
    <p class='ocr_par' dir='ltr' id='par_1_2' title="bbox 130 614 1260 1927">
     <span class='ocr_line' id='line_1_2' title="bbox 130 614 1254 700; baseline 0.004 -20"><span class='ocrx_word' id='word_1_4' title='bbox 130 616 228 699; x_wconf 79' lang='lat' dir='ltr'>jugio</span> <span class='ocrx_word' id='word_1_5' title='bbox 255 615 339 679; x_wconf 86' lang='lat' dir='ltr'>boni</span> <span class='ocrx_word' id='word_1_6' title='bbox 366 624 404 679; x_wconf 85' lang='lat' dir='ltr'>et</span> <span class='ocrx_word' id='word_1_7' title='bbox 431 616 504 679; x_wconf 77' lang='lat' dir='ltr'>ueri</span> <span class='ocrx_word' id='word_1_8' title='bbox 531 615 724 679; x_wconf 86' lang='lat' dir='ltr'>descendit.</span> <span class='ocrx_word' id='word_1_9' title='bbox 768 614 831 697; x_wconf 82' lang='lat'><strong>(3.)</strong></span> <span class='ocrx_word' id='word_1_10' title='bbox 857 614 949 698; x_wconf 89' lang='lat' dir='ltr'>Quia</span> <span class='ocrx_word' id='word_1_11' title='bbox 975 626 1033 681; x_wconf 83' lang='lat' dir='ltr'>est</span> <span class='ocrx_word' id='word_1_12' title='bbox 1060 620 1254 700; x_wconf 84' lang='lat' dir='ltr'>spiritualis,</span> 
     </span>
     <span class='ocr_line' id='line_1_3' title="bbox 133 710 1256 792; baseline 0.001 -16"><span class='ocrx_word' id='word_1_13' title='bbox 133 712 223 777; x_wconf 86' lang='lat' dir='ltr'>sicut</span> <span class='ocrx_word' id='word_1_14' title='bbox 248 724 304 775; x_wconf 90' lang='lat' dir='ltr'>est</span> <span class='ocrx_word' id='word_1_15' title='bbox 329 710 478 773; x_wconf 87' lang='lat' dir='ltr'>ecclesia</span> <span class='ocrx_word' id='word_1_16' title='bbox 500 711 593 792; x_wconf 88' lang='lat' dir='ltr'>apud</span> <span class='ocrx_word' id='word_1_17' title='bbox 618 710 804 773; x_wconf 83' lang='lat' dir='ltr'>hominem.</span> <span class='ocrx_word' id='word_1_18' title='bbox 864 712 924 791; x_wconf 55' lang='grc' dir='ltr'>μ)</span> <span class='ocrx_word' id='word_1_19' title='bbox 961 711 1054 792; x_wconf 88' lang='lat' dir='ltr'>Quia</span> <span class='ocrx_word' id='word_1_20' title='bbox 1079 726 1137 777; x_wconf 81' lang='lat' dir='ltr'>est</span> <span class='ocrx_word' id='word_1_21' title='bbox 1162 735 1256 777; x_wconf 83' lang='lat' dir='ltr'>amor</span> 
     </span>
     <span class='ocr_line' id='line_1_4' title="bbox 132 804 1256 886; baseline 0.002 -16"><span class='ocrx_word' id='word_1_22' title='bbox 132 804 413 879; x_wconf 81' lang='lat' dir='ltr'>fundamentalis,</span> <span class='ocrx_word' id='word_1_23' title='bbox 435 815 473 868; x_wconf 89' lang='lat' dir='ltr'>et</span> <span class='ocrx_word' id='word_1_24' title='bbox 496 816 603 886; x_wconf 88' lang='lat' dir='ltr'>caput</span> <span class='ocrx_word' id='word_1_25' title='bbox 628 807 781 868; x_wconf 88' lang='lat' dir='ltr'>omnium</span> <span class='ocrx_word' id='word_1_26' title='bbox 807 825 963 868; x_wconf 89' lang='lat' dir='ltr'>amorum</span> <span class='ocrx_word' id='word_1_27' title='bbox 986 808 1196 871; x_wconf 84' lang='lat' dir='ltr'>caelestium</span> <span class='ocrx_word' id='word_1_28' title='bbox 1221 824 1256 872; x_wconf 88' lang='lat' dir='ltr'>et</span> 
     </span>
     <span class='ocr_line' id='line_1_5' title="bbox 132 897 1256 984; baseline 0.002 -19"><span class='ocrx_word' id='word_1_29' title='bbox 132 900 370 983; x_wconf 70' lang='lat' dir='ltr'>spiritualium.</span> <span class='ocrx_word' id='word_1_30' title='bbox 426 899 439 971; x_wconf 84' lang='lat'><em>(</em></span> <span class='ocrx_word' id='word_1_31' title='bbox 444 900 488 981; x_wconf 82' lang='lat'>3.)</span> <span class='ocrx_word' id='word_1_32' title='bbox 512 897 602 980; x_wconf 89' lang='lat' dir='ltr'>Quia</span> <span class='ocrx_word' id='word_1_33' title='bbox 628 910 685 962; x_wconf 86' lang='lat' dir='ltr'>est</span> <span class='ocrx_word' id='word_1_34' title='bbox 710 899 840 981; x_wconf 85' lang='lat' dir='ltr'>justum</span> <span class='ocrx_word' id='word_1_35' title='bbox 869 904 1092 964; x_wconf 86' lang='lat' dir='ltr'>seminarium</span> <span class='ocrx_word' id='word_1_36' title='bbox 1121 906 1256 984; x_wconf 88' lang='lat' dir='ltr'>generis</span> 
     </span>
     <span class='ocr_line' id='line_1_6' title="bbox 132 993 1256 1076; baseline 0.002 -17"><span class='ocrx_word' id='word_1_37' title='bbox 132 994 285 1069; x_wconf 81' lang='lat' dir='ltr'>humani,</span> <span class='ocrx_word' id='word_1_38' title='bbox 308 1006 346 1058; x_wconf 93' lang='lat' dir='ltr'>et</span> <span class='ocrx_word' id='word_1_39' title='bbox 368 1015 415 1057; x_wconf 84' lang='lat' dir='ltr'>ex</span> <span class='ocrx_word' id='word_1_40' title='bbox 437 995 503 1057; x_wconf 86' lang='lat' dir='ltr'>hoc</span> <span class='ocrx_word' id='word_1_41' title='bbox 525 994 614 1057; x_wconf 87' lang='lat' dir='ltr'>caeli</span> <span class='ocrx_word' id='word_1_42' title='bbox 635 993 794 1075; x_wconf 79' lang='lat' dir='ltr'>angelici.</span> <span class='ocrx_word' id='word_1_43' title='bbox 842 995 902 1074; x_wconf 76' lang='lat'><strong>(6.)</strong></span> <span class='ocrx_word' id='word_1_44' title='bbox 929 993 1020 1076; x_wconf 87' lang='lat' dir='ltr'>Quia</span> <span class='ocrx_word' id='word_1_45' title='bbox 1045 998 1129 1059; x_wconf 89' lang='lat' dir='ltr'>ideo</span> <span class='ocrx_word' id='word_1_46' title='bbox 1150 999 1256 1061; x_wconf 88' lang='lat' dir='ltr'>etiam</span> 
     </span>
     <span class='ocr_line' id='line_1_7' title="bbox 132 1088 1257 1175; baseline 0.001 -21"><span class='ocrx_word' id='word_1_47' title='bbox 132 1100 189 1155; x_wconf 88' lang='lat' dir='ltr'>est</span> <span class='ocrx_word' id='word_1_48' title='bbox 204 1091 296 1172; x_wconf 88' lang='lat' dir='ltr'>apud</span> <span class='ocrx_word' id='word_1_49' title='bbox 315 1088 460 1170; x_wconf 89' lang='lat' dir='ltr'>angelos</span> <span class='ocrx_word' id='word_1_50' title='bbox 474 1088 574 1162; x_wconf 89' lang='lat' dir='ltr'>caeli,</span> <span class='ocrx_word' id='word_1_51' title='bbox 589 1099 627 1152; x_wconf 91' lang='lat' dir='ltr'>et</span> <span class='ocrx_word' id='word_1_52' title='bbox 644 1109 692 1151; x_wconf 89' lang='lat' dir='ltr'>ex</span> <span class='ocrx_word' id='word_1_53' title='bbox 710 1110 754 1152; x_wconf 88' lang='lat' dir='ltr'>eo</span> <span class='ocrx_word' id='word_1_54' title='bbox 768 1091 859 1170; x_wconf 91' lang='lat' dir='ltr'>apud</span> <span class='ocrx_word' id='word_1_55' title='bbox 878 1089 956 1152; x_wconf 87' lang='lat' dir='ltr'>illos</span> <span class='ocrx_word' id='word_1_56' title='bbox 972 1103 1166 1154; x_wconf 74' lang='lat' dir='ltr'>nascimtur</span> <span class='ocrx_word' id='word_1_57' title='bbox 1180 1114 1257 1175; x_wconf 88' lang='lat' dir='ltr'>pro·</span> 
     </span>
     <span class='ocr_line' id='line_1_8' title="bbox 132 1184 1260 1270; baseline 0.002 -22"><span class='ocrx_word' id='word_1_58' title='bbox 132 1184 186 1248; x_wconf 89' lang='lat' dir='ltr'>les</span> <span class='ocrx_word' id='word_1_59' title='bbox 202 1184 408 1266; x_wconf 72' lang='lat' dir='ltr'>spirituales,</span> <span class='ocrx_word' id='word_1_60' title='bbox 426 1204 516 1266; x_wconf 89' lang='lat' dir='ltr'>quae</span> <span class='ocrx_word' id='word_1_61' title='bbox 533 1193 614 1246; x_wconf 91' lang='lat' dir='ltr'>sunt</span> <span class='ocrx_word' id='word_1_62' title='bbox 632 1203 732 1246; x_wconf 88' lang='lat' dir='ltr'>amor</span> <span class='ocrx_word' id='word_1_63' title='bbox 744 1195 783 1247; x_wconf 90' lang='lat' dir='ltr'>et</span> <span class='ocrx_word' id='word_1_64' title='bbox 799 1186 981 1267; x_wconf 72' lang='lat' dir='ltr'>sapientia</span> <span class='ocrx_word' id='word_1_65' title='bbox 1027 1186 1090 1266; x_wconf 84' lang='lat'><em>(7.)</em></span> <span class='ocrx_word' id='word_1_66' title='bbox 1116 1186 1167 1250; x_wconf 80' lang='lat' dir='ltr'>Et</span> <span class='ocrx_word' id='word_1_67' title='bbox 1182 1189 1260 1270; x_wconf 87' lang='lat' dir='ltr'>quia</span> 
     </span>
     <span class='ocr_line' id='line_1_9' title="bbox 133 1278 1258 1360; baseline 0.003 -19"><span class='ocrx_word' id='word_1_68' title='bbox 133 1280 183 1343; x_wconf 86' lang='lat' dir='ltr'>sic</span> <span class='ocrx_word' id='word_1_69' title='bbox 212 1298 294 1341; x_wconf 92' lang='lat' dir='ltr'>usus</span> <span class='ocrx_word' id='word_1_70' title='bbox 321 1278 394 1359; x_wconf 89' lang='lat' dir='ltr'>ejus</span> <span class='ocrx_word' id='word_1_71' title='bbox 421 1290 477 1341; x_wconf 92' lang='lat' dir='ltr'>est</span> <span class='ocrx_word' id='word_1_72' title='bbox 506 1279 738 1359; x_wconf 76' lang='lat' dir='ltr'>praestantior</span> <span class='ocrx_word' id='word_1_73' title='bbox 759 1278 897 1360; x_wconf 88' lang='lat' dir='ltr'>reliquis</span> <span class='ocrx_word' id='word_1_74' title='bbox 923 1280 1040 1341; x_wconf 90' lang='lat' dir='ltr'>usibus</span> <span class='ocrx_word' id='word_1_75' title='bbox 1062 1283 1258 1344; x_wconf 79' lang='lat' dir='ltr'>creationis.</span> 
     </span>
     <span class='ocr_line' id='line_1_10' title="bbox 132 1371 1257 1454; baseline 0.002 -17"><span class='ocrx_word' id='word_1_76' title='bbox 132 1371 191 1437; x_wconf 83' lang='lat' dir='ltr'>Ex</span> <span class='ocrx_word' id='word_1_77' title='bbox 213 1372 266 1437; x_wconf 85' lang='lat' dir='ltr'>his</span> <span class='ocrx_word' id='word_1_78' title='bbox 288 1374 451 1454; x_wconf 87' lang='lat' dir='ltr'>sequitur,</span> <span class='ocrx_word' id='word_1_79' title='bbox 469 1373 562 1454; x_wconf 89' lang='lat' dir='ltr'>quod</span> <span class='ocrx_word' id='word_1_80' title='bbox 583 1392 682 1435; x_wconf 90' lang='lat' dir='ltr'>arnor</span> <span class='ocrx_word' id='word_1_81' title='bbox 703 1393 784 1436; x_wconf 87' lang='lat' dir='ltr'>vere</span> <span class='ocrx_word' id='word_1_82' title='bbox 805 1374 1009 1454; x_wconf 76' lang='lat' dir='ltr'>coniugialis</span> <span class='ocrx_word' id='word_1_83' title='bbox 1030 1395 1079 1436; x_wconf 86' lang='lat' dir='ltr'>ex</span> <span class='ocrx_word' id='word_1_84' title='bbox 1102 1396 1168 1439; x_wconf 86' lang='lat' dir='ltr'>sua</span> <span class='ocrx_word' id='word_1_85' title='bbox 1190 1378 1257 1439; x_wconf 91' lang='lat' dir='ltr'>ori·</span> 
     </span>
     <span class='ocr_line' id='line_1_11' title="bbox 132 1464 1257 1551; baseline 0.002 -20"><span class='ocrx_word' id='word_1_86' title='bbox 132 1468 225 1551; x_wconf 87' lang='lat' dir='ltr'>gine,</span> <span class='ocrx_word' id='word_1_87' title='bbox 249 1469 343 1531; x_wconf 91' lang='lat' dir='ltr'>etin</span> <span class='ocrx_word' id='word_1_88' title='bbox 370 1487 432 1529; x_wconf 88' lang='lat' dir='ltr'>sua</span> <span class='ocrx_word' id='word_1_89' title='bbox 456 1468 609 1529; x_wconf 82' lang='lat' dir='ltr'>essentia</span> <span class='ocrx_word' id='word_1_90' title='bbox 634 1464 822 1548; x_wconf 71' lang='lat' dir='ltr'>speftatus,</span> <span class='ocrx_word' id='word_1_91' title='bbox 845 1470 891 1530; x_wconf 92' lang='lat' dir='ltr'>sit</span> <span class='ocrx_word' id='word_1_92' title='bbox 914 1489 1016 1549; x_wconf 90' lang='lat' dir='ltr'>purus</span> <span class='ocrx_word' id='word_1_93' title='bbox 1038 1480 1077 1532; x_wconf 91' lang='lat' dir='ltr'>et</span> <span class='ocrx_word' id='word_1_94' title='bbox 1100 1468 1257 1543; x_wconf 62' lang='lat' dir='ltr'>sancius,</span> 
     </span>
     <span class='ocr_line' id='line_1_12' title="bbox 131 1559 1258 1647; baseline 0.001 -21"><span class='ocrx_word' id='word_1_95' title='bbox 131 1562 223 1626; x_wconf 76' lang='lat' dir='ltr'>adeo</span> <span class='ocrx_word' id='word_1_96' title='bbox 248 1572 287 1625; x_wconf 89' lang='lat' dir='ltr'>ut</span> <span class='ocrx_word' id='word_1_97' title='bbox 309 1562 425 1625; x_wconf 84' lang='lat' dir='ltr'>vocari</span> <span class='ocrx_word' id='word_1_98' title='bbox 451 1563 562 1643; x_wconf 89' lang='lat' dir='ltr'>possit</span> <span class='ocrx_word' id='word_1_99' title='bbox 588 1563 719 1643; x_wconf 90' lang='lat' dir='ltr'>puritas</span> <span class='ocrx_word' id='word_1_100' title='bbox 742 1575 780 1625; x_wconf 92' lang='lat' dir='ltr'>et</span> <span class='ocrx_word' id='word_1_101' title='bbox 805 1559 984 1637; x_wconf 65' lang='lat' dir='ltr'>sanctitas,</span> <span class='ocrx_word' id='word_1_102' title='bbox 1007 1565 1157 1645; x_wconf 86' lang='lat' dir='ltr'>proinde</span> <span class='ocrx_word' id='word_1_103' title='bbox 1184 1567 1258 1647; x_wconf 81' lang='lat' dir='ltr'>ipsa</span> 
     </span>
     <span class='ocr_line' id='line_1_13' title="bbox 131 1656 1258 1742; baseline 0.003 -21"><span class='ocrx_word' id='word_1_104' title='bbox 131 1658 298 1734; x_wconf 88' lang='lat' dir='ltr'>castitas;</span> <span class='ocrx_word' id='word_1_105' title='bbox 319 1668 359 1719; x_wconf 88' lang='lat' dir='ltr'>at</span> <span class='ocrx_word' id='word_1_106' title='bbox 375 1656 469 1738; x_wconf 89' lang='lat' dir='ltr'>quod</span> <span class='ocrx_word' id='word_1_107' title='bbox 491 1675 599 1737; x_wconf 65' lang='lat' dir='ltr'>usqum</span> <span class='ocrx_word' id='word_1_108' title='bbox 621 1676 691 1719; x_wconf 90' lang='lat' dir='ltr'>non</span> <span class='ocrx_word' id='word_1_109' title='bbox 713 1657 758 1720; x_wconf 88' lang='lat' dir='ltr'>sit</span> <span class='ocrx_word' id='word_1_110' title='bbox 780 1656 871 1737; x_wconf 87' lang='lat' dir='ltr'>apud</span> <span class='ocrx_word' id='word_1_111' title='bbox 894 1657 1053 1720; x_wconf 87' lang='lat' dir='ltr'>homines</span> <span class='ocrx_word' id='word_1_112' title='bbox 1076 1679 1143 1722; x_wconf 87' lang='lat' dir='ltr'>nec</span> <span class='ocrx_word' id='word_1_113' title='bbox 1166 1662 1258 1742; x_wconf 88' lang='lat' dir='ltr'>apud</span> 
     </span>
     <span class='ocr_line' id='line_1_14' title="bbox 131 1750 1258 1837; baseline 0.004 -22"><span class='ocrx_word' id='word_1_114' title='bbox 131 1750 277 1832; x_wconf 80' lang='lat' dir='ltr'>angelos</span> <span class='ocrx_word' id='word_1_115' title='bbox 304 1751 503 1814; x_wconf 86' lang='lat' dir='ltr'>omnimode</span> <span class='ocrx_word' id='word_1_116' title='bbox 531 1770 644 1832; x_wconf 85' lang='lat' dir='ltr'>purus,</span> <span class='ocrx_word' id='word_1_117' title='bbox 668 1751 703 1812; x_wconf 90' lang='lat' dir='ltr'>in</span> <span class='ocrx_word' id='word_1_118' title='bbox 724 1750 871 1813; x_wconf 89' lang='lat' dir='ltr'>articulo</span> <span class='ocrx_word' id='word_1_119' title='bbox 891 1752 949 1826; x_wconf 84' lang='lat' dir='ltr'>vi,</span> <span class='ocrx_word' id='word_1_120' title='bbox 972 1771 1061 1814; x_wconf 90' lang='lat' dir='ltr'>nunc</span> <span class='ocrx_word' id='word_1_121' title='bbox 1085 1768 1258 1837; x_wconf 87' lang='lat' dir='ltr'>sequente</span> 
     </span>
     <span class='ocr_line' id='line_1_15' title="bbox 134 1842 481 1927; baseline -0.003 -20"><span class='ocrx_word' id='word_1_122' title='bbox 134 1842 183 1926; x_wconf 87' lang='lat' dir='ltr'>(n.</span> <span class='ocrx_word' id='word_1_123' title='bbox 206 1845 294 1927; x_wconf 77' lang='lat'>146),</span> <span class='ocrx_word' id='word_1_124' title='bbox 312 1845 481 1908; x_wconf 84' lang='lat' dir='ltr'>videatur.</span> 
     </span>
    </p>

    <p class='ocr_par' dir='ltr' id='par_1_3' title="bbox 128 1936 1258 3343">
     <span class='ocr_line' id='line_1_16' title="bbox 194 1936 1257 2025; baseline 0.007 -25"><span class='ocrx_word' id='word_1_125' title='bbox 194 1954 293 2024; x_wconf 72' lang='lat'>144.</span> <span class='ocrx_word' id='word_1_126' title='bbox 323 1936 387 2021; x_wconf 91' lang='lat' dir='ltr'>(v.)</span> <span class='ocrx_word' id='word_1_127' title='bbox 412 1936 511 2015; x_wconf 81' lang='lat' dir='ltr'>Quod</span> <span class='ocrx_word' id='word_1_128' title='bbox 523 1958 633 2001; x_wconf 78' lang='lat' dir='ltr'>mm</span> <span class='ocrx_word' id='word_1_129' title='bbox 650 1937 787 2001; x_wconf 73' lang='lat' dir='ltr'>delr&#39;criu</span> <span class='ocrx_word' id='word_1_130' title='bbox 802 1938 931 2001; x_wconf 80' lang='lat' dir='ltr'>amoris</span> <span class='ocrx_word' id='word_1_131' title='bbox 947 1960 1025 2002; x_wconf 78' lang='lat' dir='ltr'>vm</span> <span class='ocrx_word' id='word_1_132' title='bbox 1037 1942 1257 2025; x_wconf 76' lang='lat' dir='ltr'>conjsgrirlr&#39;s,</span> 
     </span>
     <span class='ocr_line' id='line_1_17' title="bbox 130 2031 1257 2118; baseline 0.004 -21"><span class='ocrx_word' id='word_1_133' title='bbox 130 2032 232 2097; x_wconf 60' lang='lat' dir='ltr'>etrum</span> <span class='ocrx_word' id='word_1_134' title='bbox 248 2031 395 2107; x_wconf 81' lang='lat' dir='ltr'>ultimae,</span> <span class='ocrx_word' id='word_1_135' title='bbox 414 2034 486 2096; x_wconf 77' lang='lat' dir='ltr'>sint</span> <span class='ocrx_word' id='word_1_136' title='bbox 500 2032 745 2096; x_wconf 64' lang='lat' dir='ltr'>cartu—Hoc</span> <span class='ocrx_word' id='word_1_137' title='bbox 765 2035 920 2116; x_wconf 90' lang='lat' dir='ltr'>sequitur</span> <span class='ocrx_word' id='word_1_138' title='bbox 936 2054 957 2096; x_wconf 92' lang='lat' dir='ltr'>a</span> <span class='ocrx_word' id='word_1_139' title='bbox 974 2054 1078 2114; x_wconf 90' lang='lat' dir='ltr'>supra</span> <span class='ocrx_word' id='word_1_140' title='bbox 1096 2038 1257 2118; x_wconf 84' lang='lat' dir='ltr'>explica·</span> 
     </span>
     <span class='ocr_line' id='line_1_18' title="bbox 130 2126 1257 2211; baseline 0.004 -20"><span class='ocrx_word' id='word_1_141' title='bbox 130 2127 189 2202; x_wconf 91' lang='lat' dir='ltr'>tis,</span> <span class='ocrx_word' id='word_1_142' title='bbox 207 2128 300 2211; x_wconf 88' lang='lat' dir='ltr'>quod</span> <span class='ocrx_word' id='word_1_143' title='bbox 323 2148 420 2191; x_wconf 88' lang='lat' dir='ltr'>amor</span> <span class='ocrx_word' id='word_1_144' title='bbox 437 2148 517 2191; x_wconf 88' lang='lat' dir='ltr'>vere</span> <span class='ocrx_word' id='word_1_145' title='bbox 539 2126 742 2209; x_wconf 89' lang='lat' dir='ltr'>conjugialis</span> <span class='ocrx_word' id='word_1_146' title='bbox 764 2130 810 2192; x_wconf 88' lang='lat' dir='ltr'>sit</span> <span class='ocrx_word' id='word_1_147' title='bbox 832 2129 908 2210; x_wconf 89' lang='lat' dir='ltr'>ipsa</span> <span class='ocrx_word' id='word_1_148' title='bbox 928 2129 1086 2201; x_wconf 91' lang='lat' dir='ltr'>castitas,</span> <span class='ocrx_word' id='word_1_149' title='bbox 1106 2150 1149 2193; x_wconf 92' lang='lat' dir='ltr'>ac</span> <span class='ocrx_word' id='word_1_150' title='bbox 1168 2134 1257 2196; x_wconf 91' lang='lat' dir='ltr'>deli·</span> 
     </span>
     <span class='ocr_line' id='line_1_19' title="bbox 131 2221 1257 2304; baseline 0.004 -18"><span class='ocrx_word' id='word_1_151' title='bbox 131 2223 207 2287; x_wconf 90' lang='lat' dir='ltr'>ciae</span> <span class='ocrx_word' id='word_1_152' title='bbox 218 2224 326 2286; x_wconf 88' lang='lat' dir='ltr'>vitam</span> <span class='ocrx_word' id='word_1_153' title='bbox 342 2221 433 2285; x_wconf 88' lang='lat' dir='ltr'>illius</span> <span class='ocrx_word' id='word_1_154' title='bbox 443 2222 592 2285; x_wconf 84' lang='lat' dir='ltr'>iaciunt:</span> <span class='ocrx_word' id='word_1_155' title='bbox 615 2222 708 2304; x_wconf 89' lang='lat' dir='ltr'>quod</span> <span class='ocrx_word' id='word_1_156' title='bbox 722 2221 866 2285; x_wconf 87' lang='lat' dir='ltr'>deliciae</span> <span class='ocrx_word' id='word_1_157' title='bbox 882 2222 973 2285; x_wconf 92' lang='lat' dir='ltr'>illius</span> <span class='ocrx_word' id='word_1_158' title='bbox 987 2226 1117 2286; x_wconf 88' lang='lat' dir='ltr'>amoris</span> <span class='ocrx_word' id='word_1_159' title='bbox 1130 2246 1257 2290; x_wconf 90' lang='lat' dir='ltr'>ascen·</span> 
     </span>
     <span class='ocr_line' id='line_1_20' title="bbox 130 2316 1258 2399; baseline 0.005 -19"><span class='ocrx_word' id='word_1_160' title='bbox 130 2316 216 2383; x_wconf 88' lang='lat' dir='ltr'>dant</span> <span class='ocrx_word' id='word_1_161' title='bbox 239 2338 280 2382; x_wconf 92' lang='lat' dir='ltr'>ac</span> <span class='ocrx_word' id='word_1_162' title='bbox 308 2317 440 2382; x_wconf 85' lang='lat' dir='ltr'>intrent</span> <span class='ocrx_word' id='word_1_163' title='bbox 462 2316 607 2390; x_wconf 89' lang='lat' dir='ltr'>caelum,</span> <span class='ocrx_word' id='word_1_164' title='bbox 629 2326 667 2379; x_wconf 92' lang='lat' dir='ltr'>et</span> <span class='ocrx_word' id='word_1_165' title='bbox 695 2316 731 2380; x_wconf 90' lang='lat' dir='ltr'>in</span> <span class='ocrx_word' id='word_1_166' title='bbox 756 2318 813 2380; x_wconf 81' lang='lat' dir='ltr'>via</span> <span class='ocrx_word' id='word_1_167' title='bbox 835 2327 1078 2398; x_wconf 84' lang='lat' dir='ltr'>pertranseant</span> <span class='ocrx_word' id='word_1_168' title='bbox 1103 2318 1258 2399; x_wconf 86' lang='lat' dir='ltr'>jucunda</span> 
     </span>
     <span class='ocr_line' id='line_1_21' title="bbox 129 2410 1257 2498; baseline 0.004 -23"><span class='ocrx_word' id='word_1_169' title='bbox 129 2430 284 2477; x_wconf 86' lang='lat' dir='ltr'>amorum</span> <span class='ocrx_word' id='word_1_170' title='bbox 301 2411 503 2475; x_wconf 89' lang='lat' dir='ltr'>caelestium</span> <span class='ocrx_word' id='word_1_171' title='bbox 526 2412 561 2474; x_wconf 90' lang='lat' dir='ltr'>in</span> <span class='ocrx_word' id='word_1_172' title='bbox 579 2410 701 2494; x_wconf 88' lang='lat' dir='ltr'>quibus</span> <span class='ocrx_word' id='word_1_173' title='bbox 716 2421 795 2474; x_wconf 84' lang='lat' dir='ltr'>sunt</span> <span class='ocrx_word' id='word_1_174' title='bbox 814 2411 931 2491; x_wconf 83' lang='lat' dir='ltr'>angeli</span> <span class='ocrx_word' id='word_1_175' title='bbox 946 2410 1047 2483; x_wconf 91' lang='lat' dir='ltr'>caeli,</span> <span class='ocrx_word' id='word_1_176' title='bbox 1065 2422 1142 2476; x_wconf 89' lang='lat' dir='ltr'>tum</span> <span class='ocrx_word' id='word_1_177' title='bbox 1162 2417 1257 2498; x_wconf 89' lang='lat' dir='ltr'>quod</span> 
     </span>
     <span class='ocr_line' id='line_1_22' title="bbox 129 2505 1256 2590; baseline 0.002 -19"><span class='ocrx_word' id='word_1_178' title='bbox 129 2526 167 2571; x_wconf 90' lang='lat' dir='ltr'>se</span> <span class='ocrx_word' id='word_1_179' title='bbox 196 2522 281 2571; x_wconf 87' lang='lat' dir='ltr'>cum&#39;</span> <span class='ocrx_word' id='word_1_180' title='bbox 303 2506 435 2570; x_wconf 91' lang='lat' dir='ltr'>deliciis</span> <span class='ocrx_word' id='word_1_181' title='bbox 462 2506 590 2569; x_wconf 88' lang='lat' dir='ltr'>amoris</span> <span class='ocrx_word' id='word_1_182' title='bbox 621 2505 823 2587; x_wconf 87' lang='lat' dir='ltr'>conjugialis</span> <span class='ocrx_word' id='word_1_183' title='bbox 852 2506 988 2568; x_wconf 92' lang='lat' dir='ltr'>illorum</span> <span class='ocrx_word' id='word_1_184' title='bbox 1023 2506 1256 2590; x_wconf 87' lang='lat' dir='ltr'>conjungant,</span> 
     </span>
     <span class='ocr_line' id='line_1_23' title="bbox 130 2599 1255 2684; baseline 0.002 -19"><span class='ocrx_word' id='word_1_185' title='bbox 130 2620 230 2684; x_wconf 85' lang='lat' dir='ltr'>supra</span> <span class='ocrx_word' id='word_1_186' title='bbox 253 2611 480 2665; x_wconf 88' lang='lat' dir='ltr'>memoratum</span> <span class='ocrx_word' id='word_1_187' title='bbox 502 2609 569 2664; x_wconf 87' lang='lat' dir='ltr'>est.</span> <span class='ocrx_word' id='word_1_188' title='bbox 612 2599 756 2681; x_wconf 84' lang='lat' dir='ltr'>Insuper</span> <span class='ocrx_word' id='word_1_189' title='bbox 777 2600 822 2662; x_wconf 96' lang='lat' dir='ltr'>ab</span> <span class='ocrx_word' id='word_1_190' title='bbox 843 2600 978 2681; x_wconf 87' lang='lat' dir='ltr'>angelis</span> <span class='ocrx_word' id='word_1_191' title='bbox 1004 2601 1163 2666; x_wconf 86' lang='lat' dir='ltr'>auditum</span> <span class='ocrx_word' id='word_1_192' title='bbox 1186 2614 1255 2680; x_wconf 91' lang='lat' dir='ltr'>est,</span> 
     </span>
     <span class='ocr_line' id='line_1_24' title="bbox 129 2693 1255 2778; baseline 0.003 -19"><span class='ocrx_word' id='word_1_193' title='bbox 129 2696 222 2778; x_wconf 88' lang='lat' dir='ltr'>quod</span> <span class='ocrx_word' id='word_1_194' title='bbox 245 2696 435 2777; x_wconf 88' lang='lat' dir='ltr'>percipiant</span> <span class='ocrx_word' id='word_1_195' title='bbox 453 2694 594 2758; x_wconf 91' lang='lat' dir='ltr'>delicias</span> <span class='ocrx_word' id='word_1_196' title='bbox 613 2693 689 2757; x_wconf 88' lang='lat' dir='ltr'>illas</span> <span class='ocrx_word' id='word_1_197' title='bbox 705 2695 795 2777; x_wconf 88' lang='lat' dir='ltr'>apud</span> <span class='ocrx_word' id='word_1_198' title='bbox 817 2715 855 2757; x_wconf 92' lang='lat' dir='ltr'>se</span> <span class='ocrx_word' id='word_1_199' title='bbox 873 2694 1021 2757; x_wconf 88' lang='lat' dir='ltr'>exaltari</span> <span class='ocrx_word' id='word_1_200' title='bbox 1044 2704 1082 2758; x_wconf 92' lang='lat' dir='ltr'>et</span> <span class='ocrx_word' id='word_1_201' title='bbox 1105 2696 1255 2778; x_wconf 90' lang='lat' dir='ltr'>impleri,</span> 
     </span>
     <span class='ocr_line' id='line_1_25' title="bbox 130 2788 1257 2873; baseline 0.003 -19"><span class='ocrx_word' id='word_1_202' title='bbox 130 2790 211 2854; x_wconf 88' lang='lat' dir='ltr'>dum</span> <span class='ocrx_word' id='word_1_203' title='bbox 231 2789 422 2853; x_wconf 88' lang='lat' dir='ltr'>ascendunt</span> <span class='ocrx_word' id='word_1_204' title='bbox 440 2810 485 2852; x_wconf 90' lang='lat' dir='ltr'>ex</span> <span class='ocrx_word' id='word_1_205' title='bbox 505 2788 705 2869; x_wconf 88' lang='lat' dir='ltr'>conjugibus</span> <span class='ocrx_word' id='word_1_206' title='bbox 724 2789 830 2852; x_wconf 89' lang='lat' dir='ltr'>castis</span> <span class='ocrx_word' id='word_1_207' title='bbox 852 2790 886 2851; x_wconf 91' lang='lat' dir='ltr'>in</span> <span class='ocrx_word' id='word_1_208' title='bbox 906 2789 1028 2866; x_wconf 88' lang='lat' dir='ltr'>terris;</span> <span class='ocrx_word' id='word_1_209' title='bbox 1051 2798 1089 2852; x_wconf 93' lang='lat' dir='ltr'>et</span> <span class='ocrx_word' id='word_1_210' title='bbox 1107 2803 1257 2873; x_wconf 87' lang='lat' dir='ltr'>propter</span> 
     </span>
     <span class='ocr_line' id='line_1_26' title="bbox 129 2882 1255 2964; baseline 0.003 -17"><span class='ocrx_word' id='word_1_211' title='bbox 129 2884 322 2956; x_wconf 86' lang='lat' dir='ltr'>adstantes,</span> <span class='ocrx_word' id='word_1_212' title='bbox 346 2883 403 2964; x_wconf 91' lang='lat' dir='ltr'>qui</span> <span class='ocrx_word' id='word_1_213' title='bbox 428 2883 551 2946; x_wconf 88' lang='lat' dir='ltr'>incasti</span> <span class='ocrx_word' id='word_1_214' title='bbox 573 2892 683 2956; x_wconf 89' lang='lat' dir='ltr'>erant,</span> <span class='ocrx_word' id='word_1_215' title='bbox 706 2882 751 2945; x_wconf 93' lang='lat' dir='ltr'>ad</span> <span class='ocrx_word' id='word_1_216' title='bbox 774 2883 1013 2964; x_wconf 90' lang='lat' dir='ltr'>quaestionem</span> <span class='ocrx_word' id='word_1_217' title='bbox 1040 2902 1123 2946; x_wconf 93' lang='lat' dir='ltr'>num</span> <span class='ocrx_word' id='word_1_218' title='bbox 1146 2887 1255 2950; x_wconf 89' lang='lat' dir='ltr'>etiam</span> 
     </span>
     <span class='ocr_line' id='line_1_27' title="bbox 129 2975 1256 3057; baseline 0.003 -17"><span class='ocrx_word' id='word_1_219' title='bbox 129 2976 273 3040; x_wconf 88' lang='lat' dir='ltr'>deliciae</span> <span class='ocrx_word' id='word_1_220' title='bbox 296 2977 449 3051; x_wconf 88' lang='lat' dir='ltr'>ultimae,</span> <span class='ocrx_word' id='word_1_221' title='bbox 470 2978 679 3051; x_wconf 87' lang='lat' dir='ltr'>annuebant,</span> <span class='ocrx_word' id='word_1_222' title='bbox 698 2986 734 3040; x_wconf 94' lang='lat' dir='ltr'>et</span> <span class='ocrx_word' id='word_1_223' title='bbox 753 2975 914 3040; x_wconf 89' lang='lat' dir='ltr'>dicebant</span> <span class='ocrx_word' id='word_1_224' title='bbox 938 2979 1055 3049; x_wconf 88' lang='lat' dir='ltr'>tacite,</span> <span class='ocrx_word' id='word_1_225' title='bbox 1076 2975 1170 3057; x_wconf 89' lang='lat' dir='ltr'>Quid</span> <span class='ocrx_word' id='word_1_226' title='bbox 1190 2981 1256 3043; x_wconf 89' lang='lat' dir='ltr'>ali·</span> 
     </span>
     <span class='ocr_line' id='line_1_28' title="bbox 130 3070 1255 3153; baseline 0.002 -17"><span class='ocrx_word' id='word_1_227' title='bbox 130 3070 208 3136; x_wconf 85' lang='lat' dir='ltr'>ter?</span> <span class='ocrx_word' id='word_1_228' title='bbox 241 3080 366 3135; x_wconf 89' lang='lat' dir='ltr'>suntne</span> <span class='ocrx_word' id='word_1_229' title='bbox 392 3071 458 3134; x_wconf 89' lang='lat' dir='ltr'>hae</span> <span class='ocrx_word' id='word_1_230' title='bbox 483 3070 563 3136; x_wconf 90' lang='lat' dir='ltr'>illae</span> <span class='ocrx_word' id='word_1_231' title='bbox 592 3073 626 3134; x_wconf 90' lang='lat' dir='ltr'>in</span> <span class='ocrx_word' id='word_1_232' title='bbox 652 3091 716 3134; x_wconf 88' lang='lat' dir='ltr'>sua</span> <span class='ocrx_word' id='word_1_233' title='bbox 742 3071 980 3153; x_wconf 83' lang='lat' dir='ltr'>plenitudine?</span> <span class='ocrx_word' id='word_1_234' title='bbox 1024 3070 1129 3135; x_wconf 90' lang='lat' dir='ltr'>Unde</span> <span class='ocrx_word' id='word_1_235' title='bbox 1159 3072 1255 3138; x_wconf 92' lang='lat' dir='ltr'>illius</span> 
     </span>
     <span class='ocr_line' id='line_1_29' title="bbox 128 3165 1254 3249; baseline 0.004 -20"><span class='ocrx_word' id='word_1_236' title='bbox 128 3167 254 3230; x_wconf 86' lang='lat' dir='ltr'>amoris</span> <span class='ocrx_word' id='word_1_237' title='bbox 270 3165 412 3230; x_wconf 85' lang='lat' dir='ltr'>deliciae</span> <span class='ocrx_word' id='word_1_238' title='bbox 431 3176 519 3240; x_wconf 91' lang='lat' dir='ltr'>sunt,</span> <span class='ocrx_word' id='word_1_239' title='bbox 539 3175 575 3231; x_wconf 90' lang='lat' dir='ltr'>et</span> <span class='ocrx_word' id='word_1_240' title='bbox 595 3166 724 3248; x_wconf 90' lang='lat' dir='ltr'>quales,</span> <span class='ocrx_word' id='word_1_241' title='bbox 741 3166 923 3228; x_wconf 88' lang='lat' dir='ltr'>videantur</span> <span class='ocrx_word' id='word_1_242' title='bbox 940 3185 1043 3247; x_wconf 89' lang='lat' dir='ltr'>supra</span> <span class='ocrx_word' id='word_1_243' title='bbox 1060 3165 1109 3248; x_wconf 88' lang='lat' dir='ltr'>(n.</span> <span class='ocrx_word' id='word_1_244' title='bbox 1124 3165 1199 3249; x_wconf 88' lang='lat'><strong>69),</strong></span> <span class='ocrx_word' id='word_1_245' title='bbox 1216 3178 1254 3233; x_wconf 92' lang='lat' dir='ltr'>et</span> 
     </span>
     <span class='ocr_line' id='line_1_30' title="bbox 128 3258 961 3343; baseline -0.004 -19"><span class='ocrx_word' id='word_1_246' title='bbox 128 3260 164 3324; x_wconf 91' lang='lat' dir='ltr'>in</span> <span class='ocrx_word' id='word_1_247' title='bbox 183 3259 473 3335; x_wconf 88' lang='lat' dir='ltr'>Memorabilibus,</span> <span class='ocrx_word' id='word_1_248' title='bbox 493 3261 657 3343; x_wconf 88' lang='lat' dir='ltr'>imprimis</span> <span class='ocrx_word' id='word_1_249' title='bbox 675 3261 710 3323; x_wconf 92' lang='lat' dir='ltr'>in</span> <span class='ocrx_word' id='word_1_250' title='bbox 728 3258 961 3341; x_wconf 90' lang='lat' dir='ltr'>sequentibus.</span> 
     </span>
    </p>

    <p class='ocr_par' dir='ltr' id='par_1_4' title="bbox 127 3352 1253 3814">
     <span class='ocr_line' id='line_1_31' title="bbox 192 3352 1253 3439; baseline 0.004 -23"><span class='ocrx_word' id='word_1_251' title='bbox 192 3370 288 3439; x_wconf 71' lang='lat'>145.</span> <span class='ocrx_word' id='word_1_252' title='bbox 320 3353 395 3437; x_wconf 89' lang='lat' dir='ltr'>(vi.)</span> <span class='ocrx_word' id='word_1_253' title='bbox 421 3352 518 3430; x_wconf 80' lang='lat' dir='ltr'>Quod</span> <span class='ocrx_word' id='word_1_254' title='bbox 528 3375 623 3418; x_wconf 84' lang='lat' dir='ltr'>amor</span> <span class='ocrx_word' id='word_1_255' title='bbox 639 3353 837 3439; x_wconf 81' lang='lat' dir='ltr'>conjugialis</span> <span class='ocrx_word' id='word_1_256' title='bbox 852 3353 947 3433; x_wconf 84' lang='lat' dir='ltr'>apud</span> <span class='ocrx_word' id='word_1_257' title='bbox 957 3353 1044 3428; x_wconf 83' lang='lat' dir='ltr'>illos,</span> <span class='ocrx_word' id='word_1_258' title='bbox 1061 3353 1123 3435; x_wconf 80' lang='lat' dir='ltr'>qui</span> <span class='ocrx_word' id='word_1_259' title='bbox 1140 3375 1165 3419; x_wconf 85' lang='lat' dir='ltr'>a</span> <span class='ocrx_word' id='word_1_260' title='bbox 1180 3356 1253 3420; x_wconf 89' lang='lat' dir='ltr'>Do·</span> 
     </span>
     <span class='ocr_line' id='line_1_32' title="bbox 128 3447 1253 3531; baseline 0.002 -19"><span class='ocrx_word' id='word_1_261' title='bbox 128 3447 316 3531; x_wconf 80' lang='lat' dir='ltr'>minofiunt</span> <span class='ocrx_word' id='word_1_262' title='bbox 330 3448 536 3529; x_wconf 83' lang='lat' dir='ltr'>spirituales,</span> <span class='ocrx_word' id='word_1_263' title='bbox 550 3448 630 3529; x_wconf 83' lang='lat' dir='ltr'>plus</span> <span class='ocrx_word' id='word_1_264' title='bbox 645 3458 678 3510; x_wconf 84' lang='lat' dir='ltr'>et</span> <span class='ocrx_word' id='word_1_265' title='bbox 690 3447 771 3528; x_wconf 86' lang='lat' dir='ltr'>plus</span> <span class='ocrx_word' id='word_1_266' title='bbox 781 3447 989 3530; x_wconf 67' lang='lat' dir='ltr'>purificetur,</span> <span class='ocrx_word' id='word_1_267' title='bbox 1002 3458 1034 3510; x_wconf 86' lang='lat' dir='ltr'>et</span> <span class='ocrx_word' id='word_1_268' title='bbox 1039 3447 1111 3530; x_wconf 82' lang='lat' dir='ltr'>fiat</span> <span class='ocrx_word' id='word_1_269' title='bbox 1121 3461 1253 3527; x_wconf 84' lang='lat' dir='ltr'>castus,</span> 
     </span>
     <span class='ocr_line' id='line_1_33' title="bbox 129 3541 1253 3626; baseline 0.003 -19"><span class='ocrx_word' id='word_1_270' title='bbox 129 3562 253 3607; x_wconf 86' lang='lat' dir='ltr'>causae</span> <span class='ocrx_word' id='word_1_271' title='bbox 272 3554 435 3617; x_wconf 91' lang='lat' dir='ltr'>sunt,-1.</span> <span class='ocrx_word' id='word_1_272' title='bbox 460 3542 550 3625; x_wconf 83' lang='lat' dir='ltr'>Quia</span> <span class='ocrx_word' id='word_1_273' title='bbox 569 3545 695 3626; x_wconf 89' lang='lat' dir='ltr'>primus</span> <span class='ocrx_word' id='word_1_274' title='bbox 712 3562 819 3615; x_wconf 90' lang='lat' dir='ltr'>amor,</span> <span class='ocrx_word' id='word_1_275' title='bbox 839 3561 1017 3624; x_wconf 89' lang='lat' dir='ltr'>perquem</span> <span class='ocrx_word' id='word_1_276' title='bbox 1039 3541 1253 3625; x_wconf 88' lang='lat' dir='ltr'>intelligitur</span> 
     </span>
     <span class='ocr_line' id='line_1_34' title="bbox 127 3635 1251 3721; baseline 0.002 -20"><span class='ocrx_word' id='word_1_277' title='bbox 127 3656 225 3701; x_wconf 86' lang='lat' dir='ltr'>amor</span> <span class='ocrx_word' id='word_1_278' title='bbox 243 3649 325 3702; x_wconf 90' lang='lat' dir='ltr'>ante</span> <span class='ocrx_word' id='word_1_279' title='bbox 348 3640 497 3721; x_wconf 89' lang='lat' dir='ltr'>nuptias,</span> <span class='ocrx_word' id='word_1_280' title='bbox 517 3648 553 3702; x_wconf 88' lang='lat' dir='ltr'>et</span> <span class='ocrx_word' id='word_1_281' title='bbox 577 3657 695 3702; x_wconf 86' lang='lat' dir='ltr'>recens</span> <span class='ocrx_word' id='word_1_282' title='bbox 719 3646 797 3719; x_wconf 90' lang='lat' dir='ltr'>post</span> <span class='ocrx_word' id='word_1_283' title='bbox 821 3638 968 3719; x_wconf 87' lang='lat' dir='ltr'>nuptias,</span> <span class='ocrx_word' id='word_1_284' title='bbox 989 3635 1095 3700; x_wconf 86' lang='lat' dir='ltr'>trahit</span> <span class='ocrx_word' id='word_1_285' title='bbox 1118 3637 1251 3720; x_wconf 91' lang='lat' dir='ltr'>aliquid</span> 
     </span>
     <span class='ocr_line' id='line_1_35' title="bbox 128 3733 1251 3814; baseline 0.001 -17"><span class='ocrx_word' id='word_1_286' title='bbox 128 3752 175 3797; x_wconf 88' lang='lat' dir='ltr'>ex</span> <span class='ocrx_word' id='word_1_287' title='bbox 197 3751 314 3798; x_wconf 85' lang='lat' dir='ltr'>amore</span> <span class='ocrx_word' id='word_1_288' title='bbox 337 3754 451 3808; x_wconf 90' lang='lat' dir='ltr'>sexus,</span> <span class='ocrx_word' id='word_1_289' title='bbox 475 3735 525 3797; x_wconf 88' lang='lat' dir='ltr'>ita</span> <span class='ocrx_word' id='word_1_290' title='bbox 547 3753 592 3797; x_wconf 87' lang='lat' dir='ltr'>ex</span> <span class='ocrx_word' id='word_1_291' title='bbox 615 3733 737 3797; x_wconf 86' lang='lat' dir='ltr'>ardore</span> <span class='ocrx_word' id='word_1_292' title='bbox 759 3733 896 3814; x_wconf 89' lang='lat' dir='ltr'>proprio</span> <span class='ocrx_word' id='word_1_293' title='bbox 918 3733 1069 3813; x_wconf 90' lang='lat' dir='ltr'>corporis</span> <span class='ocrx_word' id='word_1_294' title='bbox 1092 3734 1251 3798; x_wconf 90' lang='lat' dir='ltr'>nondum</span> 
     </span>
    </p>
   </div>
   <div class='ocr_carea' id='block_1_3' title="bbox 127 3824 1251 4479">
    <p class='ocr_par' dir='ltr' id='par_1_5' title="bbox 127 3824 1251 4479">
     <span class='ocr_line' id='line_1_36' title="bbox 127 3824 1251 3911; baseline 0 -19"><span class='ocrx_word' id='word_1_295' title='bbox 127 3846 189 3911; x_wconf 88' lang='lat' dir='ltr'>per</span> <span class='ocrx_word' id='word_1_296' title='bbox 210 3847 362 3891; x_wconf 89' lang='lat' dir='ltr'>amorem</span> <span class='ocrx_word' id='word_1_297' title='bbox 386 3829 523 3909; x_wconf 89' lang='lat' dir='ltr'>spiritus</span> <span class='ocrx_word' id='word_1_298' title='bbox 549 3829 719 3908; x_wconf 88' lang='lat' dir='ltr'>mitigato.</span> <span class='ocrx_word' id='word_1_299' title='bbox 765 3842 794 3890; x_wconf 87' lang='lat'>2.</span> <span class='ocrx_word' id='word_1_300' title='bbox 819 3825 908 3907; x_wconf 87' lang='lat' dir='ltr'>Quia</span> <span class='ocrx_word' id='word_1_301' title='bbox 926 3824 1032 3889; x_wconf 89' lang='lat' dir='ltr'>homo</span> <span class='ocrx_word' id='word_1_302' title='bbox 1052 3829 1251 3893; x_wconf 86' lang='lat' dir='ltr'>successive</span> 
     </span>
     <span class='ocr_line' id='line_1_37' title="bbox 127 3919 1249 4005; baseline -0.001 -19"><span class='ocrx_word' id='word_1_303' title='bbox 127 3941 149 3986; x_wconf 87' lang='lat' dir='ltr'>a</span> <span class='ocrx_word' id='word_1_304' title='bbox 165 3923 310 3987; x_wconf 89' lang='lat' dir='ltr'>naturali</span> <span class='ocrx_word' id='word_1_305' title='bbox 327 3922 364 3985; x_wconf 84' lang='lat' dir='ltr'>fit</span> <span class='ocrx_word' id='word_1_306' title='bbox 377 3921 581 4005; x_wconf 88' lang='lat' dir='ltr'>spiritualis;</span> <span class='ocrx_word' id='word_1_307' title='bbox 601 3921 639 3984; x_wconf 83' lang='lat' dir='ltr'>fit</span> <span class='ocrx_word' id='word_1_308' title='bbox 653 3921 742 3984; x_wconf 93' lang='lat' dir='ltr'>enim</span> <span class='ocrx_word' id='word_1_309' title='bbox 756 3919 950 4002; x_wconf 89' lang='lat' dir='ltr'>spiritualis,</span> <span class='ocrx_word' id='word_1_310' title='bbox 964 3921 1052 3983; x_wconf 91' lang='lat' dir='ltr'>sicut</span> <span class='ocrx_word' id='word_1_311' title='bbox 1064 3921 1249 3999; x_wconf 89' lang='lat' dir='ltr'>rationale,</span> 
     </span>
     <span class='ocr_line' id='line_1_38' title="bbox 128 4014 1250 4099; baseline 0.003 -20"><span class='ocrx_word' id='word_1_312' title='bbox 128 4018 219 4099; x_wconf 89' lang='lat' dir='ltr'>quod</span> <span class='ocrx_word' id='word_1_313' title='bbox 236 4027 289 4082; x_wconf 89' lang='lat' dir='ltr'>est</span> <span class='ocrx_word' id='word_1_314' title='bbox 309 4018 457 4081; x_wconf 91' lang='lat' dir='ltr'>medium</span> <span class='ocrx_word' id='word_1_315' title='bbox 476 4017 566 4080; x_wconf 89' lang='lat' dir='ltr'>inter</span> <span class='ocrx_word' id='word_1_316' title='bbox 581 4015 714 4079; x_wconf 90' lang='lat' dir='ltr'>caelum</span> <span class='ocrx_word' id='word_1_317' title='bbox 731 4025 766 4078; x_wconf 91' lang='lat' dir='ltr'>et</span> <span class='ocrx_word' id='word_1_318' title='bbox 786 4016 959 4089; x_wconf 90' lang='lat' dir='ltr'>mundum,</span> <span class='ocrx_word' id='word_1_319' title='bbox 974 4014 1091 4096; x_wconf 91' lang='lat' dir='ltr'>incipit</span> <span class='ocrx_word' id='word_1_320' title='bbox 1108 4014 1250 4082; x_wconf 90' lang='lat' dir='ltr'>trahere</span> 
     </span>
     <span class='ocr_line' id='line_1_39' title="bbox 127 4108 1249 4193; baseline -0.001 -17"><span class='ocrx_word' id='word_1_321' title='bbox 127 4113 276 4176; x_wconf 89' lang='lat' dir='ltr'>animam</span> <span class='ocrx_word' id='word_1_322' title='bbox 297 4132 341 4176; x_wconf 87' lang='lat' dir='ltr'>ex</span> <span class='ocrx_word' id='word_1_323' title='bbox 360 4111 490 4175; x_wconf 86' lang='lat' dir='ltr'>influxu</span> <span class='ocrx_word' id='word_1_324' title='bbox 509 4133 528 4175; x_wconf 94' lang='lat' dir='ltr'>e</span> <span class='ocrx_word' id='word_1_325' title='bbox 546 4111 655 4185; x_wconf 91' lang='lat' dir='ltr'>caelo,</span> <span class='ocrx_word' id='word_1_326' title='bbox 676 4110 765 4193; x_wconf 92' lang='lat' dir='ltr'>quod</span> <span class='ocrx_word' id='word_1_327' title='bbox 789 4109 827 4173; x_wconf 87' lang='lat' dir='ltr'>fit</span> <span class='ocrx_word' id='word_1_328' title='bbox 845 4111 934 4173; x_wconf 92' lang='lat' dir='ltr'>sicut</span> <span class='ocrx_word' id='word_1_329' title='bbox 953 4108 1097 4172; x_wconf 87' lang='lat' dir='ltr'>afficitur</span> <span class='ocrx_word' id='word_1_330' title='bbox 1115 4119 1152 4173; x_wconf 93' lang='lat' dir='ltr'>et</span> <span class='ocrx_word' id='word_1_331' title='bbox 1174 4110 1249 4175; x_wconf 89' lang='lat' dir='ltr'>lae·</span> 
     </span>
     <span class='ocr_line' id='line_1_40' title="bbox 128 4203 1248 4288; baseline -0.002 -17"><span class='ocrx_word' id='word_1_332' title='bbox 128 4205 277 4271; x_wconf 88' lang='lat' dir='ltr'>tificatur</span> <span class='ocrx_word' id='word_1_333' title='bbox 295 4227 340 4271; x_wconf 89' lang='lat' dir='ltr'>ex</span> <span class='ocrx_word' id='word_1_334' title='bbox 364 4208 531 4288; x_wconf 87' lang='lat' dir='ltr'>sapientia</span> <span class='ocrx_word' id='word_1_335' title='bbox 552 4204 610 4286; x_wconf 90' lang='lat' dir='ltr'>(de</span> <span class='ocrx_word' id='word_1_336' title='bbox 629 4226 695 4286; x_wconf 91' lang='lat' dir='ltr'>qua</span> <span class='ocrx_word' id='word_1_337' title='bbox 717 4225 829 4286; x_wconf 88' lang='lat' dir='ltr'>supra,</span> <span class='ocrx_word' id='word_1_338' title='bbox 849 4223 881 4267; x_wconf 91' lang='lat' dir='ltr'>n.</span> <span class='ocrx_word' id='word_1_339' title='bbox 902 4203 998 4285; x_wconf 87' lang='lat'>130);</span> <span class='ocrx_word' id='word_1_340' title='bbox 1022 4213 1058 4267; x_wconf 90' lang='lat' dir='ltr'>et</span> <span class='ocrx_word' id='word_1_341' title='bbox 1077 4214 1248 4286; x_wconf 89' lang='lat' dir='ltr'>quantum</span> 
     </span>
     <span class='ocr_line' id='line_1_41' title="bbox 128 4299 1248 4381; baseline -0.001 -15"><span class='ocrx_word' id='word_1_342' title='bbox 128 4301 194 4366; x_wconf 89' lang='lat' dir='ltr'>hoc</span> <span class='ocrx_word' id='word_1_343' title='bbox 214 4301 262 4375; x_wconf 87' lang='lat' dir='ltr'>fit,</span> <span class='ocrx_word' id='word_1_344' title='bbox 283 4313 419 4367; x_wconf 86' lang='lat' dir='ltr'>tantum</span> <span class='ocrx_word' id='word_1_345' title='bbox 439 4300 594 4364; x_wconf 88' lang='lat' dir='ltr'>elevatur</span> <span class='ocrx_word' id='word_1_346' title='bbox 613 4319 709 4363; x_wconf 91' lang='lat' dir='ltr'>mens</span> <span class='ocrx_word' id='word_1_347' title='bbox 731 4299 802 4381; x_wconf 90' lang='lat' dir='ltr'>ejus</span> <span class='ocrx_word' id='word_1_348' title='bbox 826 4300 858 4362; x_wconf 93' lang='lat' dir='ltr'>in</span> <span class='ocrx_word' id='word_1_349' title='bbox 882 4318 998 4362; x_wconf 88' lang='lat' dir='ltr'>auram</span> <span class='ocrx_word' id='word_1_350' title='bbox 1022 4300 1248 4380; x_wconf 70' lang='lat' dir='ltr'>superiorem,</span> 
     </span>
     <span class='ocr_line' id='line_1_42' title="bbox 128 4394 1248 4479; baseline -0.001 -19"><span class='ocrx_word' id='word_1_351' title='bbox 128 4416 214 4479; x_wconf 91' lang='lat' dir='ltr'>quae</span> <span class='ocrx_word' id='word_1_352' title='bbox 230 4407 283 4460; x_wconf 88' lang='lat' dir='ltr'>est</span> <span class='ocrx_word' id='word_1_353' title='bbox 299 4397 478 4461; x_wconf 88' lang='lat' dir='ltr'>continens</span> <span class='ocrx_word' id='word_1_354' title='bbox 496 4395 579 4460; x_wconf 91' lang='lat' dir='ltr'>lucis</span> <span class='ocrx_word' id='word_1_355' title='bbox 595 4405 631 4461; x_wconf 92' lang='lat' dir='ltr'>et</span> <span class='ocrx_word' id='word_1_356' title='bbox 647 4395 771 4458; x_wconf 90' lang='lat' dir='ltr'>caloris</span> <span class='ocrx_word' id='word_1_357' title='bbox 786 4395 956 4469; x_wconf 86' lang='lat' dir='ltr'>caelestis,</span> <span class='ocrx_word' id='word_1_358' title='bbox 971 4414 1031 4456; x_wconf 91' lang='lat' dir='ltr'>seu</span> <span class='ocrx_word' id='word_1_359' title='bbox 1043 4394 1135 4476; x_wconf 89' lang='lat' dir='ltr'>quod</span> <span class='ocrx_word' id='word_1_360' title='bbox 1151 4395 1248 4459; x_wconf 89' lang='lat' dir='ltr'>idem</span> 
     </span>
    </p>
   </div>
   <div class='ocr_carea' id='block_1_4' title="bbox 0 0 1396 5026">
    <p class='ocr_par' dir='ltr' id='par_1_6' title="bbox 0 0 1396 5026">
     <span class='ocr_line' id='line_1_43' title="bbox 0 0 1396 5026; baseline 0 1"><span class='ocrx_word' id='word_1_361' title='bbox 0 0 1396 5026; x_wconf 95' lang='lat' dir='ltr'> </span> 
     </span>
    </p>
   </div>
  </div>
 </body>
</html>
