2782 5026
334 452 384 502 DE
407 451 542 504 AMORE
565 448 885 519 comosum-N.
905 450 976 514 294.
1147 450 1205 510 231

79 635 200 696 septem
215 624 279 680 illis
291 623 435 680 uxoribus
447 623 539 679 etiam
552 631 586 677 tu
598 621 718 685 dixeris,
727 620 809 692 quod
821 636 840 675 a
852 636 939 675 mane
947 636 1041 691 usque
1054 620 1092 674 ad
1105 632 1211 689 vespe·

80 722 147 760 ram
156 707 334 776 cogitemus
343 706 381 760 de
394 704 508 759 maritis
519 704 638 766 nostris,
648 719 684 758 ac
696 703 840 758 continue
847 701 1040 757 attendamus
1048 700 1086 755 ad
1101 700 1211 770 placita

76 798 115 842 et
129 787 229 841 lubita
244 787 374 848 illorum,
390 797 513 856 propter
528 784 617 839 finem
632 794 668 838 ut
684 785 761 838 tales
776 783 898 838 delicias
913 793 1068 852 captemus
1083 797 1120 835 ex
1135 781 1211 836 illis·

82 867 172 923 Haec
186 884 206 922 a
220 866 310 922 dietis
327 867 442 921 illarum
458 866 576 928 retinui,
591 875 625 919 ut
641 865 692 919 illa
705 863 792 918 vobis
806 862 931 918 referam
946 861 1089 933 quoniam
1104 877 1211 933 repug-

77 957 168 1009 nant,
184 956 217 1002 et
232 962 354 1017 quoque
370 946 458 1015 plane
473 945 694 1000 contrariantur
707 942 846 1003 sermoni,
861 958 950 1013 quem
964 942 1051 1012 juxta
1064 940 1180 997 iontem
1192 956 1212 995 a

72 1027 173 1082 vobis
185 1026 298 1087 audivi,
311 1035 342 1080 et
355 1036 417 1078 tam
430 1024 518 1079 avide
531 1022 626 1087 hausi,
640 1034 671 1078 et
683 1038 803 1094 quoque
815 1021 956 1076 credidi.''

139 1105 191 1160 Ad
205 1106 281 1160 haec
291 1104 511 1174 responderunt
520 1118 629 1157 uxores
637 1103 777 1156 sedentes
788 1102 818 1155 in
832 1101 954 1163 rosario,
965 1100 1103 1162 “Amice,
1113 1100 1211 1156 neacls

70 1184 267 1256 sapientiam
284 1193 315 1238 et
331 1182 522 1253 prudentiam
535 1198 670 1243 uxorum,
685 1181 755 1252 quia
769 1181 841 1236 viris
854 1180 934 1234 illam
950 1196 1072 1250 prorsus
1085 1181 1212 1235 abscon·

71 1267 172 1325 dunt,
186 1274 219 1318 et
231 1263 421 1317 abscondunt
434 1263 514 1316 illam
528 1277 589 1315 non
607 1272 730 1331 propter
742 1260 834 1314 alium
848 1259 946 1322 finem,
959 1276 1049 1330 quam
1063 1270 1097 1313 ut
1108 1275 1211 1314 amen·

68 1354 152 1397 tur:
167 1353 216 1397 est
225 1343 304 1397 enim
314 1341 438 1395 cuilibet
447 1341 520 1402 viro,
529 1340 581 1411 qui
591 1356 651 1394 non
661 1338 863 1409 spiritualiter.
873 1339 925 1393 sed
937 1339 1028 1393 modo
1036 1339 1212 1394 naturaliter

69 1422 245 1476 rationalis
254 1432 285 1475 et
295 1421 415 1475 moralis
423 1431 479 1482 est,
488 1419 583 1490 frigus
593 1420 631 1473 ad
642 1435 782 1481 uxorem3
802 1418 861 1472 hoc
869 1419 949 1488 apud
961 1419 1043 1472 illum
1056 1418 1085 1472 in
1098 1418 1210 1473 intimis

66 1502 178 1556 latet:
198 1501 256 1555 hoc
270 1517 346 1554 uxor
359 1500 480 1570 sapiens
492 1510 523 1554 et
538 1499 670 1569 prudens
681 1497 829 1568 exquisite
845 1509 876 1552 et
890 1508 978 1552 acute
989 1497 1208 1560 animadvertit.

64 1592 114 1636 et
128 1591 251 1634 tantum
265 1596 301 1634 ex
313 1594 415 1634 amore
429 1594 484 1633 suo
496 1577 658 1649 conjugiali
672 1579 804 1639 celatae
818 1576 942 1631 intrabit
955 1577 985 1630 in
1000 1575 1111 1647 peilus.
1124 1587 1156 1632 et
1169 1575 1209 1630 ibi

67 1659 226 1715 recondit
241 1669 303 1713 tam
319 1658 449 1729 penitus,
465 1667 500 1713 ut
518 1674 579 1712 non
596 1657 753 1711 minimum
768 1657 834 1726 ejus
848 1667 991 1726 appareat
1010 1656 1040 1710 in
1056 1656 1140 1717 iacie,
1155 1671 1210 1711 nec

65 1739 112 1793 in
127 1754 218 1799 sono,
232 1753 287 1792 nec
303 1738 332 1791 in
345 1748 448 1808 gestu:
465 1753 556 1792 causa
568 1747 622 1798 est,
636 1737 864 1807 quiaquantum
880 1745 1011 1805 apparet,
1025 1745 1142 1789 tantum
1158 1734 1208 1789 iri·

60 1834 142 1890 gus
154 1818 213 1872 viri
226 1817 393 1887 conjugiale
406 1815 535 1871 effundit
551 1831 582 1870 se
596 1817 635 1870 ab
648 1815 761 1869 intimis
774 1815 884 1870 mentis
895 1816 968 1885 ejus,
982 1815 1033 1868 ubi
1047 1815 1166 1874 residet,
1180 1814 1209 1868 in

64 1897 198 1951 ultima
210 1896 284 1967 ejus
297 1912 331 1951 ac
344 1896 461 1950 inducit
470 1896 588 1966 corpori
601 1895 726 1950 totalem
741 1894 969 1966 frigescentiam,
982 1904 1014 1950 et
1027 1894 1097 1950 inde
1110 1894 1210 1950 nisum

57 1977 286 2047 separationis
298 1992 316 2029 a
328 1984 396 2030 toro
409 1987 440 2030 et
453 1991 471 2029 a
482 1974 647 2029 cubiculo.”

139 2054 228 2109 Tunc
246 2055 388 2126 quaesivi,
407 2053 522 2110 “Unde
544 2055 605 2109 tale
626 2052 729 2126 frigus,
748 2053 831 2123 quod
853 2052 969 2109 vocatis
990 2051 1084 2124 irigus
1105 2052 1211 2123 conju·

102 2136 164 2192 ‘ale
174 2135 208 2191 ?''

56 2152 110 2210 8¹
139 2213 385 2284 Responderunt,
397 2214 473 2269 “Est
485 2230 524 2268 ex
537 2214 653 2268 insania
663 2213 780 2268 illorum
791 2213 821 2267 in
832 2213 1052 2284 spiritualibus:
1070 2223 1102 2268 et
1110 2212 1209 2267 omnis

51 2295 134 2366 qui
151 2295 182 2349 in
197 2293 403 2363 spiritualibus
416 2293 535 2355 insanit,
550 2291 640 2364 friget
652 2293 758 2347 intime
771 2293 809 2347 ad
823 2308 956 2354 uxorem,
969 2303 1001 2346 et
1013 2293 1091 2347 calet
1104 2293 1209 2347 intime

50 2374 118 2428 ad
138 2373 328 2428 meretrices:
352 2384 383 2428 et
402 2374 474 2444 quia
488 2389 574 2428 amor
587 2374 765 2445 conjugialis
780 2383 812 2427 et
827 2388 912 2427 amor
926 2373 1123 2428 scortatorius
1137 2383 1209 2427 suut

51 2453 140 2506 sibi
158 2452 301 2522 oppositi.
315 2453 451 2524 sequitur
464 2453 547 2524 quod
562 2469 647 2507 amor
659 2452 837 2523 coniugialia
853 2452 906 2506 fiat
921 2451 1022 2522 frigus,
1036 2452 1107 2505 dum
1122 2467 1209 2507 amor

49 2532 284 2587 scortatorius
297 2544 343 2586 est
356 2532 451 2586 calor:
469 2544 500 2587 et
512 2533 566 2594 vir,
576 2549 645 2587 cum
656 2531 750 2604 frigus
760 2533 840 2603 apud
854 2532 937 2586 illum
948 2543 1061 2603 regnat,
1072 2547 1133 2586 non
1144 2547 1209 2587 sus·

49 2613 164 2665 tinet
179 2611 310 2680 aliquem
328 2627 448 2665 sensum
464 2613 583 2674 amoris,
599 2623 630 2667 et
648 2613 691 2667 sic
710 2628 771 2666 non
786 2612 917 2682 aliquem
933 2611 1066 2666 afflatum
1081 2611 1156 2681 ejus,
1171 2611 1209 2666 ab

51 2703 196 2745 uxore:
214 2705 307 2760 quare
319 2706 397 2744 uxor
409 2702 471 2744 tam
483 2691 634 2760 sapienter
649 2702 680 2746 et
695 2692 862 2762 prudenter
874 2692 956 2746 illum
970 2692 1056 2753 celat,
1070 2701 1100 2745 et
1115 2706 1210 2761 quan-

45 2777 150 2824 tum
164 2769 251 2823 illum
263 2769 342 2823 celat
355 2771 493 2840 negando
509 2781 540 2825 et
556 2772 718 2831 renuendo,
730 2781 848 2826 tantum
863 2772 909 2826 vir
923 2773 962 2826 ab
978 2770 1069 2826 influa
1082 2771 1210 2841 sphaera

50 2848 258 2904 meretricia
273 2847 456 2902 refocillatur
470 2859 500 2902 et
520 2860 689 2919 reparatur:
714 2850 783 2905 inde
797 2861 852 2912 est,
866 2851 948 2921 quod
963 2851 1050 2905 uxori
1065 2851 1134 2907 talis
1151 2849 1209 2906 viri

47 2941 145 2983 tion
159 2927 224 2983 sint
237 2926 359 2981 deliciae
373 2926 546 2997 pet'torales,
556 2928 659 2998 quales
672 2940 742 2983 sunt
756 2929 849 2991 nobis,
860 2931 912 2984 sed
928 2931 1019 2985 modo
1029 2931 1209 3001 voluptates,

44 3022 162 3080 (quae
177 3022 198 3061 a
213 3016 298 3076 parte
312 3007 368 3060 viri
383 3009 536 3062 vocandae
555 3020 628 3063 sunt
642 3009 813 3078 voluptates
827 3008 968 3072 insaniae,
988 3010 1059 3081 quia
1071 3011 1209 3082 volupta-

40 3093 127 3143 tes
138 3087 255 3141 amoris
265 3087 442 3141 scortatorii.
480 3086 586 3142 Omnis
596 3105 672 3143 uxor
681 3099 763 3143 casta
773 3098 853 3143 amat
863 3105 949 3143 suum
961 3091 1108 3152 maritum,
1118 3093 1208 3146 etiarn

46 3163 253 3222 incastum:
271 3166 325 3220 sed
340 3167 411 3236 quia
425 3166 572 3236 sapientia
590 3179 636 3222 est
654 3168 742 3223 unice
758 3169 903 3238 recipiens
919 3170 1030 3224 amoris
1048 3171 1122 3241 ejus,
1139 3172 1209 3226 ideo

46 3258 290 3301 uxoromnem
301 3261 422 3315 operam
435 3246 589 3315 impendit,
599 3257 633 3301 ut
644 3247 788 3301 insaniam
798 3248 864 3319 ejus
874 3260 972 3303 vertat
981 3250 1009 3303 in
1022 3250 1208 3320 sapientiam,

44 3321 142 3381 hoc
155 3335 214 3386 est,
227 3336 261 3378 ut
274 3341 334 3379 non
348 3325 541 3395 concupiscat
553 3326 626 3380 alias
636 3338 754 3397 praeter
764 3344 810 3389 se;
829 3329 909 3398 quod
924 3327 995 3383 iacit
1009 3330 1088 3383 mille
1102 3329 1209 3391 modis,

53 3405 221 3460 tnaxime
237 3419 347 3458 cavens
362 3421 400 3459 ne
415 3405 508 3475 aliqui
523 3405 728 3476 evestigentur
741 3407 840 3472 aviro,
855 3424 922 3461 nam
939 3409 1031 3478 probe
1047 3408 1104 3462 scit
1125 3411 1208 3479 quod

41 3496 171 3539 amor
185 3499 246 3537 non
264 3483 358 3553 possit
373 3483 447 3556 cogi,
461 3484 513 3538 sed
530 3485 611 3554 quod
631 3485 797 3540 insinuetur
816 3487 846 3540 in
865 3487 975 3542 libero:
994 3504 1084 3558 quare
1103 3488 1208 3542 datum

43 3575 127 3619 est
151 3562 329 3617 mulieribus
347 3579 529 3635 cognoscere
548 3580 585 3619 ex
603 3565 678 3627 visu,
693 3581 730 3619 ex
749 3565 863 3628 auditu,
877 3576 909 3620 et
929 3583 966 3621 ex
980 3566 1071 3627 tatia.
1087 3584 1208 3622 omnem

47 3654 200 3698 statum
214 3642 305 3696 animi
315 3643 446 3697 virorum
459 3659 598 3707 suorum:
616 3653 648 3698 at
657 3642 788 3699 vicissim
803 3661 864 3709 pon
878 3645 981 3700 datum
994 3657 1042 3701 est
1054 3647 1125 3701 viris
1137 3663 1208 3717 cog-

50 3734 211 3778 noscere
231 3722 324 3775 ullum
342 3732 454 3776 statum
476 3723 567 3777 animi
590 3740 715 3778 uxorum
737 3740 866 3779 suarum.
903 3724 994 3780 Casta
1012 3743 1086 3780 uxor
1107 3736 1209 3796 potest

53 3803 220 3874 aspicere
236 3800 332 3855 virum
347 3811 469 3856 austero
482 3802 576 3864 vultu,
588 3803 702 3874 alloqui
722 3802 804 3857 illurn
824 3818 930 3874 aspera
944 3821 1026 3866 voce,
1042 3815 1073 3858 et
1087 3818 1208 3875 quoque

58 3877 172 3935 irasci
185 3890 218 3934 et
231 3880 327 3940 rixari,
341 3890 372 3935 et
384 3896 480 3951 usque
493 3890 594 3934 tamen
609 3882 638 3935 in
652 3882 744 3937 corde
756 3879 857 3938 lovere
871 3884 1013 3938 blandum
1026 3895 1057 3938 et
1069 3893 1206 3938 tenerum

55 3970 221 4015 amorem
230 3974 302 4029 erga
316 3959 416 4022 illum;
433 3960 486 4014 sed
497 3961 578 4030 quod
590 3960 758 4017 iracundiae
767 3979 803 4017 ac
812 3963 1066 4018 dissimulationes
1075 3962 1142 4017 illae
1153 3978 1208 4032 pro

63 4036 143 4093 fine
156 4037 293 4092 habeant
304 4037 484 4108 sapientiam
497 4050 528 4094 et
541 4039 611 4095 inde
625 4042 827 4111 receptionem
840 4043 951 4098 amoris
963 4043 1042 4112 apud
1058 4042 1208 4106 maritum,

61 4126 169 4187 patet
183 4115 344 4172 manifeste
356 4133 394 4171 ex
407 4133 452 4180 eo,
464 4118 547 4189 quod
562 4131 716 4177 momento
729 4122 826 4192 possit
838 4122 1035 4184 reconciliari;
1055 4131 1208 4191 praeterea

65 4206 155 4250 sunt
167 4196 242 4251 talia
254 4196 398 4251 uxoribus
411 4198 510 4252 media
522 4196 638 4253 celandi
651 4214 783 4255 amorem
796 4200 879 4255 cordl
892 4217 927 4255 ac
939 4201 1078 4256 medullis
1091 4200 1206 4255 illarum

70 4268 218 4337 insitum,
232 4285 357 4346 propter
368 4290 496 4339 causam,
510 4292 548 4333 ne
565 4276 658 4350 frigus
675 4279 845 4350 coniugiale
859 4280 938 4351 apud
951 4280 1049 4334 virum
1062 4289 1207 4350 erumpat,

70 4362 116 4408 et
129 4370 250 4426 quoque
268 4354 377 4409 caloris
395 4356 460 4425 ejus
477 4356 646 4412 scortatorii
666 4356 766 4413 iocum
786 4359 965 4430 exstinguat,
980 4369 1010 4414 et
1027 4360 1071 4416 sic
1088 4374 1106 4413 a
1124 4359 1207 4429 ligno

77 4432 199 4490 virente
212 4433 304 4489 iaciat
317 4434 401 4488 illum
413 4435 493 4490 sicut
505 4437 668 4507 stipitem.”
