2782 5026
386 121 436 170 uu
459 120 595 171 sarona
619 120 937 187 comitemur—u.
959 111 1029 190 388.
1209 126 1270 192 303

138 291 319 355 Dominus
339 291 371 354 in
391 292 565 356 creatione
586 290 867 374 praedestinavit,
888 301 923 355 et
943 301 1022 375 post
1042 291 1135 354 illam
1156 292 1272 374 provi·

137 388 217 451 det.
266 385 379 451 Omne
398 388 432 450 id
449 388 540 470 quod
560 386 667 451 effluit
687 408 732 451 ex
755 385 920 469 subjecto,
941 389 1049 451 ambit
1072 398 1108 452 et
1127 389 1272 452 circum·

132 483 256 564 stipat
273 481 369 558 illud,
384 492 601 565 nuncupatur
614 483 779 565 sphaera:
805 492 842 546 ut
860 504 921 565 pro
937 483 1112 565 exemplo,
1127 485 1274 566 sphaera

134 575 233 639 lucis
265 586 301 641 et
332 577 456 642 caloris
486 599 506 641 a
536 578 610 642 sole
640 579 768 642 circum
798 578 906 653 illum,
931 579 1078 661 sphaera
1108 579 1199 642 vitae
1229 579 1274 642 ab

131 671 290 735 homine
314 674 440 737 circum
464 673 571 747 illum,
596 673 742 755 sphaera
772 673 887 737 odoris
918 694 937 736 a
967 673 1118 755 virgulto
1145 674 1272 738 circum

129 768 243 843 illud,
264 769 410 850 sphaera
429 767 648 832 attraitionis
668 789 689 831 a
707 779 872 851 magnete
891 770 1018 832 circum
1037 768 1144 844 illum,
1164 780 1200 833 et
1224 771 1272 832 sic

130 884 259 945 porro.
306 863 357 927 At
374 865 541 945 sphaerae
554 863 777 937 universales,
791 864 834 926 de
850 864 971 946 quibus
985 864 1040 926 hic
1053 865 1178 945 agitur,
1192 872 1272 926 sunt

128 980 165 1022 a
186 959 339 1022 Domino
357 960 483 1022 circum
503 959 640 1041 Ipsum;
664 979 704 1023 ac
724 959 915 1040 procedunt
935 980 954 1022 e
974 959 1047 1022 sole
1067 958 1184 1021 mundi
1203 959 1272 1040 spi·

126 1054 290 1129 ritualis,
302 1056 335 1117 in
356 1054 448 1136 cujus
469 1055 582 1118 medio
599 1055 678 1137 lpse
698 1064 762 1118 est.
808 1054 843 1117 A
860 1055 1011 1118 Domino
1027 1075 1087 1137 per
1104 1053 1198 1116 illum
1215 1074 1273 1117 so·

131 1149 216 1212 lem
237 1149 393 1231 procedit
417 1151 565 1232 sphaera
587 1150 711 1214 caloris
734 1159 770 1213 et
794 1150 888 1223 lucis,
907 1172 965 1213 seu
982 1150 1073 1232 quod
1094 1151 1184 1212 idem
1205 1158 1271 1222 est,

127 1245 294 1327 sphaera
324 1247 450 1308 amoris
480 1255 515 1309 et
546 1247 747 1328 sapientiae,
776 1247 819 1308 ad
854 1246 1063 1328 operandum
1096 1244 1190 1320 fines
1215 1244 1273 1327 qui

126 1350 228 1403 sunt
253 1360 331 1402 usus
343 1362 351 1418 ;
382 1351 419 1404 at
438 1341 584 1422 sphaera
603 1340 673 1416 illa,
694 1342 879 1404 secundum
900 1362 989 1416 usus,
1004 1342 1105 1403 variis
1126 1339 1271 1402 nomini·

122 1435 209 1498 ‘bus
233 1437 425 1517 insignitur.
478 1437 602 1499 Divina
629 1437 775 1518 sphaera
799 1437 1011 1519 prospiciens
1034 1437 1271 1499 conservatio·

128 1551 226 1594 mem
247 1532 394 1594 universi
413 1532 445 1594 in
463 1541 558 1595 statu
575 1543 692 1596 creato
709 1553 768 1615 per
784 1533 998 1595 successivas
1015 1532 1270 1613 generationes,

124 1637 291 1690 vocatur
307 1627 452 1709 sphaera
465 1627 667 1708 procreandi
679 1648 687 1705 ;
711 1638 747 1691 et
765 1627 889 1690 Divina
903 1627 1047 1709 sphaera
1060 1626 1272 1708 prospiciens

130 1723 448 1785 conservationem
468 1722 730 1804 generationum
753 1723 786 1784 in
811 1723 879 1784 suis
898 1721 1013 1797 initiis,
1035 1731 1070 1784 et
1090 1730 1214 1802 postea
1236 1722 1270 1784 in

128 1817 216 1879 suis
239 1818 547 1899 progressionibus,
573 1827 716 1880 vocatur
739 1817 884 1899 sphaera
907 1818 1045 1880 tutandi
1069 1825 1269 1898 procreata:

126 1922 284 1993 praeter
299 1911 362 1974 has
378 1911 487 1985 binas,
502 1921 582 1975 sunt
598 1911 712 1994 plures
722 1911 810 1974 aliae
827 1912 992 1994 sphaerae
1010 1912 1165 1984 Divinae,
1182 1931 1270 1994 quae

129 2006 334 2069 secundum
355 2028 444 2080 usus,
465 2007 514 2070 ita
537 2007 647 2082 aliter,
668 2007 890 2070 nominantur
911 2004 1082 2088 (videatur
1105 2026 1216 2087 supra,
1237 2025 1270 2069 n.

131 2100 236 2182 222).
283 2098 512 2183 Operationes
532 2121 652 2165 usuum
671 2123 732 2184 per
751 2101 829 2164 illas
848 2101 1023 2184 sphaeras,
1044 2110 1124 2164 sunt
1144 2100 1270 2164 Divina

133 2189 373 2278 providentia.

210 2292 307 2375 387.
333 2290 393 2375 (ii.)
421 2291 519 2371 Quod
537 2291 632 2355 binae
653 2291 731 2356 illae
756 2290 922 2374 sphaerae
943 2289 1149 2354 um'versales
1168 2311 1269 2355 urium

107 2386 277 2462 ,jacz'ant
308 2408 379 2450 cum
408 2387 555 2469 sphaera
583 2388 709 2451 ameris
735 2387 945 2471 conjhgealzs,
969 2396 1001 2449 et
1028 2407 1099 2448 curn
1122 2385 1269 2466 sphaera

138 2481 274 2544 artioris
290 2481 615 2564 infantam-Quod
636 2483 782 2565 sphaera
801 2483 926 2546 amoris
946 2479 1146 2563 conjugialis
1166 2501 1269 2545 unum

140 2575 250 2638 faciat
268 2595 344 2638 cum
362 2576 506 2658 sphaera
523 2578 735 2659 procreandi,
753 2587 850 2660 patet
866 2598 874 2654 ;
899 2576 1093 2658 procreatio
1106 2576 1196 2639 enlm
1213 2585 1268 2640 est

140 2669 234 2745 finis,
258 2679 294 2733 et
321 2690 418 2733 amor
441 2671 643 2754 conjugialis
666 2682 720 2736 est
743 2692 846 2735 causa
870 2671 983 2734 media
1007 2689 1203 2753 perquam,
1229 2691 1268 2734 ac

141 2763 222 2828 finis
241 2775 277 2829 et
297 2786 401 2829 causa
424 2767 457 2829 in
477 2766 664 2831 efficiendis
687 2777 723 2831 et
746 2767 779 2830 in
804 2764 933 2830 effectis
953 2785 1067 2839 unum,
1089 2767 1167 2849 quia
1190 2786 1268 2841 una,

144 2872 278 2942 agunt:
311 2862 402 2944 quod
427 2862 573 2943 sphaera
595 2864 720 2926 amoris
743 2863 910 2925 infantum
936 2880 1038 2923 unum
1062 2860 1166 2924 iaciat
1190 2880 1268 2925 cum

146 2954 292 3036 sphaera
310 2957 446 3019 tutandi
464 2967 655 3038 procreata,
674 2958 779 3021 etiam
797 2967 907 3040 patet,
925 2958 1003 3039 quia
1020 2966 1074 3019 est
1094 2953 1169 3018 finis
1189 2976 1267 3037 pro·

145 3050 274 3113 cedens
294 3072 338 3114 ex
356 3053 457 3133 priori
475 3051 550 3126 fine,
568 3054 624 3136 qui
640 3053 701 3116 luit
717 3054 921 3136 procreatio,
939 3061 974 3115 et
990 3071 1086 3114 amor
1101 3050 1267 3114 infantum

147 3155 202 3208 est
222 3145 310 3208 illius
330 3167 433 3209 causa
452 3149 574 3223 media,
596 3169 655 3230 per
678 3167 798 3231 quam:
828 3146 911 3211 fines
931 3147 1020 3210 enim
1041 3145 1267 3229 progrediun-

148 3250 204 3303 tur
226 3242 259 3304 in
283 3243 379 3317 serie,
405 3263 490 3304 unus
513 3255 592 3325 post
616 3243 773 3317 alterum,
799 3253 834 3306 et
858 3243 891 3305 in
916 3241 1168 3324 progrediendo
1192 3239 1267 3302 finis

148 3334 289 3398 ultimus
308 3335 344 3398 fit
366 3338 504 3418 primus,
525 3346 560 3401 et
584 3338 631 3401 sic
655 3336 807 3412 ulterius,
828 3337 995 3419 usquead
1018 3336 1212 3409 terminum,
1232 3334 1265 3396 in

149 3450 215 3512 quo
227 3432 419 3494 subsistunt
435 3431 490 3494 vel
507 3432 679 3497 desinunt.
725 3431 807 3516 (Sed
825 3432 868 3496 de
884 3431 936 3494 his
952 3430 1156 3494 videbuntur
1171 3428 1268 3512 plura
1309 3422 1322 3447 Χ

151 3523 185 3587 in
202 3525 437 3608 explicatione
456 3528 588 3590 articuli
608 3526 682 3610 xii.)

212 3620 313 3702 388.
342 3621 417 3706 (iii.)
449 3621 546 3700 Quod
571 3623 667 3686 binae
688 3622 767 3686 illae
788 3621 955 3705 sphaerae
976 3619 1215 3684 universaliter
1235 3628 1268 3682 et

153 3714 377 3798 singulariter
398 3716 542 3802 influant
562 3718 597 3781 in
619 3717 730 3781 amnia
751 3718 836 3781 caeli
853 3726 886 3781 et
906 3716 941 3780 in
963 3715 1075 3781 amnia
1097 3713 1222 3790 mundi,
1242 3735 1265 3778 a

149 3812 271 3892 prirms
300 3812 349 3876 ad
376 3812 684 3877 ultima—Dicitur
707 3813 945 3878 universaliter
971 3821 1006 3876 et
1036 3810 1265 3894 singulariter,

155 3909 227 3990 quia
246 3922 323 3971 cum
340 3909 463 3972 dicitur
479 3908 681 3984 universale,
698 3909 938 3991 intelliguntur
954 3906 1052 3971 simul
1069 3907 1264 3990 singularia,

156 4021 196 4065 ex
218 4004 358 4086 quibus;
391 4025 436 4067 ex
459 4004 511 4067 his
534 4005 624 4068 enim
643 4005 726 4068 illud
750 4004 872 4068 existit
896 4012 931 4066 et
954 4002 1125 4078 consistit,
1149 4003 1198 4065 ita
1220 4021 1266 4065 ex

155 4095 202 4162 his
221 4098 304 4163 illud
322 4100 526 4177 nominatur,
544 4101 633 4164 sicut
649 4118 830 4165 commune
849 4120 894 4163 ex
913 4097 1066 4181 partibus
1077 4119 1087 4180 5
1114 4118 1218 4182 quare
1237 4097 1266 4161 si
