2782 5026
308 412 359 462 ua
381 411 515 462 anona
538 410 858 477 conmoritur-n.
879 397 949 480 368.
1134 400 1198 480 289

1048 539 1056 561 0
1218 559 1220 564 .

135 583 240 665 367.
266 579 338 665 (vi.)
366 581 463 659 Quod
480 581 572 645 aelus
595 581 723 645 amoris
745 581 942 666 conjugialis
960 580 1094 644 dicatur
1110 580 1195 644 zelo·

98 676 328 759 pria-Zelus
345 697 405 759 pro
421 696 535 740 amore
552 697 631 740 vere
648 675 840 757 conjugiali,
858 684 911 739 est
928 675 1019 739 zelus
1035 674 1197 752 zelorum,

98 772 152 835 ria
172 771 231 834 ille
250 790 345 834 amor
363 780 416 835 est
435 791 531 834 arnor
546 791 710 843 amorum,
728 781 763 835 et
782 769 852 853 ejus
866 770 1027 853 jucunda,
1045 790 1106 853 pro
1124 771 1198 853 qui·

98 887 134 930 rs
152 867 260 930 etiam
279 866 420 941 zelatur,
439 876 519 929 sunt
535 864 685 946 jucunda
701 865 937 947 jucundorum,
958 875 1011 928 est
1031 866 1120 928 enirn
1139 865 1198 928 ille

98 981 181 1034 nor,
212 971 250 1025 ut
279 981 380 1041 supra
410 971 586 1024 ostensum
616 971 681 1035 est,
710 970 813 1041 caput
843 961 993 1022 omniurn
1023 978 1197 1038 amorum

98 1076 178 1119 rusa
195 1064 260 1130 est,
280 1057 358 1137 quia
381 1055 439 1118 ille
461 1075 557 1118 amor
574 1055 704 1117 inducit
722 1054 820 1117 uxori
840 1054 982 1118 sormam
1001 1055 1137 1130 amoris,
1157 1074 1198 1118 ac

102 1153 201 1216 arito
216 1151 358 1214 formam
376 1150 575 1231 sapientiae,
593 1160 628 1212 et
648 1171 692 1212 ex
712 1148 764 1211 his
782 1149 897 1212 formis
913 1150 1016 1213 unitis
1034 1151 1067 1212 in
1084 1168 1198 1223 unam,

98 1267 142 1311 >n
163 1256 281 1328 potest
299 1245 389 1307 aliud
410 1245 606 1326 procedere,
626 1264 728 1326 quarn
747 1243 838 1326 quod
858 1245 948 1325 sapit
967 1265 1013 1307 ex
1032 1246 1200 1324 sapientia

98 1363 103 1406 :
136 1340 240 1403 simul
270 1360 395 1403 amore.
442 1337 614 1420 Quoniam
643 1338 735 1402 zelus
763 1340 889 1401 amoris
918 1338 1118 1419 conjugialis
1145 1348 1200 1401 est

98 1436 168 1501 :lus
202 1435 363 1510 zelorum,
394 1436 473 1499 ideo
506 1456 596 1499 novo
625 1435 761 1497 nomine
791 1434 983 1516 appellatur
1015 1434 1198 1516 zelotypia,

98 1532 166 1596 iod
187 1541 241 1594 est
260 1532 331 1611 ipse
352 1541 454 1611 typus
474 1530 546 1592 zeli.

134 1627 245 1710 368.
270 1624 356 1707 (vii.)
384 1623 481 1702 Quod
495 1624 659 1705 zelotypia
677 1623 724 1687 sit
741 1623 827 1686 sicut
836 1623 998 1708 flagrans
1016 1623 1108 1706 ignis
1125 1644 1199 1687 con·

98 1742 130 1785 *a
150 1720 352 1800 infestantes
367 1741 513 1782 amorem
528 1740 599 1781 cum
614 1719 758 1802 conjitge,
775 1727 807 1781 et
824 1718 914 1800 quod
925 1718 973 1781 sit
986 1717 1072 1781 sicut
1086 1718 1199 1782 horri-

98 1836 136 1879 ἰς
150 1815 253 1877 timor
260 1823 326 1894 pro
327 1814 469 1896 Jiriinra
481 1813 573 1876 illius
585 1810 896 1894 amoris-Agitur
906 1813 960 1876 hic
972 1814 1016 1876 de
1028 1813 1200 1895 zelotypia

98 1914 211 1975 lorum
235 1911 346 1990 quiin
370 1908 535 1990 spirituali
555 1928 670 1971 amore
694 1928 770 1972 curn
794 1907 939 1990 conjuge
963 1919 1064 1987 sunt;
1088 1910 1122 1972 in
1145 1930 1199 1972 se-

98 2015 203 2070 rente
220 2003 363 2066 articulo
379 2005 421 2067 de
439 2003 610 2085 zelotypia
626 2003 760 2066 illorum
777 2005 832 2086 qui
851 2004 884 2066 in
902 2003 1046 2067 naturali
1063 2023 1201 2082 amore3

98 2124 102 2165 ι
125 2111 211 2183 post
230 2099 318 2163 hunc
339 2100 382 2161 de
402 2100 574 2180 zelotypia
593 2098 728 2161 illorum
747 2100 803 2181 qui
826 2100 858 2161 in
883 2118 999 2162 amore
1018 2120 1097 2162 vere
1116 2119 1200 2163 con·
1313 2137 1318 2146 ·

99 2193 201 2278 giali.
247 2194 351 2276 Apud
370 2194 448 2256 illos
467 2195 522 2276 qui
545 2195 578 2255 in
602 2193 767 2274 spirituali
789 2214 905 2257 amore
924 2202 1014 2268 sunt,
1035 2203 1088 2258 est
1108 2193 1200 2258 zelo·

98 2291 171 2374 rpia
196 2291 299 2364 varia,
320 2291 398 2372 quia
427 2308 523 2352 amor
549 2288 683 2351 illorum
707 2299 760 2352 est
789 2289 910 2364 varius,
931 2309 1010 2353 narn
1033 2309 1199 2372 nusquam

98 2397 176 2451 atur
197 2406 282 2447 unus
300 2406 406 2460 amor,
426 2386 497 2447 sive
516 2385 559 2448 sit
580 2385 763 2466 spiritualis
782 2387 853 2448 sive
869 2385 1043 2461 naturalis,
1063 2406 1200 2468 prorsus

98 2481 196 2546 milis
225 2481 315 2562 apud
346 2481 441 2554 duos,
467 2481 577 2542 minus
606 2480 696 2562 apud
727 2480 849 2562 plures.
895 2479 996 2562 Quod
1027 2481 1199 2561 zelotypia

98 2577 273 2648 >iritualis,
298 2595 357 2637 seu
380 2574 470 2657 apud
494 2574 697 2656 spirituales,
722 2575 767 2638 sit
794 2576 881 2638 sicut
905 2575 993 2656 ignis
1016 2574 1199 2656 efflagrans

98 2682 199 2736 >ntra
222 2671 425 2734 infestantes
448 2689 599 2732 amorem
623 2668 850 2750 conjugialem
874 2669 1019 2744 illorum,
1044 2680 1098 2733 est
1121 2670 1201 2752 quia

98 2767 278 2847 rincipium
298 2767 422 2828 amoris
441 2765 530 2845 apud
554 2764 641 2840 illos,
663 2774 716 2828 est
740 2765 772 2826 in
797 2765 970 2846 utriusque
988 2765 1141 2839 internis,
1162 2775 1199 2829 et

98 2882 171 2926 nor
191 2861 325 2923 illorum
345 2881 365 2922 a
384 2859 548 2941 principio
566 2880 628 2921 suo
647 2859 797 2941 sequitur
815 2860 1017 2940 principiata
1032 2879 1136 2941 usque
1155 2860 1199 2923 ad

98 2959 200 3022 ltima
218 2975 289 3030 sua,
310 2977 354 3017 ex
375 2955 494 3037 quibus
513 2964 548 3018 et
568 2952 666 3016 simul
686 2974 731 3016 ex
747 2954 863 3036 primis
882 2952 1095 3028 intermedia,
1112 2975 1198 3036 quae

98 3040 205 3116 lentis
235 3060 270 3112 et
300 3050 453 3130 corporis
475 3058 566 3124 sunt,
590 3049 624 3110 in
651 3068 743 3110 nexu
772 3048 910 3111 amabili
933 3058 1105 3113 tenentur.
1152 3048 1199 3112 Hi

98 3149 153 3210 uia
182 3144 375 3225 spirituales
405 3154 495 3219 sunt,
520 3145 554 3206 in
584 3142 743 3224 conjugio
765 3163 827 3207 suo
857 3163 918 3225 pro
944 3142 1010 3207 fine
1040 3142 1199 3227 spetiant

98 3242 250 3313 nionem,
271 3249 305 3302 et
328 3240 361 3301 in
381 3239 440 3301 illa
462 3238 670 3320 spiritualem
690 3239 850 3320 requiem,
871 3258 910 3301 ac
930 3237 1027 3318 hujus
1046 3240 1199 3303 amoeni·

98 3347 167 3400 ttes
182 3356 189 3411 ;
211 3354 299 3397 nunc
312 3335 390 3416 quia
402 3355 447 3397 ex
460 3334 581 3396 animis
598 3335 666 3396 suis
678 3333 867 3414 rejecerunt
881 3334 1105 3410 disunionenr,
1119 3335 1199 3398 ideo

98 3440 128 3494 st
144 3429 321 3509 zelotypia
340 3428 399 3491 illa
418 3429 505 3491 sicut
524 3429 612 3510 ignis
632 3438 767 3491 emotus
783 3438 819 3492 et
837 3449 874 3491 se
889 3427 1060 3509 ejaculans
1076 3440 1199 3493 contra

98 3525 291 3589 rsestantes.
336 3521 437 3604 Quod
454 3524 558 3586 etiarn
577 3524 620 3587 sit
640 3524 727 3587 sicut
746 3523 900 3586 horridus
919 3524 1031 3599 timor,
1048 3534 1101 3588 est
1121 3525 1199 3606 quia

98 3618 264 3701 piritualis
288 3617 422 3681 illorum
445 3637 540 3681 amor
562 3618 710 3689 intendit
734 3628 771 3681 ut
798 3637 901 3680 unurn
924 3618 1013 3696 sint;
1044 3638 1147 3700 quare
1170 3620 1199 3680 si

98 3715 200 3777 xistit
232 3733 342 3786 casus,
373 3722 431 3775 aut
461 3712 632 3793 contingit
662 3712 862 3793 apparentia
891 3712 1129 3794 separationis,
1159 3711 1197 3778 fit

98 3810 183 3872 imor
213 3808 269 3889 qui
299 3807 426 3882 horret,
451 3807 539 3870 sicut
569 3807 649 3869 dum
674 3807 773 3870 binae
797 3817 912 3888 partes
936 3807 1050 3870 unitae
1073 3808 1198 3871 distra-

98 3913 252 3967 erentur.
300 3902 395 3965 Haec
426 3902 609 3984 descriptio
639 3901 832 3983 zelotypiae
862 3901 943 3964 mihi
977 3902 1059 3966 data
1091 3912 1145 3966 est
1178 3925 1198 3967 e

99 3997 176 4061 aelo
199 3997 243 4060 ab
266 3996 333 4059 illis
356 3997 411 4078 qui
435 3998 467 4060 in
491 4016 607 4060 amore
629 3995 810 4077 conjugiali
833 3997 998 4078 spirituali
1021 4007 1121 4075 sunt;
1144 4008 1199 4064 est

98 4093 169 4156 nirn
194 4111 290 4155 amor
308 4091 508 4172 conjugialis
531 4091 707 4166 naturalis,
731 4111 828 4155 amor
846 4089 1044 4172 coniugialis
1063 4092 1198 4174 spiritu·

98 4184 153 4263 lis,
173 4195 209 4249 et
227 4205 324 4249 amor
341 4185 541 4267 conjugialis
557 4185 739 4263 caelestis,
763 4186 806 4249 de
825 4185 971 4249 naturali
989 4195 1025 4248 et
1044 4186 1198 4263 caelesti,

96 4279 282 4364 llorumque
301 4280 484 4364 zelotypia,
504 4281 637 4345 dicetur
654 4281 687 4344 in
704 4281 791 4344 binis
810 4280 959 4345 articulis
978 4281 1033 4363 qui
1051 4301 1200 4365 sequun-

98 4395 145 4441 ur.
