2782 5026
477 1259 803 1312 PRAEFATIUNCULA
825 1259 1004 1311 EDITORIS.

241 1471 310 1520 Vitia
321 1470 476 1537 typothetae,
485 1477 510 1521 et
522 1470 605 1537 lapsus
618 1469 717 1530 calami,
731 1470 773 1536 qui
785 1478 897 1536 poterant
910 1469 981 1520 nulla
991 1469 1134 1522 temeritatis
1147 1478 1208 1522 nota
1218 1487 1303 1521 emen·

173 1557 239 1619 dari,
253 1559 280 1608 in
294 1566 384 1609 nostra
397 1557 506 1608 editione
519 1558 617 1609 silentio
634 1558 786 1608 correximus
790 1575 798 1620 ;
816 1557 860 1607 nbi
877 1558 976 1623 gravius
988 1557 1049 1624 qnid
1063 1558 1165 1620 latebat,
1179 1574 1233 1609 rem
1246 1559 1303 1609 dili·

174 1651 264 1710 genter
273 1644 481 1710 significavimus.

244 1732 352 1782 Modum
364 1731 498 1791 scribendi,
506 1730 540 1782 ad
549 1731 627 1781 verba
639 1731 774 1797 complura,
786 1732 842 1781 usui
850 1732 940 1782 horum
948 1740 1087 1798 temporum
1099 1731 1194 1797 optimo
1205 1746 1303 1782 accom-

175 1819 349 1869 modavimus:
367 1833 426 1868 cum
438 1817 549 1869 noetore
560 1819 649 1883 Beyer,
662 1819 785 1878 Deliciae,
797 1820 936 1880 Delicium,
948 1820 1086 1878 Deliciari,
1098 1819 1249 1884 scripsimus,
1259 1818 1304 1869 ubi

175 1905 255 1956 editio
265 1905 381 1972 princeps
392 1905 468 1956 habet
477 1912 494 1936 ⁴¹
502 1906 636 1965 Delitiae,’‘
645 1912 662 1935 “
671 1905 818 1966 Delitium,”
829 1913 845 1937 ‘⁴
852 1905 967 1957 Delitiari
974 1907 1000 1968 ;”
1015 1914 1069 1956 tum
1078 1921 1178 1972 quoque
1189 1907 1303 1972 Alioqui,

178 1993 298 2053 caelibes,
318 1993 395 2053 cena,
416 1993 508 2053 Cetera,
529 1993 640 2053 cottidie,
663 1993 809 2056 eeystallus,
830 1994 970 2054 Exsulure,
991 1993 1107 2054 Femina,
1128 1993 1303 2054 Femininum,

176 2079 303 2140 Frmum,
319 2080 478 2139 Heredilare,
492 2080 696 2141 Hereditorium,
709 2082 800 2138 Immo,
815 2081 922 2140 littero,
937 2081 1056 2140 Locutus,
1072 2081 1197 2142 Oestrum,
1210 2081 1303 2147 Proso-

176 2182 252 2225 mare,
264 2166 420 2232 Prosnnum,
434 2168 592 2232 Sepulcrum,
605 2168 686 2227 Silva,
699 2167 808 2232 Sumpsi,
820 2174 877 2228 etc,
890 2176 937 2217 etc.

248 2252 364 2303 Grandes
376 2253 476 2314 litteras,
488 2253 568 2304 oeulis
582 2261 607 2304 et
617 2254 791 2304 consuetudini
808 2262 906 2304 nostrae
920 2254 1006 2305 aetatis
1020 2254 1193 2319 obsequentes,
1204 2254 1303 2320 parcius

175 2339 361 2404 usurpavimus.
395 2341 534 2391 Verborum
552 2340 654 2406 quidem
671 2339 884 2406 interpuuiliones
900 2341 934 2391 ad
950 2350 1045 2390 certam
1059 2357 1173 2391 normam
1191 2341 1303 2406 redigere

175 2427 271 2484 conati,
283 2440 336 2476 non
346 2427 496 2478 mutavimus
507 2427 552 2478 ubi
562 2427 700 2493 periculum
714 2443 747 2477 ne
758 2427 897 2479 sententiae
908 2435 1070 2478 mutarentur.

247 2513 468 2575 Commutationes,
478 2530 540 2581 quas
551 2515 760 2576 enumeravimus,
771 2514 854 2565 saitae
864 2521 923 2565 sunt
934 2522 961 2565 ut
969 2515 1062 2565 auxilio
1073 2514 1123 2565 sint
1133 2514 1252 2565 studioso.

246 2601 424 2652 Revelationes
439 2618 485 2667 pro
499 2602 574 2652 Nova
590 2602 712 2662 Ecclesia,
726 2618 742 2652 a
757 2602 868 2652 Domino
884 2617 929 2667 per
939 2617 1040 2652 servum
1054 2602 1135 2667 Ipsius
1148 2600 1231 2662 datae,
1245 2602 1303 2652 Pro·

174 2687 290 2738 videntia
301 2688 398 2739 Divina
409 2689 546 2739 custoditae
557 2697 623 2739 sunt
658 2689 770 2754 Operum
785 2688 974 2754 Swedenborgii
985 2689 1137 2754 exemplaria
1150 2703 1201 2739 non
1212 2703 1303 2755 pnuoa,

174 2776 296 2841 principis
307 2775 435 2835 editionis,
447 2776 531 2825 adhuc
542 2784 733 2827 oonservantur:
752 2783 778 2826 et
788 2791 864 2836 nuuc,
875 2782 927 2825 arte
944 2790 1018 2837 nova,
1030 2790 1079 2841 ope
1092 2776 1218 2826 radiorum
1235 2775 1304 2836 solis,

173 2862 291 2926 singulae
304 2862 402 2913 litterae
415 2862 562 2929 singulaque
576 2862 782 2928 interpunitionis
796 2862 875 2928 signa,
890 2862 997 2912 describi
1010 2870 1036 2912 et
1051 2861 1172 2913 delineari
1188 2878 1233 2927 per
1248 2877 1301 2913 sae-

172 2948 233 2998 cnla
243 2957 359 3014 possunt.
395 2950 438 2999 Ad
455 2949 516 3000 talia
530 2951 692 3016 exemplaria,
703 2965 755 3000 non
771 2949 805 2999 ad
822 2956 934 3000 nostrum
945 2948 1042 3000 etiamsi
1059 2949 1248 3016 diligentissime
1259 2964 1302 3000 ex·

172 3050 271 3098 cnstnn,
282 3035 407 3087 indubiis
418 3036 600 3087 decurrendum
612 3045 657 3087 est

962 3181 985 3224 S.
1002 3181 1032 3222 H.
1055 3180 1253 3223 WORCESTBR.

220 3272 412 3320 humanam,
426 3270 505 3322 Mam,
516 3272 645 3321 November,
655 3273 711 3327 ribo
