2782 5026
140 442 202 525 ¹5⁶
483 454 668 547 nsucfaa
688 451 920 504 sarmatan

135 636 323 710 perpetuae
342 627 411 689 sint
430 626 476 688 ab
497 626 641 688 infantia
658 625 749 707 apud
771 625 946 687 hominem
965 643 1076 706 usque
1095 626 1142 688 ad
1167 623 1299 689 finert

135 725 230 786 vitae
258 722 342 802 ejus,
365 732 401 785 et
431 733 555 803 postea
582 723 617 783 in
643 734 836 791 aeternum,
859 729 914 782 est
943 739 1061 791 causa,
1087 723 1173 803 quia
1204 728 1299 784 not

135 817 239 880 datur
256 815 332 878 finis
350 817 527 885 scientiae,
548 816 659 878 minus
681 815 946 896 intelligentiae,
963 824 1000 876 et
1019 815 1138 878 adhuc
1160 818 1258 879 minu
1270 825 1299 871 Δ

136 913 348 995 sapientiae;
371 921 425 973 est
443 912 535 973 enirn
553 909 705 973 infinitas
720 930 760 973 ac
776 911 967 973 aeternitas
983 911 1017 972 in
1035 910 1299 993 amplitudine

135 1006 271 1071 illarum
289 1024 336 1068 ex
356 1003 496 1067 Infinito
514 1025 553 1068 ac
573 1005 742 1078 Aetemo,
759 1025 780 1066 a
798 1003 878 1085 Quo
895 1014 997 1067 sunt:
1021 1005 1108 1068 inde
1128 1017 1187 1069 est
1208 1007 1299 1069 hoc

137 1101 411 1184 philosophicum
429 1111 596 1171 veterum,
615 1101 707 1182 quod
725 1120 828 1164 omne
847 1100 892 1164 sit
908 1100 1081 1163 divisibile
1102 1102 1138 1163 in
1159 1101 1299 1165 inlini-

135 1207 210 1260 tum
225 1216 233 1273 ;
256 1195 311 1259 cui
325 1194 551 1275 adjiciendum
567 1205 633 1265 est,
646 1195 738 1277 quod
754 1194 910 1258 similiter
921 1197 966 1258 sit
979 1194 1257 1277 multiplicabile
1268 1213 1299 1258 :

136 1289 252 1371 angeli
274 1299 444 1361 asserunt,
464 1289 555 1371 quod
579 1310 600 1351 a
622 1288 774 1352 Domino
795 1287 1013 1370 perficiantur
1035 1292 1220 1372 sapientia
1243 1293 1299 1354 ir!

136 1396 326 1457 aeternum,
346 1384 438 1466 quod
457 1386 562 1447 etiam
580 1384 687 1447 estin
705 1381 887 1458 infinitum,
906 1383 986 1465 quia
1003 1394 1196 1449 aeternum
1221 1397 1299 1451 est

136 1477 307 1542 infinitum
325 1479 502 1558 temporis.

199 1572 298 1638 186.
330 1571 395 1654 (ii.)
422 1571 520 1649 Quod
536 1572 695 1636 similiter
702 1572 825 1652 sarm
846 1572 981 1635 interna
1001 1571 1168 1651 hominis,
1187 1597 1299 1658 quae

135 1677 188 1731 est
207 1667 352 1748 spiritus
372 1665 601 1750 eries-Quod
624 1668 710 1731 haec
728 1669 893 1731 continue
911 1678 1063 1730 mutetur
1082 1671 1178 1734 sicut
1200 1682 1291 1734 sta·

135 1772 190 1827 tus
212 1764 305 1825 vitae
327 1761 475 1825 hominis
499 1774 662 1833 mutatur,
681 1773 736 1826 est
759 1764 838 1844 quia
861 1782 930 1825 non
952 1762 1057 1825 datur
1079 1766 1289 1847 quicquain

135 1858 200 1922 nisi
218 1857 387 1931 informa,
405 1869 441 1921 et
458 1868 571 1921 status
587 1858 718 1920 inducit
737 1857 854 1935 illam;
878 1878 981 1941 quare
997 1858 1091 1921 idem
1109 1870 1179 1934 est,
1198 1863 1282 1926 sive

135 1953 279 2028 dicatur,
308 1955 399 2034 quod
429 1963 543 2015 status
571 1954 664 2016 vitae
693 1952 841 2015 hominis
872 1962 1035 2028 mutetur,
1067 1955 1142 2017 sive
1173 1956 1280 2019 dica-

134 2057 201 2122 tur,
225 2051 316 2131 quod
340 2049 448 2111 lorma
470 2048 551 2130 ejus.
597 2046 728 2112 Omnes
747 2045 946 2111 affedtiones
964 2059 1001 2111 et
1025 2051 1271 2130 cogitationes

133 2140 281 2205 hominis
308 2154 388 2206 sunt
417 2145 452 2206 in
481 2143 607 2216 formis,
630 2153 666 2205 et
696 2144 776 2206 inde
799 2164 844 2206 ex
873 2142 1001 2217 formis,
1027 2164 1109 2206 nam
1133 2145 1269 2210 formae

134 2247 214 2300 sunt
237 2235 389 2319 subjedia
418 2237 572 2315 illarum;
601 2235 799 2300 affectiones
822 2248 857 2302 et
880 2238 1118 2318 cogitationes
1141 2240 1171 2302 si
1196 2261 1262 2305 non

133 2331 245 2396 forent
268 2334 302 2396 in
327 2331 497 2414 subjectis,
514 2353 601 2415 quae
623 2332 772 2396 formata
794 2344 886 2407 sunt,
901 2334 1071 2396 'darentur
1093 2336 1206 2399 etiam
1230 2337 1260 2399 in

133 2428 257 2490 craniis
275 2448 296 2491 a
315 2428 455 2491 cerebro
473 2427 613 2504 vacuis;
636 2428 728 2509 quod
747 2428 858 2491 simile
876 2427 964 2491 soret
981 2429 1070 2491 sicut
1090 2449 1171 2492 cum
1187 2431 1259 2494 visu

133 2522 262 2605 absque
295 2522 407 2596 oculo,
435 2540 512 2585 cum
545 2522 664 2585 auditu
697 2522 826 2605 absque
855 2542 947 2597 aure,
977 2532 1013 2586 et
1043 2543 1123 2587 cum
1157 2536 1258 2606 gustu

134 2617 261 2699 absque
278 2616 394 2699 lingua
408 2638 416 2693 ;
440 2616 531 2699 quod
547 2615 700 2698 subjecta
714 2618 835 2680 horum
848 2637 1009 2681 sensuum
1025 2619 1107 2692 sint,
1120 2629 1157 2683 et
1174 2619 1257 2684 haec

132 2710 273 2786 formae,
294 2723 413 2775 notum
433 2722 496 2775 est.
542 2710 645 2792 Quod
665 2714 828 2776 continue
847 2723 1000 2776 mutetur
1018 2723 1134 2777 status
1152 2717 1256 2789 vitae,

132 2816 169 2870 et
192 2808 271 2871 inde
294 2806 401 2870 forma
420 2806 509 2887 apud
532 2807 719 2882 hominem,
739 2818 805 2883 est,
825 2809 902 2890 quia
921 2809 1049 2871 veritas
1068 2820 1134 2884 est,
1155 2830 1257 2893 quam

132 2902 306 2982 sapientes
336 2903 526 2966 docuerunt
555 2912 592 2967 et
622 2903 733 2966 adhuc
764 2904 902 2977 docent,
934 2904 1025 2985 quod
1056 2923 1126 2966 non
1157 2906 1258 2970 detur

132 2996 235 3071 idem,
249 3017 309 3060 seu
324 2997 484 3061 absoluta
499 2999 663 3062 identitas
679 2999 833 3072 duorum,
850 2999 961 3060 minus
978 2999 1122 3081 plurium
1137 3021 1145 3078 ;
1169 3002 1258 3065 sicut

133 3111 201 3154 non
233 3093 320 3157 duae
349 3093 462 3166 facies,
487 3094 598 3156 minus
623 3092 747 3176 plures,
772 3093 969 3170 hominum;
1004 3095 1114 3158 simile
1145 3107 1200 3161 est
1223 3098 1257 3160 in

132 3189 344 3263 successivis,
362 3189 452 3270 quod
470 3209 538 3251 non
555 3189 655 3252 detur
671 3189 762 3251 idem
778 3197 891 3250 status
904 3190 996 3251 vitae
1012 3209 1161 3272 sequens
1179 3211 1256 3255 cum

132 3283 337 3363 praeterito:
363 3304 407 3345 ex
427 3305 494 3365 quo
513 3283 594 3357 fluit,
612 3284 704 3365 quod
723 3292 889 3364 perpetua
908 3284 953 3345 sit
974 3286 1122 3347 mutatio
1141 3296 1256 3351 status

131 3377 222 3440 vitae
254 3378 343 3460 apud
377 3377 561 3451 hominem,
593 3379 734 3460 proinde
767 3379 872 3441 etiam
905 3388 1073 3459 perpetua
1106 3383 1257 3445 mutatio

130 3471 270 3547 formae,
302 3473 464 3553 imprimis
494 3473 705 3535 internorum
735 3470 816 3552 ejus.
876 3471 926 3535 At
956 3473 1034 3554 quia
1064 3473 1149 3537 haec
1185 3497 1256 3538 non

131 3570 259 3632 docent
289 3568 415 3650 aliquid
445 3569 488 3630 de
512 3566 687 3649 conjugiis,
713 3568 774 3630 sed
804 3567 909 3630 modo
939 3577 1062 3649 parant
1086 3571 1179 3632 viam
1211 3572 1255 3635 ad

131 3664 348 3746 cognitiones
367 3664 409 3726 de
429 3663 505 3736 illis,
526 3671 598 3727 tum
618 3663 695 3745 quia
717 3672 797 3725 sunt
821 3663 925 3725 modo
948 3664 1109 3725 scrutinia
1132 3685 1179 3727 ex
1203 3666 1256 3728 in·

129 3757 272 3824 telledlu
291 3757 537 3841 philosophica,
554 3778 641 3840 quae
660 3758 861 3839 quibusdam
877 3758 1002 3819 arduae
1021 3759 1256 3841 perceptionis

130 3865 220 3928 aunt,
239 3853 316 3917 ideo
334 3863 413 3936 post
434 3853 518 3916 haec
539 3873 646 3934 pauca
666 3862 896 3915 transeuntur.

194 3947 287 4030 187·
320 3946 394 4031 (iii.)
421 3947 518 4026 Quod
535 3947 600 4010 leae
617 3947 814 4010 mutationes
829 3946 918 4010 ale'ae
938 3945 1011 4010 sint
1030 3945 1128 4027 apud
1145 3947 1253 4024 viras,

129 4043 217 4108 ale'ae
238 4045 334 4125 apud
342 4042 505 4124 feminas,
531 4042 684 4125 qnoniam
706 4041 778 4104 viri
797 4064 819 4105 a
839 4042 1002 4105 creatione
1022 4051 1102 4104 sunt
1113 4042 1256 4121 formae

129 4140 293 4214 scientiae,
311 4137 547 4220 intelligentiae
560 4147 593 4200 et
609 4137 802 4218 sapientiae,
811 4137 962 4217 feminae
970 4137 1109 4217 formae
1123 4139 1253 4203 amare}

129 4234 266 4298 illarum
285 4235 380 4316 apud
397 4232 648 4314 uenas-Quod
672 4234 733 4296 viri
763 4233 870 4296 creati
899 4233 968 4295 sint
991 4231 1121 4295 formae
1145 4233 1252 4297 intel-

130 4327 248 4405 lectus,
270 4340 305 4393 et
324 4329 416 4412 quod
439 4329 583 4392 feminae
603 4339 741 4392 creatae
761 4329 829 4391 sint
848 4327 977 4391 formae
996 4327 1122 4390 amoris
1145 4327 1250 4391 intel·

130 4422 238 4489 letius
256 4425 415 4501 virorum,
433 4424 658 4508 explanatum
674 4443 775 4507 supra
793 4422 840 4507 (n.
856 4421 913 4506 90)
931 4421 1099 4486 videatur.
1144 4420 1248 4504 Quod
