2782 5026
353 107 403 159 nn
426 107 559 161 ruore
582 108 903 175 comumnes-n.
923 112 995 162 211.
1170 112 1228 181 ¹73

48 276 270 343 audiendi
297 297 344 341 ex
369 296 489 341 amore
512 275 728 342 auscultandi
751 287 787 343 et
814 277 1007 354 obediendi,
1031 287 1085 343 est
1108 298 1230 344 sensus

45 373 255 449 auditus,
273 380 311 436 et
327 371 422 454 hujus
438 373 667 436 amoenitates
682 382 762 437 sunt
778 372 999 453 harmoniae;
1022 375 1129 439 amori
1145 394 1230 456 cog·

46 467 277 531 noscendi
299 467 359 531 illa
381 487 468 549 quae
495 467 731 531 circumfluunt
755 469 789 531 in
811 488 889 532 aere
912 489 957 532 ex
980 488 1096 533 amore
1118 470 1230 552 perci·

46 561 234 644 piendi,
254 570 310 625 est
327 581 448 624 sensus
466 559 622 635 olfadius,
642 571 678 624 et
698 560 795 643 hujus
814 563 1045 627 amoenitates
1063 574 1143 628 sunt
1161 565 1228 629 fra·

47 656 288 738 grantiae;
312 656 419 719 amori
438 675 474 719 se
492 656 664 719 nutriendi
682 676 728 718 ex
747 675 863 721 amore
882 657 1056 722 imbuendi
1075 678 1112 723 se
1130 659 1231 723 bonis

45 761 123 815 et
146 751 262 825 veris,
284 760 338 814 est
356 770 476 815 sensus
492 760 625 832 gustus,
645 761 681 814 et
698 749 795 831 hujus
807 750 1040 831 jucunditates
1056 762 1137 818 sunt
1156 752 1229 817 lau·

46 846 227 909 titiae:
253 845 361 908 amori
379 845 613 926 cognoscendi
632 842 777 926 objecta,
797 866 843 909 ex
862 865 978 910 amore
997 848 1229 929 circumspici·

47 941 180 1005 endi
202 948 243 1004 et
263 939 401 1003 tutandi
416 959 464 1014 se,
482 948 537 1002 est
554 958 672 1002 sensus
689 937 814 1014 tacius,
830 949 866 1003 et
885 939 982 1021 hujus
997 944 1229 1006 amoenitates

49 1044 181 1099 sunt
204 1033 438 1098 titillationes.
483 1032 587 1116 Quod
606 1035 713 1097 amori
732 1033 963 1116 conjungendi
981 1056 1019 1100 se
1037 1056 1114 1101 cum
1133 1057 1229 1101 com·

50 1130 186 1213 pari,
207 1149 256 1192 ex
273 1147 389 1192 amore
406 1129 544 1193 uniendi
560 1129 688 1193 bonum
704 1138 741 1193 et
760 1149 889 1204 verum,
906 1131 950 1194 sit
965 1150 1085 1194 sensus
1101 1129 1227 1208 taetus,

49 1233 149 1288 est
178 1223 264 1306 quia
290 1222 348 1286 ille
371 1243 492 1286 sensus
523 1232 577 1288 est
607 1225 798 1287 communis
821 1225 972 1288 omnium
995 1245 1167 1300 sensuum,
1185 1237 1228 1292 et

50 1319 182 1383 inde
203 1339 252 1381 ex
272 1317 340 1380 illis
358 1316 465 1382 trahit
484 1327 638 1399 spartas;
662 1318 753 1400 quod
773 1317 827 1382 hic
847 1337 943 1383 amor
961 1320 995 1383 in
1014 1322 1228 1384 communio-

51 1433 181 1479 nem
207 1432 327 1477 secum
355 1413 441 1477 ferat
469 1432 589 1476 omnes
612 1409 826 1494 supradictos
853 1433 984 1489 sensus,
1011 1424 1048 1478 et
1074 1417 1228 1479 amoeni-

50 1519 197 1577 tates
215 1507 352 1570 illorum
368 1507 431 1570 sibi
447 1508 599 1582 addicet,
613 1518 733 1571 notum
751 1517 817 1571 est.
862 1507 964 1590 Quod
980 1529 1099 1573 sensus
1116 1507 1229 1574 tactus

51 1604 291 1669 addicatus
309 1604 354 1666 sit
373 1604 480 1667 amori
499 1602 695 1685 conju‘giali,
715 1613 751 1667 et
770 1604 861 1685 quod
881 1605 926 1668 sit
945 1603 1043 1685 hujus
1062 1606 1227 1687 proprius,

55 1707 205 1782 patet
231 1718 276 1762 ex
300 1699 393 1761 omni
417 1698 499 1761 ludo
522 1697 602 1778 ejus,
628 1709 663 1762 et
691 1699 735 1762 ab
761 1698 977 1762 exaltatione
1000 1699 1229 1764 subtilitatum

58 1795 176 1876 ejus
202 1792 248 1856 ad
272 1812 403 1856 summe
426 1794 656 1875 exquisitum:
690 1793 752 1857 sed
775 1793 860 1857 haec
883 1794 1028 1876 amplius
1048 1795 1227 1870 deducere,

59 1889 309 1970 telinquitur
327 1889 548 1952 amatoribus.

166 1996 262 2046 211.
294 1979 357 2063 (ii.)
385 1980 481 2058 Quod
491 1981 587 2062 apud
599 1980 686 2056 illos,
704 1980 765 2064 qui
779 1980 814 2044 in
828 2003 942 2046 amore
959 2003 1036 2046 vere
1051 1981 1232 2066 conjugiali

60 2087 195 2152 sunt,
215 2085 345 2139 crescat
357 2075 512 2156 facultas
534 2076 711 2157 sapimdi,·
741 2076 803 2140 sed
821 2076 911 2159 quod
928 2076 1007 2140 haec
1028 2076 1127 2157 apud
1140 2076 1226 2149 illos,

61 2173 247 2257 quinon
266 2171 301 2234 in
316 2191 429 2234 amore
441 2170 623 2256 conjitgr’alr'
634 2182 722 2247 sunt,
742 2171 1064 2253 decrescat.-—Quod
1081 2172 1227 2237 facultas

64 2267 263 2352 sapiendi
279 2268 369 2348 apud
386 2266 476 2342 illos,
490 2269 546 2349 qui
562 2268 595 2330 in
609 2286 725 2331 amore
737 2288 818 2330 vere
830 2266 1014 2348 conjugiali
1030 2276 1120 2341 sunt,
1136 2287 1226 2329 cres-

65 2374 174 2438 eat,
196 2371 251 2425 est
276 2362 354 2444 quia
377 2361 432 2424 hic
456 2380 552 2425 amor
575 2382 620 2425 ex
642 2362 825 2443 sapientia,
850 2370 885 2424 et
909 2361 1096 2424 secundum
1120 2361 1226 2436 illam,

69 2469 156 2524 est
178 2456 271 2539 apud
287 2455 462 2539 conjuges,
479 2465 515 2519 ut
533 2457 567 2518 in
583 2453 882 2531 transadlionibus,
899 2476 986 2538 quae
1003 2456 1225 2536 praecedunt,

72 2554 220 2638 plenis
242 2553 455 2635 argumentis
478 2562 655 2615 ostensum
680 2561 754 2628 est;
788 2561 861 2615 tum
888 2553 965 2633 quia
989 2551 1078 2614 illius
1101 2551 1227 2615 amoris

73 2667 230 2714 sensus
249 2657 302 2711 est
323 2644 446 2722 tactus,
467 2646 576 2710 ethic
596 2647 789 2709 communis
809 2655 864 2709 est
883 2646 1040 2709 omnibus
1059 2644 1226 2720 sensibus,

74 2755 136 2810 et
163 2763 302 2826 quoque
325 2742 447 2824 plenus
466 2740 608 2816 deliciis,
627 2741 707 2803 inde
730 2740 789 2803 ille
812 2741 921 2821 aperit
944 2740 1107 2803 interiora
1129 2759 1226 2803 men·

76 2843 203 2912 tium,
222 2839 310 2901 sicut
330 2838 439 2919 aperit
458 2836 622 2900 interiora
638 2854 810 2908 sensuum,
828 2844 864 2897 et
884 2854 960 2897 cum
981 2835 1048 2898 illis
1065 2835 1228 2915 organica

79 2935 217 3000 totius
240 2934 411 3014 corporis:
446 2931 574 2994 exinde
597 2931 760 3013 sequitur,
781 2929 871 3012 quod
895 2929 944 2992 illi
966 2930 1023 3011 qui
1053 2929 1087 2991 in
1110 2948 1226 2992 amore

81 3034 166 3097 illo
193 3038 287 3102 sunt,
308 3027 391 3091 nihil
422 3028 537 3110 potius
566 3034 694 3100 ament,
715 3043 816 3106 quam
844 3044 983 3106 sapere;
1014 3044 1092 3087 nam
1121 3023 1227 3086 homo

82 3127 209 3210 sapit,
224 3133 389 3207 quantum
409 3122 572 3185 interiora
591 3121 717 3184 mentis
736 3119 807 3201 ejus
826 3121 1042 3200 aperiuntur;
1065 3139 1126 3202 per
1144 3139 1225 3200 ape·

82 3223 268 3287 titionem
280 3218 370 3281 enim
384 3215 562 3280 elevantur
575 3215 806 3296 cogitationes
820 3211 1015 3276 intellectus
1028 3213 1061 3275 in
1074 3214 1226 3294 superio·

86 3335 178 3380 rem
191 3315 315 3386 lucem,
328 3321 364 3374 et
381 3307 577 3373 affectiones
587 3307 776 3372 voluntatis
793 3309 826 3370 in
839 3308 1046 3389 superiorem
1060 3306 1224 3380 calorem,

88 3422 139 3476 et
165 3409 320 3489 superior
343 3403 404 3469 lux
426 3414 480 3468 est
504 3405 682 3486 sapientia,
707 3412 743 3466 et
766 3403 917 3484 superior
939 3400 1033 3465 calor
1055 3411 1108 3464 est
1129 3420 1226 3464 amor

93 3506 200 3587 ejus:
235 3501 378 3565 deliciae
401 3500 593 3582 spirituales
621 3494 823 3579 conjundhe
846 3497 976 3559 deliciis
1000 3494 1223 3569 naturalibus,

94 3619 194 3684 quae
213 3606 294 3659 sunt
317 3595 394 3670 illis,
415 3595 470 3677 qui
493 3595 527 3656 in
550 3612 666 3656 amore
684 3612 763 3655 vere
782 3589 964 3672 conjugiali
987 3599 1077 3664 sunt,
1097 3589 1225 3653 iaciunt

99 3692 369 3766 amabilitatem,
383 3699 419 3753 et
436 3689 515 3752 inde
530 3688 731 3751 facultatem
744 3686 906 3768 sapiendi.
953 3685 1038 3748 Inde
1054 3693 1118 3757 est,
1132 3682 1225 3764 quod

102 3786 242 3870 angelis
276 3787 323 3849 sit
358 3804 455 3848 amor
490 3781 692 3864 conjugialis
721 3780 907 3844 secundum
937 3779 1152 3861 sapientiam,
1183 3796 1224 3841 ac

106 3882 234 3946 amoris
245 3879 336 3944 illius
353 3889 390 3943 et
409 3878 507 3941 simul
520 3877 716 3940 deliciarum
729 3875 800 3956 ejus
813 3877 1024 3938 incrementa
1036 3872 1224 3935 secundum

107 3977 300 4059 sapientiae
321 3975 554 4048 incrementa;
588 3981 624 4035 et
650 3971 741 4052 quod
769 3970 882 4051 proles
908 3966 1111 4050 spirituales,
1135 3985 1223 4047 quae

113 4089 157 4136 ex
178 4068 346 4156 conjugiis
363 4067 497 4132 illorum
514 4076 710 4141 nascuntur,
731 4065 799 4129 sint
823 4064 905 4128 talia
928 4083 1014 4146 quae
1032 4060 1221 4144 sapientiae
