2850 5026
153 433 195 516 98
503 445 686 496 oatrcrxa
709 444 937 496 steranrrxa

153 615 320 676 occidente.
334 623 364 669 et
377 623 483 669 coetus
496 629 514 669 a
526 613 730 685 septentrione
742 631 749 676 ς
760 623 799 668 'et
812 613 945 685 quaesivi
961 613 1156 669 advenientes
1169 629 1206 669 ex
1221 614 1279 669 ori·

151 706 222 750 ente
237 705 269 749 et
282 695 415 756 meridie,
427 694 479 766 qui
492 705 579 749 erant
591 694 642 766 qui
658 694 687 748 in
702 696 816 750 mundo
828 696 1007 750 studuerant
1020 694 1194 756 eruditioni.
1208 711 1277 749 num

151 777 275 831 videant
294 774 343 829 hic
362 775 442 845 apud
462 791 511 829 me
529 775 659 845 aliquem
679 785 711 830 et
729 775 842 846 aliquid
862 775 892 829 in
912 791 1002 829 manu
1018 776 1093 845 ejus.
1131 774 1279 831 Dixerunt

150 870 268 916 ornnes,
281 854 364 923 quod
378 869 500 924 prorsus
514 854 596 909 nihil.

207 933 349 1006 Quaesivi
363 933 433 989 dein
448 933 514 988 illos
527 932 578 1005 qui
593 933 780 989 advenerunt
795 951 833 988 ex
845 933 1002 989 occidente
1017 943 1048 988 et
1063 934 1278 1004 septentrione,

152 1013 203 1084 qui
219 1023 305 1068 erant
318 1013 369 1084 qui
386 1012 416 1066 in
429 1014 521 1068 verba
533 1014 720 1068 eruditorum
740 1014 769 1067 in
790 1015 908 1068 mundo
917 1014 1124 1068 crediderant:
1147 1014 1178 1067 hi
1197 1015 1278 1069 dixe·

151 1102 221 1147 runt
233 1093 315 1164 quod
330 1108 385 1147 nec
397 1092 527 1164 aliquid:
546 1104 679 1147 attamen
694 1094 791 1148 ultimi
805 1110 842 1148 ex
855 1094 910 1154 his,
921 1092 971 1164 qui
988 1094 1018 1147 in
1032 1093 1147 1146 mundo
1160 1092 1277 1148 lucrant

149 1174 180 1228 ln
200 1174 329 1244 simplici
350 1173 409 1227 fide
424 1189 462 1227 ex
474 1174 629 1235 charitate.
643 1190 696 1228 seu
712 1174 742 1227 in
758 1175 860 1244 aliquo
875 1190 947 1228 vero
962 1190 998 1227 ex
1014 1174 1103 1235 bono,
1117 1184 1276 1244 postquam

149 1254 308 1309 abluerunt
324 1254 447 1325 priores,
460 1253 609 1316 dixerunt,
622 1255 703 1326 quod
719 1255 843 1308 videant
857 1254 954 1308 virum
969 1270 1038 1308 cum
1054 1254 1166 1314 charta,
1181 1254 1276 1308 virum

151 1335 180 1389 in
200 1334 305 1388 habitu
325 1335 444 1396 decoro,
459 1343 491 1388 et
505 1333 640 1387 chartam
655 1350 746 1404 super
763 1350 823 1405 qua
841 1334 959 1388 litterae
978 1345 1133 1394 exaratae:
1159 1343 1190 1387 et
1209 1349 1276 1387 curn

148 1415 348 1468 admoverunt
360 1413 473 1475 oculos,
484 1413 625 1467 dicebant
634 1414 715 1485 quod
729 1413 873 1484 legerent,
885 1414 1062 1483 conjugium
1074 1414 1182 1466 boniet
1193 1417 1277 1477 veri:

148 1503 180 1548 et
193 1494 223 1547 hi
238 1493 468 1564 alloquebantur
480 1493 630 1563 angelum,
644 1504 784 1564 rogantes
798 1504 831 1547 ut
844 1493 958 1547 diceret
970 1493 1043 1564 quid
1058 1493 1124 1547 hoc.

205 1573 242 1627 Et
254 1573 339 1635 dixit,
352 1573 434 1644 quod
449 1572 551 1626 omnia
562 1588 638 1642 quae
653 1572 682 1625 in
697 1573 838 1626 universo
851 1573 935 1626 caelo
948 1582 1026 1633 sunt,
1040 1583 1071 1626 et
1084 1571 1187 1626 omnia
1200 1588 1276 1644 quae

150 1652 180 1706 in
194 1653 335 1706 universo
349 1652 471 1713 mundo,
486 1668 546 1706 non
560 1653 621 1706 sint
634 1652 691 1706 nisi
702 1667 791 1723 quam
804 1652 978 1722 conjugium
993 1651 1064 1706 boni
1078 1662 1109 1705 et
1119 1652 1191 1712 veri,
1202 1668 1276 1723 quo·

150 1733 230 1786 niam
242 1732 346 1786 omnia
358 1740 389 1785 et
402 1731 527 1802 singula,
540 1742 602 1785 tam
615 1747 692 1803 quae
704 1732 811 1785 vivunt
826 1741 858 1786 et
872 1732 1008 1785 animant
1021 1747 1110 1802 quam
1124 1747 1202 1803 quae
1216 1747 1275 1785 non

149 1811 255 1866 vivunt
271 1821 302 1865 et
320 1827 382 1865 non
401 1811 544 1871 animant.
560 1827 598 1864 ex
616 1811 759 1881 conjugio
778 1811 849 1865 boni
868 1820 900 1864 et
915 1811 977 1864 veri
993 1821 1025 1865 et
1041 1811 1070 1864 in
1088 1811 1159 1864 illud
1176 1822 1276 1865 creata

149 1901 236 1945 sunt:
256 1899 271 1920 ⁴·
280 1906 341 1945 non
355 1890 446 1944 datur
455 1891 615 1961 quicquam
626 1901 760 1945 creatum
774 1890 804 1944 in
816 1890 912 1945 solum
926 1907 1040 1952 verum,
1052 1891 1274 1962 necquicquam

150 1970 180 2024 in
194 1970 291 2024 solum
305 1970 435 2031 bonum:
455 1970 514 2024 hoc
528 1981 558 2024 et
575 1969 646 2023 illud
664 1970 831 2024 solitarium
848 1986 907 2023 non
924 1980 970 2024 est
989 1970 1110 2040 aliquid,
1124 1970 1177 2023 sed
1198 1970 1275 2024 exis·

149 2059 218 2103 tunt
234 2059 265 2103 et
283 2048 360 2103 fiunt
379 2066 433 2120 per
446 2049 621 2120 conjugium
641 2049 701 2103 tale
715 2048 838 2120 aliquid,
853 2050 941 2120 quale
957 2061 1003 2105 est
1018 2049 1202 2119 conjugium.
1241 2047 1274 2102 ln

152 2128 285 2184 Domino
297 2128 441 2184 Creatore
454 2139 501 2184 est
522 2128 665 2183 Divinum
687 2127 806 2183 Bonum
822 2138 854 2183 et
875 2128 1017 2182 Divinum
1034 2128 1146 2182 Verum
1164 2128 1194 2181 in
1211 2129 1275 2198 ipsa

149 2225 204 2263 sua
216 2208 399 2271 substantia:
418 2208 603 2263 substantiae
616 2207 713 2278 lpsius
725 2207 797 2262 Esse
810 2216 856 2262 est
869 2207 1010 2262 Divinum
1024 2207 1150 2267 Bonum.
1162 2216 1193 2261 et
1206 2209 1275 2262 sub·

149 2288 278 2342 stantiae
299 2286 396 2358 Ipsius
418 2288 552 2343 Existere
565 2298 612 2342 est
629 2286 771 2341 Divinum
787 2287 907 2348 Verum,
920 2298 952 2342 et
966 2303 1087 2358 quoque
1102 2296 1149 2341 est
1165 2287 1196 2340 in
1212 2287 1275 2357 ipsa

150 2383 204 2422 sua
215 2366 343 2429 Unione,
355 2383 423 2421 narn
438 2368 468 2422 in
484 2367 553 2438 lpso
567 2367 682 2421 infinite
696 2383 789 2420 unum
803 2366 932 2428 iaciunt;
951 2367 1092 2437 quoniam
1109 2366 1158 2420 illa
1171 2366 1234 2420 duo
1244 2367 1273 2419 in

151 2445 221 2518 lpso
235 2447 377 2502 Creatore
390 2463 483 2500 unum
497 2458 575 2508 sunt,
590 2447 658 2501 ideo
670 2447 760 2500 etiam
778 2446 808 2499 in
824 2446 964 2500 omnibus
978 2456 1009 2500 et
1024 2446 1150 2515 singulis
1166 2445 1274 2500 creatis

149 2528 187 2582 ab
202 2526 272 2597 lpso
285 2544 377 2580 unum
392 2537 479 2587 sunt;
499 2543 551 2596 per
563 2527 593 2580 id
604 2543 724 2596 quoque
738 2526 864 2581 Creator
873 2542 942 2579 cum
956 2526 1096 2580 omnibus
1109 2541 1127 2580 a
1141 2525 1180 2580 Se
1193 2542 1274 2580 crea·

147 2608 189 2662 tis
204 2619 327 2662 aeterno
343 2606 463 2661 loedere
479 2607 556 2660 sicut
569 2607 701 2676 conjugii
717 2604 897 2676 conjunilus
910 2606 984 2660 est.”
1022 2606 1117 2660 Porro
1131 2606 1208 2660 dixit
1222 2622 1274 2660 an·

149 2688 242 2758 gelus.
256 2688 337 2758 quod
358 2686 512 2756 Scriptura
532 2685 629 2747 Sacra,
643 2702 719 2756 quae
739 2685 913 2739 immediate
932 2701 950 2739 a
970 2684 1100 2739 Domino
1118 2687 1272 2756 processit.

149 2766 189 2821 sit
203 2766 232 2819 in
248 2765 400 2819 communi
414 2776 444 2819 et
459 2765 488 2818 in
502 2775 586 2835 parte
599 2765 775 2835 conjugium
790 2764 860 2818 boni
874 2776 904 2818 et
918 2765 996 2818 veri:
1014 2775 1044 2818 et
1055 2765 1125 2834 quia
1138 2766 1272 2827 ecclesia,

149 2861 226 2917 quae
245 2844 392 2899 lormatur
410 2861 462 2914 per
481 2860 583 2898 verum
603 2843 766 2905 dodlrinae,
782 2853 813 2898 et
833 2844 945 2914 religio.
961 2861 1037 2914 quae
1057 2843 1203 2898 formatur
1221 2861 1274 2915 per

149 2925 262 2978 bonum
273 2924 352 2977 vitae
365 2924 529 2977 secundum
541 2939 644 2977 verum
658 2922 821 2985 dodlrinae,
832 2925 911 2992 apud
926 2923 1113 2978 Christianos
1126 2935 1172 2977 est
1186 2925 1273 2978 unice

149 3019 186 3057 ex
200 3002 353 3073 Scriptura
366 3001 464 3062 Sacra.
478 3013 617 3056 constare
630 3013 739 3072 potest,
752 3003 833 3073 quod
848 3003 974 3057 ecclesia
988 3003 1016 3055 in
1030 3003 1183 3058 communi
1198 3016 1229 3057 et
1243 3004 1271 3058 in

150 3093 233 3152 parte
243 3081 283 3136 sit
292 3081 466 3152 conjugium
478 3082 549 3136 boni
559 3092 590 3136 et
598 3082 669 3136 veri.
694 3082 794 3154 (Quod
808 3082 849 3135 ita
858 3082 1090 3142 sit‚videaturin
1100 3083 1277 3152 Apocalypsi

149 3161 297 3223 Revelato,
311 3178 339 3215 n.
351 3174 410 3229 373.
421 3161 494 3228 483.)
534 3160 617 3215 ldem
633 3161 690 3215 hoc
700 3162 781 3231 quod
795 3160 1007 3231 supraditlum
1022 3171 1068 3215 est
1078 3162 1116 3215 de
1129 3163 1273 3232 conjugio

149 3240 220 3294 boni
234 3250 265 3294 et
274 3241 345 3302 veri,
356 3239 470 3295 didlum
481 3240 571 3294 etiam
582 3250 628 3294 est
639 3240 676 3295 de
686 3243 820 3311 conjugio
832 3241 993 3294 chartiatis
1004 3241 1118 3310 elfidet',
1129 3242 1272 3312 quoniam

149 3319 262 3374 bonum
276 3330 321 3374 est
334 3319 497 3380 charitatis,
511 3329 542 3373 et
554 3336 657 3373 verum
671 3330 717 3374 est
731 3319 808 3375 fidei.

203 3398 335 3469 Quidam
352 3415 389 3453 ex
408 3399 565 3469 prioribus,
578 3399 629 3469 qui
646 3415 705 3452 non
721 3399 862 3453 viderunt
877 3400 1016 3469 angelum
1035 3408 1066 3452 et
1085 3399 1272 3470 scripturam.

149 3478 248 3533 adhuc
261 3479 424 3539 adstantes,
437 3489 467 3533 et
480 3478 636 3533 audientes
651 3479 708 3540 illa,
722 3479 863 3533 dicebant
878 3495 930 3532 ore
946 3479 1121 3548 semipleno,
1147 3477 1272 3534 “Immo

150 3557 249 3618 etiam.
263 3557 398 3627 capimus
411 3556 488 3612 illa.”

204 3637 262 3692 Sed
277 3648 349 3692 tunc
362 3639 486 3709 angelus
496 3637 572 3693 dixit
586 3638 653 3700 illis.
664 3645 680 3668 ‘¹
690 3637 829 3693 Auertite
838 3653 893 3692 vos
907 3638 1028 3709 paulum
1041 3653 1059 3692 a
1072 3654 1128 3700 me,
1139 3646 1170 3692 et
1180 3638 1272 3693 dicite

149 3715 312 3772 similiter.”

205 3797 242 3852 Et
254 3806 426 3851 averterunt
439 3814 479 3857 se.
492 3807 523 3852 et
537 3797 676 3852 dixerunt
690 3813 741 3852 ore
755 3798 852 3867 pleno.
866 3796 961 3850 “Non
977 3794 1049 3850 ita.”

204 3877 277 3932 Post
291 3877 364 3931 haec
377 3879 500 3947 angelus
513 3879 632 3933 locutus
644 3889 690 3933 est
706 3879 744 3932 de
756 3879 890 3948 conjugali
903 3879 1011 3931 boniet
1024 3878 1093 3930 veri
1104 3876 1184 3947 apud
1200 3892 1272 3932 con·

148 3959 250 4030 juges3
269 3959 380 4018 dicens,
394 3958 476 4029 quod
489 3957 513 4013 si
529 3969 644 4012 mentes
660 3959 777 4012 illorum
792 3959 822 4011 in
840 3958 890 4013 illo
903 3958 1046 4027 conjugio
1062 3957 1168 4017 forent.
1183 3957 1272 4011 mari·

149 4050 198 4093 tus
211 4055 313 4092 verum
327 4048 357 4091 et
371 4054 447 4091 uxor
459 4036 548 4107 hujus
561 4038 681 4099 bonurn,
693 4038 792 4092 forent
805 4039 893 4091 ambo
907 4038 937 4090 in
948 4037 1063 4091 deliciis
1076 4036 1272 4091 beatitudinis

150 4117 346 4177 innocentiae.
363 4127 393 4170 et
413 4117 482 4170 inde
503 4116 532 4170 in
553 4117 704 4177 felicitate.
720 4118 749 4170 in
770 4132 829 4187 qua
847 4127 917 4171 sunt
936 4117 1032 4187 angeli
1053 4117 1144 4176 caeli:
1164 4117 1194 4169 in
1210 4130 1272 4187 quo

149 4207 229 4252 statu
244 4197 410 4267 prolificum
426 4196 523 4249 mariti
538 4196 614 4249 ioret
629 4197 657 4249 in
671 4197 815 4250 continuo
828 4213 904 4257 vere,
918 4206 949 4250 et
963 4197 1031 4249 inde
1046 4196 1074 4248 in
1089 4196 1155 4249 nisu
1169 4205 1201 4249 et
1213 4195 1273 4248 vir·

149 4285 214 4330 tute
228 4275 413 4347 propagandi
427 4292 513 4329 suum
525 4292 636 4334 verum,
647 4284 678 4328 et
688 4292 763 4329 uxor
773 4276 801 4328 in
816 4276 960 4328 continua
972 4274 1144 4344 receptione
1157 4274 1223 4343 ejus
1235 4290 1272 4328 ex

148 4371 266 4418 amore:
286 4363 301 4383 “
309 4355 464 4425 sapientia,
477 4370 554 4424 quae
574 4355 652 4424 apud
669 4354 783 4409 virosa
800 4354 931 4409 Domino
946 4365 1000 4415 est,
1017 4354 1091 4407 nihil
1111 4354 1272 4424 jucundius

148 4434 240 4490 sentit
249 4450 340 4507 quarn
353 4449 517 4506 propagare
529 4449 584 4488 sua
592 4449 677 4496 νοτες
695 4443 726 4489 et
739 4450 824 4488 amor
833 4434 996 4505 sapientiae
1006 4434 1057 4505 qui
1071 4433 1150 4504 apud
1164 4448 1272 4488 uxores
