2850 5026
403 479 455 530 us
478 474 613 530 anons
635 476 954 545 conmutata—n.
973 478 1026 547 79.
1231 477 1271 546 75

151 654 225 700 tunc
236 646 369 717 quaesivi
383 646 498 708 obvios,
511 662 588 716 quos
602 645 724 709 offendi,
738 645 844 700 “Num
858 645 985 717 potestis
997 645 1107 708 videre,
1120 644 1191 716 quia
1206 661 1272 700 cae·

152 726 212 779 lum
225 742 316 796 super
327 726 413 780 vobis
429 742 489 779 non
502 736 625 795 apparet
634 725 664 779 ?''

206 804 245 859 Et
266 806 493 874 responderunt,
517 803 623 875 “Quid
648 804 706 859 boc
730 803 812 875 quod
834 802 974 875 quaeris?
1020 803 1161 859 Vidimus
1184 804 1272 865 clare,

149 884 337 938 ambulamus
352 884 381 936 in
396 884 485 953 plena
497 882 590 938 luce.'’

205 961 262 1017 His
280 963 392 1017 auditis
407 963 483 1016 dixit
500 962 571 1016 mihi
588 961 721 1032 angelus,
739 962 916 1016 “Tenebrae
932 972 1002 1015 sunt
1022 962 1080 1016 illis
1098 962 1158 1022 iux,
1170 970 1202 1016 et
1221 961 1272 1016 lux

152 1041 208 1095 illis
221 1051 291 1095 sunt
304 1043 455 1104 tenebrae,
465 1041 543 1096 sicut
556 1052 601 1096 est
613 1042 720 1096 avibus
731 1040 837 1103 noilis,
847 1040 986 1112 spectant
995 1043 1075 1096 enim
1087 1043 1227 1096 deorsum
1241 1050 1273 1094 et

114 1135 120 1145 ·
152 1136 210 1174 non
224 1121 371 1175 sursum.”

206 1199 387 1254 intravimus
400 1200 430 1254 in
443 1215 527 1253 casas
539 1199 589 1253 hic
601 1209 634 1254 et·
646 1199 695 1260 ibi,
708 1209 739 1254 et
754 1200 884 1253 vidimus
900 1199 930 1253 in
943 1199 1080 1269 qualibet
1091 1199 1189 1253 virum
1202 1214 1271 1252 curn

151 1294 204 1332 sua
223 1279 355 1340 muliere,
372 1290 403 1333 et
424 1279 627 1349 quaesivimus
650 1295 721 1332 num
736 1279 841 1333 vivant
860 1278 909 1335 hic
930 1294 1035 1334 omnes
1055 1279 1084 1333 in
1106 1295 1160 1332 sua
1178 1278 1273 1332 domo

151 1373 219 1410 curn
233 1373 292 1411 una
305 1358 373 1412 sola=
381 1373 483 1412 uxore.
1105 1375 1107 1379 ’

169 1503 171 1507 ¹
204 1435 242 1490 Ει
255 1436 474 1507 responderunt
484 1437 521 1491 ad
536 1436 610 1491 baec
622 1452 690 1490 cum
701 1435 799 1499 sibilo,
809 1443 826 1465 ⁴⁶
835 1434 915 1507 Quid
929 1451 997 1490 cum
1011 1452 1072 1490 una
1083 1435 1149 1490 sola
1157 1433 1272 1490 uxore?

151 1502 212 1570 Cur
228 1532 289 1570 non
308 1516 460 1586 quaeritis,
474 1532 546 1569 num
565 1531 633 1569 cum
656 1531 716 1569 una
734 1517 799 1571 sola
817 1515 994 1571 meretrice?
1019 1514 1100 1587 Quid
1120 1530 1195 1569 uxor
1214 1514 1271 1568 nisi

152 1594 312 1649 meretrix?
330 1595 374 1648 Ex
387 1595 497 1648 nostris
506 1594 623 1666 legibus
636 1611 697 1649 non
711 1595 781 1649 licet
793 1610 861 1649 cum
875 1595 1016 1665 pluribus,
1027 1611 1116 1665 quam
1129 1609 1197 1647 cum
1212 1608 1272 1647 una

150 1673 214 1728 sola
226 1672 345 1735 femina,
359 1673 526 1736 moechari:
546 1684 577 1727 at
590 1690 686 1744 usque
699 1674 786 1728 nobis
799 1689 859 1728 non
873 1684 920 1729 est
933 1674 1126 1727 inhonestum
1139 1683 1170 1727 et
1186 1673 1269 1727 inde⁴

151 1767 252 1809 corum
264 1767 331 1806 cunt
343 1754 484 1823 pluribus,
494 1753 547 1807 sed
560 1763 646 1806 extra
655 1754 794 1814 domum:
813 1753 976 1823 gloriamur
988 1753 1025 1807 de
1039 1752 1097 1806 hoc
1107 1753 1187 1806 inter
1199 1767 1271 1814 που

151 1831 192 1885 sic
206 1833 372 1902 gaudemus
385 1832 513 1892 licentia,
527 1842 558 1886 et
573 1832 638 1902 ejus
653 1832 817 1901 voluptate,
831 1832 999 1902 plusquam
1014 1831 1174 1902 polygami.
1210 1829 1272 1885 Cur

151 1910 304 1980 pluralitas
318 1927 445 1965 uxorum
465 1912 552 1965 nobis
568 1920 701 1981 negatur,
718 1921 749 1964 et
766 1920 867 1965 tamen
886 1926 1030 1965 concessa
1048 1910 1113 1972 iuit,
1129 1919 1161 1964 et
1179 1910 1271 1965 bodie

150 1990 325 2044 conceditur
341 1990 370 2043 in
386 1990 527 2044 universo
539 2000 684 2044 terrarum
699 1991 771 2044 orbe
784 1991 896 2043 circum
909 1990 987 2043 circa
1001 1989 1077 2044 nos?
1114 1988 1194 2061 Quid
1207 1988 1272 2043 vita

149 2082 216 2121 cum
232 2085 294 2123 una
307 2069 372 2123 sola
387 2068 506 2130 lemina,
521 2069 577 2122 nisi
593 2069 751 2139 captivitas
768 2078 799 2124 et
823 2068 1037 2123 incarceratio?
1075 2067 1134 2122 Sed
1151 2084 1205 2122 nos
1221 2067 1271 2123 hic

112 2172 114 2177 v
150 2148 265 2202 obicem
285 2148 375 2217 hujus
393 2148 520 2202 carceris
538 2148 732 2218 effringimus,
748 2158 779 2202 et
799 2164 855 2202 nos
873 2148 1017 2218 eripimus
1036 2165 1053 2202 e
1071 2148 1224 2209 servitute,
1238 2158 1270 2201 et

150 2227 402 2288 manumittimus;
421 2227 488 2297 quis
497 2237 653 2281 succenset
663 2228 791 2296 captivo,
801 2227 854 2297 qui
866 2243 898 2281 se
909 2228 1041 2281 vindicat
1052 2243 1119 2281 curn
1130 2236 1230 2296 potest
1238 2225 1269 2281 ?''

202 2307 250 2360 Ad
265 2306 340 2360 haec
353 2306 570 2376 respondimus,
584 2312 600 2335 ⁴⁶
610 2306 763 2376 Loqueris,
776 2307 880 2368 amice,
891 2307 969 2360 sicut
982 2323 1088 2376 expers
1102 2305 1269 2375 religionis:

149 2385 214 2455 quis
229 2385 328 2455 aliqua
342 2385 456 2439 ratione
471 2385 602 2439 imbutus
616 2401 675 2439 non
692 2385 749 2440 scit
764 2386 845 2456 quod
861 2385 1007 2439 adulteria
1022 2386 1082 2439 sint
1099 2384 1224 2453 proiana
1238 2394 1271 2439 et

151 2463 310 2524 infernalia.
324 2470 355 2519 et
373 2464 456 2534 quod
471 2465 613 2535 conjugia
624 2465 684 2519 sint
697 2463 799 2519 sanita
813 2474 844 2518 et
859 2463 1019 2519 caelestia?
1057 2463 1172 2518 Suntne
1185 2464 1269 2517 adul·

149 2543 223 2597 teria
237 2543 316 2612 apud
332 2543 470 2597 diabolos
489 2544 518 2596 in
536 2543 661 2604 inferno,
678 2554 709 2598 et
727 2544 867 2614 conjugia
882 2544 962 2614 apud
977 2544 1100 2614 angelos
1116 2543 1146 2597 in
1162 2541 1269 2598 caelo?

150 2611 301 2692 legistine
321 2633 440 2676 sextum
462 2635 655 2692 praeceptum
682 2623 840 2693 decalogi?
866 2633 897 2677 et
919 2624 999 2693 apud
1027 2623 1163 2685 Paulum,
1185 2622 1267 2694 quod

149 2702 273 2756 adulteri
288 2717 476 2771 nequaquam
493 2703 607 2771 possint
619 2702 722 2756 venire
736 2703 765 2755 in
779 2703 894 2757 caelum
905 2702 936 2757 ?''

200 2780 249 2835 Ad
263 2781 337 2835 haec
351 2781 460 2851 hospes
474 2781 538 2834 risit
551 2791 618 2835 toto
629 2780 759 2852 pectore,
770 2792 802 2836 et
813 2782 930 2852 aspexit
944 2797 991 2835 me
1004 2781 1081 2836 sicut
1091 2780 1268 2851 simplicem,

148 2869 178 2914 et
190 2876 284 2931 paene
297 2860 375 2914 sicut
389 2860 536 2913 insanum.

200 2940 242 2994 At
256 2940 337 2993 illico
346 2950 419 2993 tunc
428 2940 556 2993 accurrit
565 2939 689 2992 nuntius
702 2954 739 2992 ex
752 2940 881 3009 primore
892 2940 981 2997 urbis.
992 2950 1023 2994 et
1036 2940 1120 3001 dixit,
1131 2947 1147 2969 ‘⁶
1158 2940 1269 2996 Adduo

148 3017 234 3072 binos
246 3019 377 3073 advenas
394 3018 423 3071 in
437 3017 544 3078 forum,
558 3029 589 3072 et
604 3019 628 3073 si
646 3034 706 3072 non
719 3019 834 3079 volunt,
849 3019 916 3074 iilos
929 3020 1015 3074 trahe
1029 3020 1116 3081 illuc:
1134 3020 1268 3076 vidimus

149 3097 214 3151 illos
227 3098 256 3151 in
271 3098 375 3151 umbra
390 3097 473 3157 lucis,
485 3096 674 3152 intraverunt
688 3098 717 3151 in
731 3099 860 3160 occulto,
874 3109 945 3154 sunt
957 3099 1190 3169 exploratores.”

202 3177 239 3231 Et
252 3176 327 3230 dixit
342 3176 413 3230 mihi
429 3177 561 3247 angelus,
576 3175 689 3247 “Quod
704 3177 760 3231 visi
776 3179 868 3232 simus
888 3179 917 3231 in
938 3179 1052 3240 umbra,
1066 3190 1111 3233 est
1129 3179 1200 3250 quia
1214 3179 1267 3235 lux

148 3256 229 3317 caeli,
244 3256 273 3309 ln
287 3272 346 3325 qua
359 3256 477 3317 luimus,
488 3267 534 3309 est
548 3256 606 3309 illis
616 3256 729 3318 umbra,
741 3272 776 3310 ac
789 3259 893 3311 umbra
903 3257 1009 3312 inferni
1023 3269 1069 3312 est
1083 3259 1140 3313 illis
1154 3260 1217 3320 lux:
1236 3271 1268 3313 et

148 3333 205 3388 hoc
217 3334 259 3396 fit,
270 3336 341 3404 quia
353 3335 427 3388 nihil
442 3345 582 3404 reputant
593 3346 758 3404 peccatum,
770 3352 808 3390 ne
820 3328 941 3406 quidem
953 3337 1141 3399 adulterium,
1152 3349 1184 3393 et
1197 3338 1269 3394 inde

147 3416 250 3470 vident
265 3415 371 3469 lalsum
389 3416 476 3485 plane
492 3416 569 3469 sicut
582 3432 694 3477 verum,
710 3432 745 3470 ac
766 3416 871 3471 falsum
888 3418 968 3471 lucet
988 3418 1017 3470 in
1035 3418 1151 3472 inferno
1165 3434 1267 3474 coram

147 3497 265 3557 satanis,
278 3513 313 3552 ae
325 3513 429 3552 verum
440 3506 519 3550 attat
529 3497 634 3550 oculos
647 3497 764 3551 illorum
778 3498 856 3552 sicut
869 3499 973 3552 umbra
986 3497 1110 3552 nodlis.''

202 3579 238 3633 Et
260 3578 390 3631 diximus
410 3577 448 3630 ad
468 3576 614 3637 nuntium.
637 3577 733 3632 “Non
749 3579 928 3649 urgebimur,
945 3580 1043 3634 minus
1058 3579 1218 3641 trahemur,
1235 3580 1266 3634 in

148 3654 252 3716 lorum,
265 3659 315 3711 sed
331 3668 439 3727 sponte
453 3657 562 3712 ibimus
575 3658 703 3712 tecum.”

199 3735 245 3790 Ac
265 3737 390 3791 ivimus:
409 3748 440 3791 et
452 3754 522 3792 ecce
536 3738 575 3791 ibi
590 3738 684 3791 multa
696 3737 791 3798 turba,
805 3753 821 3790 e
837 3753 896 3807 qua
909 3738 1064 3792 exiverunt
1076 3738 1167 3807 aliqui
1178 3737 1267 3807 legis·

148 3815 242 3883 periti,
254 3826 284 3869 et
300 3817 387 3870 nobis
400 3817 429 3870 in
446 3832 547 3871 aurem
564 3817 712 3878 dixerunt,
727 3815 864 3871 “Cavete
879 3817 965 3871 vobis
981 3834 1018 3871 ne
1033 3817 1145 3886 aliquid
1162 3818 1265 3886 loqua-

149 3895 219 3948 r'uini
234 3906 339 3950 contra
353 3897 535 3966 religionem,
550 3897 702 3967 regiminis
715 3895 850 3956 formam,
864 3909 894 3950 et
908 3899 1004 3951 bonos
1017 3897 1141 3952 mores.''

200 3974 238 4028 Et
251 3976 514 4045 respondebamus,
528 3975 622 4029 “Non
637 3977 802 4046 loquemur,
816 3977 869 4029 sed
887 3992 941 4045 pro
954 3977 1012 4030 illis
1025 3988 1055 4030 et
1070 3993 1106 4030 ex
1121 3975 1205 4031 illis.”

200 4053 238 4107 Ει
251 4055 461 4123 quaesivimus,
477 4063 492 4083 ⁸·
501 4053 585 4125 Quae
597 4066 697 4109 vestra
710 4056 815 4126 religio
827 4065 874 4109 est
887 4057 925 4109 de
938 4055 1123 4125 conjugiis?”

200 4129 249 4186 Ad
266 4133 339 4188 haec
355 4135 558 4188 murmurabat
571 4135 667 4194 turba,
682 4144 712 4188 et
727 4135 812 4197 dixit,
826 4134 930 4207 “Quid
944 4135 1030 4189 vobis
1046 4135 1094 4188 hic
1109 4149 1177 4188 cum
1193 4144 1266 4189 con·

149 4210 258 4285 Juglis?
275 4214 416 4284 conjugia
428 4222 499 4267 sunt
511 4214 678 4284 conjugia.”

149 4362 167 4425 b
204 4288 241 4345 Et
257 4293 363 4347 iterum
379 4293 588 4363 quaesivimus,
603 4291 711 4364 “Quae
725 4302 827 4348 vestra
841 4293 947 4364 religio
961 4303 1008 4347 est
1023 4292 1060 4347 de
1076 4292 1266 4349 scortationid

169 4371 241 4427 us?''

200 4451 248 4508 Ad
268 4453 342 4507 haee
357 4451 448 4507 etiam
463 4452 552 4507 turbs
567 4453 770 4507 murmurabat
784 4451 896 4514 dicens,
910 4448 1014 4523 “Quid
1030 4451 1116 4507 vobis
1131 4450 1180 4506 hic
1194 4467 1265 4508 eunt
