2782 5026
289 445 340 497 ua
362 442 498 496 auore
522 439 881 493 sconraron10.-u.
905 440 974 509 534
1094 400 1099 408 ’
1161 441 1227 506 409

108 632 187 680 num,
201 622 233 671 et
245 617 326 671 unde
338 625 385 670 est
396 615 484 677 calor,
499 613 549 684 qui
562 611 703 668 accendit
720 626 822 666 amore
834 609 1022 665 voluntatem
1036 607 1227 662 humanam.”

108 697 169 766 lvi.)
186 695 401 769 lnsuperquod
418 692 573 749 detedium
584 692 631 754 sit,
640 691 721 762 quod
735 691 795 745 sint
807 700 869 744 tres
881 688 992 761 gradus
1000 688 1089 748 vitae,
1102 699 1133 742 et
1142 686 1225 758 quod

108 776 176 831 inde
186 776 247 831 sint
259 786 322 829 tres
340 774 428 836 caeli:
447 784 478 828 et
496 773 579 844 quod
599 773 629 826 in
646 772 714 827 illos
728 769 840 841 gradus
858 766 1001 823 distincta
1012 767 1052 823 sit
1065 782 1150 822 mens
1170 767 1225 820 hu·

108 871 204 919 mana,
217 865 249 910 et
260 855 342 927 quod
357 853 427 908 inde
439 853 533 909 homo
545 851 780 922 correspondeat
792 849 889 904 tribus
900 848 1000 905 caelis.

158 935 309 992 Dixerunt
319 934 427 1007 angeli,
441 934 572 989 “Annon
585 931 737 988 sciverunt
750 930 809 986 hoc
822 929 904 1000 prius
912 927 943 984 ?”

159 1013 323 1086 Respondi,
336 1013 418 1085 quod
434 1013 577 1068 sciverint
592 1012 630 1066 de
644 1011 786 1082 gradibus
801 1009 880 1063 inter
894 1007 989 1079 ma'gis
1002 1015 1034 1062 et
1052 1004 1158 1068 minus.
1172 1005 1226 1061 sed

108 1093 180 1149 nihil
194 1094 232 1148 de
244 1093 386 1165 gradibus
399 1092 478 1146 inter
492 1091 572 1161 prius
585 1101 616 1145 et
630 1089 788 1160 posterius.

159 1173 232 1241 (vii.)
254 1172 518 1241 Interrogaverunt
526 1170 633 1241 angeli,
644 1186 715 1223 num
726 1179 844 1239 praeter
856 1166 906 1221 illa
917 1165 1049 1221 revelata
1058 1165 1120 1220 sint
1132 1164 1226 1236 plura.

160 1251 230 1305 Dixi
242 1251 324 1321 quod
338 1251 438 1321 plura:
458 1266 533 1320 quae
548 1259 626 1310 sunt,
637 1250 674 1302 de
685 1248 792 1302 ultimo
801 1246 930 1316 judicio;
946 1245 984 1300 de
996 1245 1136 1306 Domino,
1144 1243 1226 1315 quod

108 1330 145 1385 sit
161 1330 243 1385 Deus
255 1330 329 1384 caeli
345 1340 375 1383 et
390 1339 495 1390 terrae,
509 1329 590 1398 quod
609 1327 690 1381 Deus
705 1327 745 1381 sit
760 1343 837 1380 unus
852 1336 883 1380 et
899 1341 1027 1396 persona
1041 1334 1073 1379 et
1087 1323 1227 1385 essentia,

108 1409 135 1462 in
155 1425 217 1479 quo
234 1408 343 1462 Divina
358 1408 496 1469 Trinitas,
512 1419 544 1461 et
563 1407 644 1477 quod
670 1405 724 1461 llle
744 1406 785 1460 sit
806 1405 968 1468 Dominus;
995 1415 1061 1459 turn
1080 1405 1119 1458 de
1140 1402 1228 1457 Nova

109 1488 242 1543 Ecclesia
262 1488 300 1541 ab
324 1487 394 1557 lpso
419 1486 619 1548 instauranda,
638 1496 670 1540 et
692 1486 730 1540 de
752 1483 889 1539 dodirina
908 1484 986 1539 illius
1006 1483 1164 1545 ecclesiae:
1189 1483 1228 1537 de

108 1565 268 1622 sanctitate
284 1565 454 1636 Scripturae
473 1565 597 1627 Sacrae;
622 1565 703 1634 quod
722 1565 812 1619 etiam
827 1565 1015 1635 Apocalypsis
1033 1563 1164 1617 revelata
1178 1561 1226 1623 sit.

108 1661 184 1716 quae
201 1661 239 1700 ne
254 1645 376 1715 quidem
391 1644 491 1715 quoad
506 1660 598 1698 unum
612 1645 789 1698 versiculum
804 1642 927 1697 revelari
945 1642 1044 1712 potuit
1059 1641 1116 1696 nisi
1131 1656 1149 1695 a
1165 1640 1227 1695 Do·

108 1724 204 1779 mino:
229 1723 350 1794 insuper
362 1724 400 1778 de
421 1723 740 1794 incolis-planetarum,
753 1738 788 1776 ac
804 1723 843 1776 de
855 1722 1012 1776 telluribus
1028 1721 1058 1774 in
1071 1721 1228 1775 universo:

108 1812 225 1872 praeter
235 1802 329 1856 multa
339 1802 544 1857 memorabilia
553 1812 584 1856 et
594 1801 765 1855 mirabiliae
779 1801 892 1855 mundo
902 1800 1064 1872 spirituali:
1084 1816 1138 1869 per
1150 1814 1227 1869 quae

109 1882 200 1952 plura,
213 1898 290 1953 quae
303 1882 468 1950 sapientiae
480 1891 559 1943 sunt,
573 1897 590 1935 e
602 1882 686 1935 caelo
698 1879 819 1935 detedia
830 1889 909 1934 sunt.

160 1971 249 2031 533·
275 1960 383 2030 Angeli
402 1977 439 2015 ex
455 1960 501 2015 his
516 1959 628 2014 auditis
643 1959 730 2013 valde
745 1959 838 2030 gavisi
854 1969 938 2021 sunt:
957 1959 1009 2013 sed
1026 1957 1229 2029 percipiebant

108 2039 261 2093 tristitiam
276 2040 305 2092 in
319 2055 374 2101 me,
388 2049 419 2094 et
432 2039 633 2101 sciscitabant,
647 2046 662 2067 “
672 2038 763 2094 Unde
775 2038 831 2092 tibi
844 2037 966 2092 tristitia
976 2037 1007 2092 ?’'

163 2117 242 2179 Dixi,
258 2119 339 2188 quod
358 2134 466 2172 arcana
484 2118 534 2172 illa
552 2119 643 2173 hodie
662 2135 680 2172 a
698 2117 830 2172 Domino
845 2117 983 2178 revelata,
993 2115 1113 2171 tametsi
1131 2116 1228 2180 encel-

108 2196 201 2250 lentia
219 2207 251 2250 et
269 2197 417 2266 dignitate
429 2198 579 2251 excedunt
594 2197 783 2267 cognitiones
799 2194 943 2251 hactenus
955 2197 1119 2267 evulgatas,
1131 2210 1227 2266 usque

110 2292 139 2328 m
152 2275 241 2329 terris
253 2286 429 2345 reputentur
441 2276 518 2330 sicut
532 2293 591 2330 non
604 2276 731 2346 alicujus
744 2275 841 2346 pretii.

163 2353 232 2408 Hoc
248 2354 345 2409 mirati
365 2366 435 2409 sunt
450 2355 558 2426 angeli,
574 2366 605 2409 et
627 2356 786 2425 petierunt
798 2371 817 2410 a
839 2354 979 2416 Domino,
994 2365 1028 2409 ut
1049 2353 1152 2408 liceret
1170 2352 1229 2407 illis

109 2434 262 2504 despicere
275 2434 305 2487 in
320 2436 475 2490 mundum.
514 2436 552 2489 Et
565 2436 774 2505 despexerunt,
787 2446 818 2490 et
833 2451 902 2490 ecce
916 2451 1013 2489 merae
1026 2435 1166 2489 tenebrae
1179 2434 1229 2489 ibi.

113 2511 149 2566 Et
160 2511 275 2567 ditium
290 2514 348 2568 illis
360 2525 415 2575 est,
426 2525 460 2568 ut
473 2515 673 2569 scriberentur
682 2531 788 2569 arcana
801 2514 851 2569 illa
863 2531 953 2584 super
961 2514 1072 2576 charta,
1081 2524 1112 2568 et
1124 2513 1230 2568 charta

110 2592 321 2646 demitteretur
333 2593 363 2646 in
373 2603 474 2655 terras,
484 2605 515 2648 et
526 2594 665 2648 viderent
679 2604 859 2664 portentum.
892 2593 930 2648 Et
942 2592 1110 2648 factumest
1123 2592 1180 2654 ita:
1198 2602 1231 2647 et

112 2685 182 2723 ecce
194 2669 305 2727 charta.
315 2668 362 2722 cui
376 2684 484 2723 arcana
494 2670 544 2723 illa
557 2669 702 2739 inscripta
711 2680 804 2730 erant,
813 2671 945 2725 demissa
954 2683 1000 2725 est
1013 2688 1029 2727 e
1042 2673 1139 2733 caelo:
1155 2682 1186 2726 et
1200 2672 1230 2727 in

113 2764 272 2819 progressu
282 2748 352 2801 dum
362 2749 461 2802 adhuc
470 2759 534 2803 erat
545 2749 575 2802 in
584 2750 697 2803 mundo
707 2749 853 2818 spirituali
869 2751 989 2805 lucebat
997 2752 1074 2806 sicut
1084 2751 1186 2815 stella;
1199 2763 1230 2806 at

109 2826 182 2880 dum
197 2827 301 2897 illapsa
312 2839 360 2883 est
376 2829 406 2882 in
421 2830 565 2883 mundum
580 2833 753 2892 naturalem.
767 2831 819 2885 lux
832 2831 991 2901 disparata,
1004 2843 1035 2886 et
1050 2833 1088 2887 ad
1103 2832 1228 2904 gradum

109 2905 188 2961 sicut
206 2907 327 2967 decidit,
344 2908 542 2963 obtenebrata
565 2920 628 2964 est:
652 2920 683 2964 et
702 2911 773 2964 dum
793 2911 831 2964 ab
850 2911 963 2981 angelis
984 2912 1115 2966 immissa
1133 2922 1180 2966 est
1199 2912 1229 2967 in

110 2994 218 3039 coetus
232 2986 282 3038 ubi
298 2985 379 3040 docti
396 2997 427 3041 et
442 2989 552 3043 eruditi
568 3005 604 3043 ex
620 2989 798 3057 quibusdam
811 2991 927 3045 clericis
942 3001 973 3045 et
989 2991 1079 3053 laicis,
1092 2992 1229 3046 auditum

110 3074 157 3118 est
172 3081 306 3118 murmur
324 3082 341 3119 a
360 3067 471 3129 multis;
495 3068 524 3120 ln
540 3079 701 3137 quoerant
717 3069 773 3123 hae
789 3085 894 3131 voces:
914 3069 1019 3141 “Quid
1035 3070 1112 3127 hoc?
1149 3069 1228 3125 Num

110 3142 245 3212 aliquid?
281 3143 364 3215 Quid
383 3144 473 3200 refert
491 3146 516 3200 si
536 3146 586 3200 illa
603 3148 714 3201 scimus
729 3148 777 3202 vel
794 3164 854 3203 non
870 3149 1000 3204 scimus?
1037 3149 1144 3205 Nonne
1159 3161 1230 3205 sunt

110 3220 190 3276 letus
202 3223 314 3277 cerebri
323 3222 353 3277 ?''
392 3225 429 3278 Et
441 3227 602 3295 apparebat
615 3227 693 3280 sicut
705 3226 796 3296 aliqui
810 3239 963 3282 sumerent
975 3228 1116 3292 chartam,
1127 3245 1162 3285 ac
1174 3230 1230 3301 pli-

110 3309 222 3361 carent,
235 3301 391 3355 volverent
404 3312 435 3356 et
450 3304 638 3359 revolverent
651 3304 731 3358 illam
745 3305 856 3375 digitis,
870 3317 904 3359 ut
916 3307 1125 3362 oblitterarent
1138 3307 1229 3378 scrip-

110 3385 224 3439 turam;
249 3393 283 3432 ac
302 3381 464 3448 apparebat
480 3381 557 3435 sicut
572 3382 663 3452 aliqui
681 3381 760 3436 illam
775 3383 984 3452 discerperent,
998 3395 1029 3440 et
1043 3385 1135 3455 aliqui
1151 3385 1231 3439 sicut

111 3454 225 3507 vellent
239 3457 412 3524 proculcare
427 3458 506 3511 illam
523 3459 664 3528 pedibus:
689 3461 742 3514 sed
758 3476 776 3514 a
792 3459 924 3515 Domino
936 3463 1113 3516 arcebantur
1125 3462 1162 3518 ab
1178 3462 1230 3518 illo

111 3531 252 3595 facinore,
261 3544 292 3588 et
302 3535 476 3589 mandatum
486 3548 532 3591 est
540 3538 654 3608 angelis
661 3549 695 3592 ut
705 3539 891 3594 retraherent
899 3541 979 3595 illam
988 3550 1019 3594 et
1028 3541 1230 3603 custodirent:

112 3612 228 3744 {tguia
241 3614 340 3683 angeli
356 3615 458 3670 tristes
473 3615 545 3670 faeti
560 3628 639 3679 sunt,
652 3628 683 3672 et
698 3619 916 3689 cogitaverunt,
928 3619 1118 3691 “Quousque
1133 3619 1229 3676 hoc?''

134 3706 143 3743 ι
176 3707 227 3746 um
242 3702 297 3755 est,

202 3806 218 3828 ⁴⁴
224 3803 308 3861 Usque
317 3805 349 3850 ad
360 3811 455 3864 tempus
465 3811 489 3852 et
499 3812 609 3866 tempora
619 3813 643 3853 et
653 3808 780 3855 dimidium
789 3810 903 3869 temporis
910 3810 924 3826 ”
936 3807 1021 3871 (Aper,
1034 3811 1073 3857 xil.
1085 3808 1133 3872 14).

164 3920 252 3984 534.
279 3911 353 3969 Post
368 3913 442 3969 haec
458 3914 577 3971 locutus
591 3933 657 3972 sum
679 3934 747 3972 cum
765 3919 887 3991 angelis,
900 3919 980 3990 quod
1002 3919 1102 3974 adhuc
1116 3919 1231 3991 aliquid

113 3990 262 4044 reveletur
275 3991 304 4044 in
319 3994 432 4047 mundo
445 4010 462 4048 a
476 3993 617 4050 Domino.

166 4067 392 4139 Quaesiverunt,
407 4080 423 4101 ‘¹
432 4072 512 4144 Quid
526 4074 623 4129 hoc?”

167 4145 244 4210 Dixi,
259 4149 332 4204 “De
345 4167 447 4206 amore
460 4169 529 4207 vere
541 4154 712 4225 conjugiali,
726 4165 757 4210 et
770 4155 808 4210 de
820 4156 999 4211 caelestibus
1011 4156 1076 4226 ejus
1089 4156 1231 4213 deliciis.¹⁰

167 4224 314 4282 Dixerunt
326 4230 432 4301 angeli,
445 4239 462 4260 ⁴⁴
471 4231 547 4303 Quis
560 4249 620 4287 non
634 4235 690 4289 scit
703 4235 784 4305 quod
798 4236 922 4291 deliciae
935 4235 1044 4290 amoris
1053 4235 1232 4307 coniugialia

115 4306 260 4360 excedant
272 4307 393 4363 delicias
405 4311 541 4365 omnium
550 4312 706 4369 amorum?
725 4324 755 4369 et
769 4315 835 4385 quis
848 4332 908 4369 non
922 4325 1021 4384 potest
1033 4315 1135 4370 videre
1148 4316 1231 4386 quod

116 4380 145 4436 in
162 4384 291 4456 aliquem
307 4403 440 4443 amorem
456 4391 582 4446 collatae
598 4392 658 4447 sint
671 4409 777 4449 omnes
789 4394 999 4458 beatitudines,
1012 4392 1180 4451 laustitates
1199 4405 1231 4451 et
