2782 5026
296 454 349 504 DE
373 453 508 504 AMORE
532 453 893 505 SCORTATORIO.-N.
911 459 1095 522 444[prirrro].
1184 459 1245 526 337

108 625 242 699 suales‚
270 626 513 708 primi‘autem
541 626 726 689 naturales.
771 625 882 690 Amor
909 631 1144 705 scortatorius,
1172 631 1245 714 ejus

108 723 276 786 insaniae
296 731 333 784 et
353 721 562 804 voluptates,
583 721 672 803 apud
692 720 770 784 illos
789 732 869 809 sunt
889 724 1046 786 similium
1067 725 1243 807 graduum.

180 829 286 898 443·
311 814 412 897 Quod
432 814 667 897 jucunditates
690 818 815 879 amoris
838 817 1039 899 conjugialis
1063 820 1131 882 sint
1158 820 1244 884 deli·

108 912 192 976 :iae
208 912 413 993 sapientiae,
430 920 485 974 est
503 912 581 993 quia
598 930 666 973 non
686 911 744 974 alii
760 930 861 994 quam
878 913 1071 994 spirituales
1087 913 1245 979 homines

108 1009 145 1071 in
167 1006 233 1070 illo
249 1025 368 1070 amore
383 1014 475 1080 sunt,
492 1016 528 1068 et
548 1004 732 1086 spiritualis
748 1006 853 1069 homo
872 1007 905 1069 in
922 1008 1092 1088 sapientia
1108 1019 1162 1072 est
1177 1030 1185 1087 ;
1209 1019 1244 1074 et

108 1102 200 1165 inde
228 1120 299 1163 non
322 1099 407 1162 alias
423 1098 658 1180 jucunditates
682 1097 911 1181 ampledhtur,
930 1121 1033 1183 quam
1057 1123 1144 1184 quae
1167 1122 1243 1166 cum

108 1195 290 1280 spirituali
309 1194 478 1275 sapientia
496 1194 720 1257 concordant.
767 1193 896 1276 Quales
915 1206 994 1258 sunt
1010 1196 1245 1277 jucunditates

108 1291 248 1355 amoris
271 1289 479 1364 scortatorii,
499 1298 535 1352 et
559 1289 677 1371 quales
699 1291 824 1351 amoris
848 1289 1059 1372 conjugialis,
1083 1292 1245 1355 elucidari

108 1394 242 1471 potest
274 1405 333 1467 per
363 1384 659 1465 comparationem
690 1403 768 1447 cum
798 1385 978 1463 domibus;
1008 1385 1244 1467 jucunditates

108 1482 249 1547 amoris
272 1479 468 1542 scortatorii
496 1497 573 1541 cum
597 1479 701 1542 domo
724 1478 817 1560 cujus
840 1481 989 1561 parietes
1012 1480 1156 1545 rutilant
1180 1502 1243 1545 ex-

108 1579 291 1642 trinsecus
314 1575 403 1636 sicut
425 1573 607 1646 conchilia,
632 1583 691 1636 aut
715 1574 804 1636 sicut
826 1594 872 1636 ex
895 1575 1011 1655 spurio
1033 1575 1149 1638 colore
1172 1575 1243 1638 auri

108 1671 253 1756 lapides
272 1669 478 1751 speculares,
499 1667 664 1731 selenites
683 1669 819 1744 vocati3
850 1677 886 1730 at
906 1689 988 1732 vero
1010 1670 1044 1731 in
1068 1669 1241 1733 conclavi-

108 1788 179 1833 :us
197 1767 290 1829 intra
304 1764 453 1847 parietes
469 1773 549 1826 sunt
566 1764 685 1826 sordes
700 1774 735 1827 et
752 1763 1075 1845 quisquiliae'omnis
1087 1765 1241 1847 generis:

108 1863 177 1927 sed
217 1860 453 1944 jucunditates
491 1860 616 1922 amoris
649 1859 1065 1941 conjugialisassimilari
1099 1872 1243 1942 possunt
1335 1890 1337 1894 ⁷

108 1957 238 2022 :lomui
266 1955 358 2036 cujus
390 1955 539 2036 parietes
561 1954 694 2037 fulgent
725 1956 814 2017 sicut
848 1974 893 2017 ex
927 1953 1056 2034 obryzo
1085 1976 1177 2029 auro,
1201 1975 1242 2019 ac

108 2051 301 2118 :onclavia
316 2051 409 2113 intus
425 2051 513 2112 sicut
530 2049 672 2112 cimeliis
689 2048 833 2131 plurium
849 2050 1104 2130 pretiositatum
1117 2049 1243 2112 referta

108 2147 319 2233 splendent.

620 2264 747 2276 —

108 2351 331 2420 murem.
356 2332 421 2397 His
440 2332 618 2416 adjicietur
637 2334 701 2396 hoc
723 2333 949 2399 Memorabile
962 2355 1016 2397 :—

173 2447 342 2518 Postquam
359 2447 571 2503 meditationes
587 2448 624 2501 de
639 2463 742 2502 amore
757 2448 920 2519 conjugiali
933 2449 1057 2510 absolvi,
1070 2459 1101 2504 et
1120 2466 1243 2506 exorsus

108 2542 188 2581 sum
204 2527 419 2581 meditationes
434 2528 472 2582 de
488 2544 590 2582 amore
605 2527 793 2588 scortatorio‚
803 2528 905 2582 subito
917 2529 1099 2583 adstiterunt
1114 2530 1176 2584 duo
1191 2546 1243 2584 an-

108 2607 186 2678 geli,
200 2618 233 2661 et
245 2607 394 2668 dixerunt,
406 2615 421 2634 ‘⁴
432 2606 623 2676 Percepimus
636 2623 671 2661 ac
685 2607 885 2662 intelleximus
898 2624 975 2678 quae
988 2609 1069 2678 prius
1082 2609 1244 2663 meditatus

108 2703 159 2750 es,
168 2698 204 2741 at
217 2685 268 2740 illa
281 2702 357 2756 quae
371 2702 451 2740 nunc
462 2687 624 2748 meditaris,
635 2696 800 2749 transeunt,
809 2696 841 2741 et
851 2703 911 2741 non
923 2688 1118 2758 percipimus;
1136 2689 1243 2744 omitte

109 2765 196 2822 haec
209 2765 281 2835 quia
293 2776 362 2820 sunt
376 2765 490 2819 nihili.’'

173 2844 236 2900 Sed
256 2845 407 2914 respondi,
420 2844 504 2899 “Hic
523 2861 608 2899 amor
626 2845 663 2901 de
682 2861 743 2916 quo
762 2861 842 2900 nunc
861 2846 998 2909 meditor,
1014 2861 1075 2901 non
1094 2856 1142 2902 est
1160 2845 1244 2909 nihil,

116 2924 192 2996 quia
205 2924 321 2978 datur.”

174 3003 220 3058 At
233 3003 380 3065 dixerunt,
394 3001 582 3074 “Quomodo
596 3012 696 3073 potest
710 3004 817 3073 aliquis
830 3019 915 3058 amor
928 3004 1000 3065 dari,
1013 3004 1135 3074 quinon
1149 3014 1196 3059 est
1208 3020 1244 3059 ex

122 3081 294 3137 creatione?
333 3082 424 3138 Estne
438 3082 508 3137 inde
516 3099 600 3136 amor
609 3082 807 3153 conjugialis?
826 3093 911 3138 estne
925 3084 973 3137 hic
986 3100 1071 3138 amor
1080 3084 1160 3139 inter
1168 3085 1245 3138 duos

123 3157 173 3232 qui
187 3172 315 3232 possunt
325 3161 387 3216 lieri
399 3161 512 3215 unum?
550 3160 713 3232 Quomodo
727 3172 828 3232 potest
840 3163 905 3216 dari
918 3179 1011 3225 amor,
1025 3163 1075 3233 qui
1089 3164 1198 3219 dividit
1213 3173 1245 3218 et

124 3240 262 3310 separat?
298 3239 375 3311 Quis
394 3242 513 3311 juvenis
531 3251 632 3311 potest
654 3257 754 3295 amare
774 3242 921 3312 virginem
943 3243 1031 3296 aliam
1053 3259 1143 3312 quam
1166 3259 1244 3312 quae

126 3319 279 3375 redamat?
316 3321 427 3374 Annon
444 3321 532 3374 unius
547 3336 632 3374 amor
644 3332 807 3391 cognoscet
823 3332 854 3375 et
869 3331 1012 3392 agnoscet
1025 3323 1146 3376 alterius
1161 3337 1245 3376 amo·

126 3416 194 3461 rem,
204 3400 256 3469 qui
267 3400 341 3453 dum
351 3399 407 3453 sibi
418 3401 551 3461 obviant,
562 3417 594 3454 se
608 3416 645 3455 ex
657 3416 690 3454 se
703 3400 913 3471 conjungunt?
949 3400 1025 3472 Quis
1036 3411 1136 3471 potest
1143 3417 1244 3456 amare

125 3495 184 3534 non
197 3478 353 3533 amorem?
391 3479 483 3533 Estne
495 3480 578 3534 solus
591 3495 676 3534 amor
687 3480 865 3550 conjugiulis
875 3489 997 3535 mutuus
1009 3490 1040 3534 et
1053 3480 1244 3550 reciprocus?

125 3558 148 3614 si
161 3575 223 3613 non
236 3570 282 3612 est
296 3559 476 3628 reciprocus,
491 3575 602 3613 numne
615 3559 719 3620 resilit,
733 3569 763 3614 et
777 3559 812 3612 fit
825 3559 898 3613 nihil
908 3559 939 3613 ?”

178 3639 236 3693 His
254 3640 374 3702 auditis,
394 3640 530 3710 quaesivi
550 3640 638 3694 binos
658 3641 725 3695 illos
744 3640 876 3712 angelos,
894 3656 911 3696 e
931 3656 990 3711 qua
1007 3638 1152 3694 societate
1169 3639 1243 3694 caeli

125 3729 233 3773 essent.

178 3798 216 3852 Et
236 3798 384 3859 dixerunt,
405 3797 539 3853 “Sumus
559 3814 576 3852 e
600 3799 685 3853 eaelo
705 3798 912 3853 innocentiae:
937 3799 966 3851 in
985 3798 1144 3853 caelestem
1164 3797 1245 3852 hunc

124 3877 270 3931 mundum
283 3878 420 3932 venimus
434 3878 570 3940 infantes,
581 3895 616 3932 ac
628 3878 748 3933 educati
761 3879 818 3934 sub
829 3877 964 3947 auspicio
978 3877 1108 3937 Domini,
1119 3887 1151 3931 et
1164 3856 1245 3947 phat-

124 3972 213 4026 quam
228 3973 286 4028 ego
299 3957 474 4011 adolescens
489 3956 584 4012 latius
597 3975 672 4020 sum,
686 3970 716 4012 et
729 3974 805 4011 uxor
817 3974 891 4019 mea,
905 3973 981 4027 quae
995 3957 1044 4010 hic
1059 3972 1175 4010 mecum
1189 3966 1245 4017 est,

124 4037 223 4106 puella
237 4036 356 4097 nubilis,
365 4036 538 4106 desponsati
551 4049 582 4092 et
595 4036 674 4107 patii
688 4054 799 4099 sumus,
813 4047 844 4092 et
855 4033 950 4107 juncti
965 4035 1067 4106 primis
1079 4035 1247 4098 ominibus;

123 4126 155 4170 et
167 4116 239 4187 quia
253 4132 313 4169 non
327 4116 365 4170 de
381 4117 440 4171 alio
453 4133 563 4178 amore,
576 4133 665 4187 quam
679 4117 718 4171 de
733 4133 803 4171 vere
818 4115 943 4186 nuptiali
959 4125 991 4169 et
1005 4113 1174 4185 coniugiali,
1187 4113 1244 4168 sci-

122 4196 230 4258 vimus,
247 4195 318 4250 ideo
334 4211 403 4249 cum
423 4197 662 4251 communicatae
678 4207 749 4251 sunt
765 4195 852 4250 nobis
867 4192 1060 4265 cogitationis
1074 4205 1144 4247 tuae
1159 4192 1246 4248 ideae

123 4275 162 4330 de
174 4291 277 4331 amore
290 4275 398 4337 alieno,
408 4286 512 4330 nostro
522 4276 616 4330 amori
631 4277 719 4346 plane
729 4275 878 4345 opposito,
890 4290 949 4328 non
963 4271 1246 4343 comprehendimus

122 4354 300 4426 quicquum
319 4371 411 4425 quare
424 4355 635 4411 descendimus
651 4367 681 4410 te
694 4353 866 4410 sciscitandi
879 4368 1040 4414 causacur
1055 4350 1246 4421 impercepti-

123 4434 196 4491 bilia
208 4433 381 4498 meditaris;
400 4434 450 4489 dic
464 4450 537 4504 ergo
552 4434 648 4498 nobis,
663 4435 816 4508 quomodo
831 4448 922 4496 amor,
937 4432 988 4504 qui
1004 4446 1064 4485 non
1078 4431 1171 4486 modo
1183 4444 1244 4486 uon
