2782 5026
192 438 233 509 32
535 434 718 488 DBLICIAE
740 433 969 489 sanamus

190 607 370 693 sapientia,
388 627 448 672 seu
463 608 555 691 quod
571 607 673 681 idem,
690 605 782 689 quod
800 606 846 672 sit
864 626 962 672 amor
976 605 1158 672 obvelatus
1175 608 1306 693 sapien-

190 704 260 782 tia3
284 724 324 768 ac
343 705 435 787 quod
454 704 611 768 intimum
630 704 663 766 in
682 702 809 766 semina
829 703 874 765 sit
893 702 951 765 ilia
969 705 1140 786 sapientia
1159 705 1308 780 masculi.

189 817 231 863 ac
247 798 406 863 velamen
422 797 520 879 hujus
536 816 632 860 amor
647 797 747 874 inde;
770 797 833 860 sed
852 796 907 860 hic
924 817 1020 860 amor
1035 807 1089 861 est
1105 818 1202 862 amor
1216 800 1312 863 semi·

190 893 300 968 ninus,
321 912 360 956 ac
381 893 482 956 datur
500 912 520 955 a
539 892 689 955 Domino
708 893 809 954 uxori
828 911 887 974 per
905 892 1110 974 sapientiam
1130 895 1253 966 mariti,
1273 913 1312 958 ac

178 987 281 1071 ¹prior
299 1006 396 1051 amor
413 997 467 1051 est
491 1005 588 1049 amor
606 985 816 1049 masculinus
838 996 875 1050 et
893 997 948 1050 est
971 1006 1068 1051 amor
1085 989 1254 1070 sapiendi,
1273 1007 1312 1052 ac

189 1082 290 1146 datur
304 1103 325 1145 a
342 1082 492 1145 Domino
508 1081 630 1143 marito
646 1079 834 1144 secundum
850 1083 1084 1163 receptionem
1101 1084 1312 1164 sapientiae:

189 1197 235 1241 ex
263 1197 305 1240 eo
332 1177 496 1260 estquod
524 1176 696 1238 masculus
723 1176 768 1238 sit
796 1177 967 1257 sapientia
995 1178 1132 1251 amoris,
1157 1187 1195 1241 et
1222 1178 1313 1260 quod

188 1271 314 1336 femina
331 1273 376 1335 sit
391 1291 488 1335 amor
500 1271 689 1352 sapientiae
704 1271 803 1334 istius
817 1290 825 1348 ;
845 1290 948 1352 quare
964 1291 985 1334 a
1001 1273 1175 1335 creatione
1191 1273 1314 1337 insitus

188 1375 243 1431 est
260 1368 393 1450 utrique
409 1385 505 1430 amor
520 1363 768 1446 conjunctionis
787 1365 821 1427 in
841 1384 964 1442 unum;
988 1366 1049 1428 sed
1066 1367 1110 1429 de
1126 1367 1179 1431 his
1195 1369 1312 1431 dicen·

188 1470 246 1526 tur
263 1461 359 1544 plura
376 1461 411 1524 in
431 1460 663 1542 sequentibus.
708 1458 811 1541 Quod
830 1459 1028 1523 femininum
1047 1462 1092 1525 sit
1111 1483 1157 1524 ex
1178 1481 1312 1526 mascu-

188 1554 270 1630 lino,
294 1576 354 1619 seu
377 1556 469 1637 quod
493 1554 616 1618 Mulier
638 1555 822 1637 desumpta
844 1555 890 1619 sit
913 1575 959 1619 ex
984 1554 1079 1631 Viro,
1100 1567 1243 1621 constat
1267 1578 1312 1622 ex

188 1650 242 1714 his
261 1652 294 1714 in
317 1649 459 1714 Genesi:

239 1799 382 1866 “Jehovah
393 1799 479 1850 Deus.
489 1837 511 1850 ..
522 1800 683 1863 .desumpsit
695 1814 777 1850 unam
787 1799 821 1850 de
830 1800 911 1850 costis
920 1799 980 1859 viri,
990 1809 1018 1850 et
1026 1799 1134 1851 inclusit
1144 1816 1253 1851 carnem
1264 1816 1313 1865 pro

320 1880 368 1921 ea:
385 1876 412 1914 et
424 1864 586 1915 aedificavit.
597 1902 603 1915 .
613 1877 737 1924 ,costam
753 1879 832 1930 quam
845 1874 998 1928 sumpserat
1011 1867 1045 1916 de
1062 1867 1181 1925 homine,
1193 1869 1222 1916 in
1235 1868 1313 1917 muli·

319 1944 410 1988 erem;
427 1941 454 1979 et
468 1932 579 1981 adduxit
592 1945 653 1980 eam
670 1933 705 1981 ad
722 1932 876 1990 hominem
893 1942 922 1981 et
933 1933 1002 1981 dixit
1019 1933 1109 1989 homo,
1127 1931 1203 1982 Haec
1221 1944 1263 1982 est
1280 1948 1312 1983 οι

320 1997 354 2046 de
371 1996 480 2045 ossibus
497 1998 574 2054 meis,
593 2007 620 2046 et
637 2011 701 2046 caro
718 1998 751 2046 de
768 2012 849 2046 carne
871 2010 947 2055 mea:
969 1997 1032 2046 hinc
1052 1999 1195 2048 vocabitur
1214 1998 1311 2049 Ischah

319 2063 475 2122 tinnuerunt,
487 2062 595 2126 quiade
607 2062 666 2111 viro
678 2071 786 2125 sumpta
797 2072 839 2112 est
846 2061 861 2082 ”
873 2063 940 2126 (cap.
952 2063 979 2113 ii.
994 2064 1102 2124 21-23);

188 2220 267 2305 quid
287 2216 459 2302 significat
480 2223 609 2283 “costa
618 2217 634 2244 ”
652 2227 688 2283 et
707 2218 787 2301 quid
809 2217 949 2293 “caro''
967 2219 1048 2282 alibi
1067 2219 1214 2284 dicetur.

251 2328 323 2396 33.
339 2311 410 2377 'Ex
429 2314 602 2397 primitiva
620 2313 685 2377 hac
702 2313 907 2376 formatione
926 2312 1010 2387 fluit,
1027 2315 1120 2396 quod
1138 2311 1312 2378 masculus

188 2421 350 2474 nascatur
365 2407 620 2483 intellectualis,
634 2418 670 2472 et
683 2409 773 2491 quod
791 2408 915 2472 semina
931 2419 1092 2472 nascatur
1104 2408 1310 2484 voluntaria,

188 2523 247 2570 seu
270 2506 361 2588 quod
391 2506 494 2580 idem,
519 2505 611 2588 quod
642 2503 813 2567 masculus
844 2514 1004 2567 nascatur
1030 2504 1064 2566 in
1094 2502 1311 2568 affectionem

106 2654 108 2659 ,
188 2602 327 2675 sciendi,
348 2600 577 2681 intelligendi,
598 2608 633 2663 et
653 2599 818 2682 sapiendi,
839 2608 875 2661 et
894 2599 986 2681 quod
1005 2598 1130 2662 semina
1149 2608 1312 2663 nascatur

187 2696 221 2758 in
241 2714 392 2758 amorem
413 2693 644 2774 conjungendi
663 2714 700 2757 se
719 2713 795 2756 cum
819 2692 878 2756 ilia
894 2691 1073 2756 affeetione
1091 2695 1125 2756 in
1145 2694 1310 2759 masculo.

188 2788 236 2853 Et
252 2791 330 2871 quia
342 2791 503 2853 interiora
517 2791 559 2852 ad
573 2789 830 2852 similitudinem
847 2808 943 2851 suam
959 2788 1108 2851 formant
1123 2788 1309 2864 exteriora,

187 2894 224 2949 et
247 2885 356 2947 forma
377 2884 566 2946 masculina
589 2892 642 2946 est
664 2883 771 2946 forma
794 2881 1002 2958 intellectus,
1022 2902 1062 2946 ac
1085 2882 1195 2946 forma
1213 2883 1309 2947 semi·

187 2978 267 3062 nina
287 2988 340 3041 est
359 2978 467 3041 sorma
483 2979 607 3041 amoris
624 2976 705 3058 ejus,
720 2978 799 3041 inde
814 2987 867 3041 est
885 2979 976 3061 quod
993 2977 1165 3041 masculus
1181 2979 1227 3042 sit
1243 2979 1309 3042 alia

187 3070 283 3146 facie,
311 3073 379 3135 alio
407 3092 503 3146 sono,
533 3083 569 3135 et
596 3072 665 3134 alio
692 3092 845 3154 corpore,
872 3091 974 3155 quam
1002 3071 1151 3150 semina3
1184 3093 1308 3155 nempe

186 3169 272 3233 facie
289 3169 432 3242 duriore,
447 3187 533 3230 sono
551 3168 732 3250 asperiore,
747 3178 783 3231 et
800 3189 943 3251 corpore
958 3169 1099 3242 fortiori,
1113 3189 1153 3231 ac
1171 3170 1308 3252 insuper

187 3275 307 3327 mento
320 3263 476 3338 barbato,
488 3263 521 3325 in
535 3282 661 3345 genere
673 3262 781 3325 forma
790 3262 1040 3346 impulchriore‚
1052 3282 1154 3347 quam
1167 3263 1306 3341 semina3

187 3357 345 3422 differunt
365 3359 467 3421 etiam
487 3358 641 3439 gestibus
660 3367 695 3420 et
716 3359 890 3422 moribus:
915 3359 1031 3432 verbo,
1052 3368 1192 3422 nonest
1211 3359 1306 3441 quic·

186 3473 287 3536 quam
305 3453 425 3526 simile,
439 3453 500 3515 sed
517 3473 622 3535 usque
637 3463 690 3515 est
704 3451 956 3533 conjunctivum
972 3454 1006 3515 in
1019 3451 1182 3533 singulis;
1202 3453 1307 3515 immo

186 3557 240 3612 est
254 3548 477 3611 masculinum
495 3549 527 3610 in
541 3547 704 3622 masculo,
718 3548 752 3610 in
768 3548 861 3611 omni
878 3556 985 3630 parte,
1000 3548 1103 3610 etiam
1121 3547 1154 3609 in
1168 3548 1307 3610 minima

186 3643 338 3724 corporis
354 3642 435 3723 ejuS,
453 3643 690 3715 masculinum,
708 3652 744 3704 et
760 3662 894 3723 quoque
913 3643 946 3704 in
966 3643 1057 3704 omni
1077 3642 1154 3703 idea
1171 3643 1306 3723 cogita·

187 3738 301 3812 tionis,
316 3747 351 3801 et
368 3739 400 3799 in
414 3737 506 3800 omni
523 3739 611 3799 mica
623 3733 812 3799 affectionis
827 3737 898 3818 ejus
912 3759 919 3815 ;
939 3738 1095 3799 similiter
1107 3736 1304 3801 femininum

186 3831 219 3895 in
236 3831 383 3895 semina:
405 3841 440 3896 et
456 3833 534 3914 quia
551 3833 598 3893 sic
615 3849 718 3893 unum
735 3850 803 3894 non
821 3833 944 3895 mutari
961 3841 1079 3913 potest
1095 3832 1128 3894 in
1144 3831 1304 3907 alterum,

186 3928 339 4009 sequitur
351 3928 441 4010 quod
460 3936 539 4009 post
556 3936 702 3990 mortem
719 3926 889 3990 masculus
905 3927 949 3990 sit
966 3926 1147 4003 masculus,
1162 3937 1198 3990 et
1214 3926 1305 4012 quod

185 4021 310 4087 semina
329 4023 373 4086 sit
392 4022 526 4085 femina.
1269 4087 1272 4092 ,

248 4132 320 4201 34.
352 4117 427 4200 (iii.)
462 4117 561 4196 Quod
581 4138 663 4181 suus
689 4116 800 4180 Amor
828 4117 924 4198 apud
950 4117 1201 4199 unumquemvis
1227 4125 1306 4199 post

185 4223 322 4276 mortem
352 4211 656 4276 maneat—Homo
686 4215 783 4276 novit
813 4213 905 4295 quod
933 4233 1029 4275 amor
1057 4214 1112 4287 sit,
1144 4212 1205 4274 sed
1235 4232 1305 4275 non

187 4308 284 4371 novit
306 4307 386 4391 quid
415 4327 511 4370 amor
534 4318 609 4384 est;
636 4310 733 4372 novit
755 4309 846 4390 quod
871 4327 966 4370 amor
989 4308 1033 4371 sit
1061 4310 1106 4370 ex
1131 4306 1305 4371 communi

187 4400 342 4486 loquela;
374 4413 411 4467 ut
434 4403 526 4487 quod
549 4402 683 4467 dicatur
704 4404 796 4487 quod
823 4402 881 4467 ille
907 4421 962 4466 me
991 4413 1095 4479 amet,
1120 4403 1211 4485 quod
1241 4421 1304 4466 rex
