2850 5026
390 467 441 520 DE
464 468 600 521 AMORE
623 469 943 538 CONJUGlAL1.-N.
968 461 1035 524 128.
1212 478 1269 546 105

152 637 404 714 absconditum,
419 641 499 722 quid
517 641 645 704 bonum
658 642 848 716 charitatis,
860 654 896 707 et
909 645 988 726 quid
1003 642 1136 709 affediio
1150 646 1271 711 volun·

152 733 231 797 tatis
255 743 349 808 sunt,
370 744 405 798 et
429 756 564 818 quoque
587 736 639 799 his
663 757 683 800 a
705 739 906 819 quibusdam
926 738 1050 819 injecta
1073 752 1126 804 est
1150 742 1273 806 humus

151 829 234 891 sicut
248 830 404 903 mortuis,
419 851 462 893 ne
481 843 663 913 resurgant
678 853 686 909 ;
710 833 801 914 quod
819 844 934 896 tamen
952 835 1079 897 bonum
1093 835 1273 900 charitatis

151 923 193 986 sit
210 925 406 1004 primarium
423 924 602 999 ecclesiae,
620 929 749 1009 apertis
765 929 875 992 oculis
888 929 993 992 videri
1011 940 1131 1011 potest
1146 933 1190 994 ab
1206 932 1273 994 illis

151 1019 204 1102 qui
235 1039 305 1083 non
329 1021 547 1086 occluserunt
572 1023 662 1086 viam
689 1044 708 1086 e
742 1024 840 1086 caelo
870 1025 903 1087 in
937 1023 1151 1089 intellectum
1176 1047 1273 1090 suum

151 1133 208 1195 per
226 1113 507 1179 confirmationes
526 1136 588 1198 pro
607 1116 673 1181 fide
694 1118 785 1199 quod
806 1116 880 1180 sola
899 1118 1003 1183 iaciat
1023 1121 1216 1195 ecclesiam,
1237 1133 1273 1186 et

151 1230 210 1292 pro
236 1211 452 1292 cogitatione
480 1213 572 1294 quod
605 1211 680 1274 sola
710 1213 813 1276 saciat
836 1213 1020 1277 hominem.
1067 1215 1166 1280 Nunc
1196 1218 1275 1300 quia

150 1305 276 1369 bonum
296 1306 476 1370 charitatis
499 1317 552 1370 est
577 1328 597 1371 a
621 1307 782 1381 Domino,
803 1318 838 1370 et
862 1329 980 1371 verum
1000 1309 1079 1374 fidei
1103 1322 1157 1375 est
1181 1311 1272 1393 apud

150 1400 323 1465 hominem
343 1404 430 1466 sicut
450 1403 494 1466 ab
513 1403 583 1476 illo,
601 1413 636 1466 et
655 1403 740 1467 haec
759 1404 826 1466 duo
842 1402 970 1467 iaciunt
987 1405 1093 1469 talem
1111 1405 1273 1487 conjunc·

151 1497 279 1559 tionem
311 1497 449 1561 Domini
476 1517 553 1561 cum
582 1498 732 1573 homine,
765 1509 800 1562 et
830 1498 978 1562 hominis
1003 1520 1080 1564 cum
1110 1501 1272 1579 Domino,

150 1591 258 1673 qualis
276 1592 483 1675 intelligitur
501 1614 561 1676 per
580 1592 720 1657 Domini
740 1594 860 1668 verba,
877 1593 968 1676 quod

381 1726 443 1791 lpse
455 1728 490 1777 sit
502 1728 529 1777 in
543 1728 604 1787 illis,
617 1735 645 1777 et
658 1728 696 1777 illi
709 1728 737 1777 in
751 1725 817 1790 Ipso
829 1727 904 1793 (Joh.
917 1742 961 1778 xv.
973 1739 997 1790 4,
1011 1728 1043 1791 5),

151 1865 258 1939 patet,
279 1857 371 1940 quod
392 1857 478 1921 haec
499 1853 693 1936 conjund'tio
712 1859 756 1921 sit
773 1858 931 1922 ecclesia.

212 1966 303 2035 127.
329 1950 426 2035 (viii.)
452 1952 522 2016 sed
531 1953 621 2035 quod
630 1953 677 2016 sit
687 1953 978 2033 correspondentia
989 1975 1061 2017 cum
1076 1974 1188 2017 amore
1198 1974 1273 2017 con·

142 2045 281 2128 juguli,
303 2047 526 2122 seminatione,
543 2045 796 2130 prolificatrbue,
816 2068 929 2110 aumre
946 2048 1125 2128 infantum,
1145 2058 1178 2111 et
1198 2069 1272 2111 cum

151 2141 315 2204 similibus
332 2163 416 2223 quae
430 2142 464 2204 in
479 2142 653 2227 conjugiis,
667 2152 699 2205 et
715 2163 757 2204 ex
771 2141 841 2204 illis
857 2142 1057 2206 suun-Sed
1075 2143 1159 2205 haec
1176 2163 1273 2206 arca·

152 2238 247 2300 niora
267 2247 359 2311 sunt,
380 2256 481 2320 quam
506 2248 542 2300 ut
567 2238 700 2319 possint
719 2235 936 2301 intellectum
959 2257 1037 2301 cum
1061 2238 1173 2319 aliqua
1197 2238 1272 2301 luce

151 2332 287 2406 intrare,
323 2334 386 2395 nisi
419 2333 645 2415 praecesserit
679 2334 834 2413 cognitio
867 2335 909 2396 de
943 2333 1270 2415 correspondentia;

151 2447 235 2508 quae
259 2428 323 2489 nisi
343 2425 482 2491 detefta
501 2429 590 2490 inest
611 2427 812 2501 intelledtui,
834 2427 958 2490 frustra
978 2428 1046 2501 illa,
1067 2448 1155 2509 quae
1174 2426 1272 2508 hujus

150 2522 283 2585 articuli
303 2531 394 2595 sunt,
412 2532 584 2603 utcunque
603 2523 790 2604 explicata,
812 2522 1167 2604 comprehenduntur:
1192 2521 1272 2604 quid

150 2625 265 2679 autem
296 2626 349 2680 est
374 2616 692 2697 correspondentia,
717 2626 752 2679 et
780 2616 871 2698 quod
896 2618 940 2679 sit
964 2616 1168 2679 naturalium
1194 2634 1270 2677 cum

151 2710 392 2792 spiritualibus,
414 2710 531 2774 multis
550 2722 729 2774 ostensum
749 2721 803 2774 est
828 2713 861 2773 in
885 2710 1070 2792 Apoculysi
1083 2709 1271 2782 Revelatn,·

150 2816 183 2869 et
202 2827 338 2888 quoque
357 2806 390 2868 in
407 2805 555 2868 Arcauis
571 2803 800 2879 Caelestibus,·
824 2816 859 2868 et
879 2807 912 2868 in
929 2807 1042 2887 specie
1060 2806 1093 2868 in
1109 2804 1272 2867 Doiiriua

149 2899 264 2963 Nouae
274 2899 526 2981 Hierosolymae
539 2900 581 2962 de
597 2899 776 2980 Scriptura
791 2900 900 2964 Sacra
910 2922 923 2970 ,·
946 2911 982 2963 et
1003 2900 1221 2980 singulariter
1237 2899 1271 2962 in

150 2994 363 3058 Memorabili
387 2996 429 3058 de
461 2994 520 3057 illa
549 2995 583 3057 in
615 2996 847 3076 sequentibus.
892 2994 1092 3076 Antequam
1116 2995 1271 3076 cognitio

149 3090 190 3154 de
208 3090 268 3154 illa
287 3090 413 3153 hausta
432 3099 497 3164 est,
518 3089 629 3153 solum
649 3108 767 3152 coram
786 3087 964 3152 intellediu
984 3091 1017 3152 in
1037 3089 1167 3164 umbra,
1185 3089 1270 3152 haec

148 3206 256 3268 pauca
289 3186 469 3248 dicentur:
504 3185 597 3268 quod
634 3204 730 3248 amor
763 3181 965 3264 coniugialis
998 3185 1270 3267 correspondeat

148 3278 318 3344 aisediioni
335 3281 473 3360 genuini
490 3281 571 3354 veri,
589 3278 660 3360 ejus
677 3280 844 3352 castitati,
863 3279 1003 3361 puritati
1020 3290 1054 3342 et
1072 3277 1270 3357 sanititati5

149 3376 239 3458 quod
258 3376 440 3437 seminatio
458 3374 729 3456 correspondeat
750 3375 929 3456 potentiae
952 3375 1043 3436 veri:
1075 3374 1166 3456 quod
1191 3394 1270 3455 pro-

148 3469 290 3534 lificatio
313 3469 583 3550 correspondeat
608 3469 850 3551 propagationi
873 3468 964 3543 veri;
999 3478 1034 3531 et
1059 3469 1150 3550 quod
1174 3488 1271 3530 amor

147 3565 315 3628 infantum
332 3564 601 3644 correspondeat
618 3564 782 3626 tutationi
799 3563 869 3626 veri
886 3572 921 3625 et
938 3563 1028 3625 boni.
1075 3562 1173 3626 Nunc
1191 3564 1269 3644 quia

148 3679 264 3723 verum
288 3658 378 3739 apud
402 3658 577 3721 hominem
601 3668 745 3740 apparet
768 3659 857 3720 sicut
886 3657 968 3738 ejuS,
993 3678 1032 3721 ac
1064 3658 1191 3721 bonum
1219 3656 1268 3720 illi

148 3755 343 3836 adjungitur
369 3774 389 3815 a
417 3752 577 3826 Domino,
603 3762 701 3834 patet
725 3753 815 3834 quod
840 3753 1166 3834 correspondentiae
1190 3751 1269 3814 illae

149 3851 215 3913 sint
229 3848 394 3912 naturalis
406 3869 465 3910 seu
477 3849 613 3911 externi
627 3847 774 3910 hominis
785 3866 862 3909 cum
875 3847 1043 3928 spirituali
1056 3868 1115 3909 seu
1131 3848 1269 3909 interno

149 3944 304 4008 homine:
334 3944 394 4006 sed
414 3943 498 4006 haec
519 3943 552 4005 in
573 3941 865 4017 Memorabilibus,
883 3961 969 4024 quae
988 3949 1186 4022 sequuntur,
1206 3937 1268 4000 ali·

148 4060 248 4122 quam
269 4039 381 4102 lucem
399 4038 674 4102 faenerabuntur.

209 4133 303 4198 128.
328 4131 407 4216 (ix.)
434 4133 530 4210 Quod
550 4131 691 4195 Verbum
709 4129 756 4195 sit
770 4129 911 4193 medium
926 4127 1169 4213 commilitonis,
1187 4123 1268 4207 quia

148 4226 236 4291 illud
259 4237 312 4291 est
339 4249 361 4291 a
392 4226 543 4303 Domino,
567 4236 600 4290 et
631 4227 681 4289 sic
701 4223 1021 4306 Dominus—Quod
1045 4223 1199 4286 Verbum
1224 4223 1269 4285 sit

149 4324 295 4387 medium
326 4320 576 4404 conjunctionis
606 4321 744 4384 Domini
772 4340 849 4383 cum
879 4320 1029 4394 homine,
1055 4329 1090 4382 et
1120 4318 1268 4381 hominis

149 4438 224 4482 cum
247 4418 409 4495 Domino,
427 4428 481 4482 est
505 4416 688 4502 quiaillud
711 4417 745 4480 in
769 4437 830 4479 sua
852 4416 1004 4479 essentia
1026 4424 1081 4478 est
1105 4413 1266 4477 Divinum
