2782 5026
390 114 442 166 oa
462 113 597 165 auoua
619 112 937 180 comumnes-u.
956 112 1027 180 255.
1198 116 1257 163 ποι
1325 134 1330 143 ·

127 283 288 368 conjugii
305 285 524 368 contingunt,
542 292 579 348 et
598 293 798 361 transeunt;
822 283 883 346 sed
899 281 1138 362 intelliguntur
1154 279 1263 343 morbl

127 382 373 456 inhaerentes,
397 381 454 463 qui
483 399 552 443 non
583 388 783 467 transeunt:
817 377 880 441 hos
911 376 1115 459 pathologia
1137 374 1261 452 docet;

127 487 217 542 sunt
236 477 423 551 multifarii,
444 485 481 541 ut
500 474 620 548 morbi,
640 495 685 536 ex
704 474 823 555 quibus
846 481 959 535 totum
979 490 1100 553 corpus
1118 468 1263 533 inficitur

128 580 287 646 tantum,
302 580 341 634 ut
369 568 474 634 letale
501 589 546 632 ex
563 569 726 648 contagio
739 566 937 642 inducatur;
961 564 1047 627 tales
1060 573 1139 627 sunt
1152 563 1262 627 febres

126 666 311 748 malignae
330 674 366 728 et
386 663 645 745 pestilentiales,
663 662 788 743 leprae,
807 660 879 723 lues
897 679 1075 730 venereae,
1092 677 1262 739 gangrae-

128 780 213 834 nae,
235 760 360 834 cancri,
381 767 416 822 et
435 758 563 821 similes
582 757 647 819 alii.
692 756 780 819 Tum
800 755 919 828 morbi,
940 776 986 818 ex
1008 755 1129 837 quibus
1148 762 1261 816 totum

126 874 263 937 corpus
281 855 498 934 ingravatum
522 851 560 916 fit
584 853 617 915 in
640 861 788 924 tantum,
809 859 847 912 ut
871 849 963 912 nulla
985 847 1260 912 consociabilitas

124 949 192 1022 sit,
210 958 249 1010 et
268 968 313 1010 ex
330 948 451 1029 quibus
467 945 674 1009 exhalantur
688 944 823 1008 effluvia
839 944 1087 1007 detrimentosa
1102 952 1138 1005 et
1154 963 1260 1025 vapo-

126 1063 190 1106 res
215 1043 323 1116 noxii,
347 1042 420 1104 sive
443 1062 461 1104 e
484 1037 660 1123 superficie
684 1039 846 1120 corporis,
872 1039 943 1101 sive
973 1059 1018 1101 ex
1045 1039 1260 1101 interioribus

128 1135 221 1215 ejus,
247 1137 280 1199 in
304 1135 418 1217 specie
441 1156 486 1198 ex
517 1132 709 1197 ventriculo
738 1144 774 1197 et
804 1132 985 1215 pulmone:
1016 1152 1061 1195 ex
1085 1132 1260 1215 superficie

123 1231 300 1312 corporis,
317 1241 398 1293 sunt
415 1229 585 1310 malignae
602 1227 760 1304 variolae,
775 1247 946 1300 verrucae,
961 1227 1129 1309 pustulae,
1144 1227 1259 1309 phthi-

125 1327 181 1389 sis
198 1325 407 1401 scorbutica,
421 1325 553 1387 scabies
568 1322 757 1400 virulenta;
777 1322 971 1403 cumprimis
986 1322 1013 1384 si
1029 1322 1073 1384 ab
1089 1321 1141 1384 his
1158 1322 1259 1385 iacies

127 1419 324 1483 defoedata
353 1428 418 1481 est.
462 1418 519 1480 Ex
548 1415 751 1491 ventriculo,
776 1413 890 1478 rudius
917 1416 1009 1490 tetri,
1033 1416 1258 1496 graveolenti,

126 1514 231 1589 olidi,
256 1513 361 1577 crudi.
406 1514 463 1576 Ex
487 1513 659 1594 pulmone,
679 1510 804 1574 halitus
828 1511 917 1573 foedi
939 1521 975 1574 et
999 1522 1125 1593 putres,
1150 1511 1259 1575 exha-

128 1608 198 1671 lati
217 1628 264 1670 ex
283 1608 568 1689 apostematibus,
589 1606 768 1678 ulceribus,
789 1605 1013 1678 abscessibus,
1034 1615 1093 1669 aut
1112 1627 1157 1669 ex
1181 1607 1259 1671 viti-

127 1713 198 1766 ato
222 1703 402 1782 sanguine,
424 1710 484 1765 aut
507 1722 552 1764 ex
575 1701 697 1773 vitiata
719 1699 870 1781 lympha,
896 1700 987 1762 inibi.
1032 1700 1171 1765 Praeter
1194 1700 1258 1763 hos

126 1799 243 1862 etiam
270 1806 352 1860 sunt
374 1795 431 1859 alii
453 1796 562 1859 morbi
585 1796 667 1858 varii
691 1795 848 1869 nominis,
873 1806 909 1857 ut
934 1794 1148 1875 lipothymia,
1173 1816 1258 1877 quae

128 1903 189 1956 est
214 1891 334 1955 totalis
358 1879 565 1970 languiditas
588 1890 739 1969 corporis
762 1899 798 1952 et
821 1886 974 1952 deseilus
996 1890 1135 1967 virium;
1160 1909 1258 1971 para·

127 1986 231 2067 lysis,
245 2006 331 2068 quae
348 1994 402 2047 est
419 1982 581 2047 resolutio
597 1992 632 2045 et
649 1983 818 2047 relaxatio
832 1985 1103 2047 membranarum
1121 1996 1155 2046 et
1172 1983 1258 2064 liga-

130 2089 333 2143 mentorum
357 2079 468 2141 motui
491 2078 769 2154 inservientium;
803 2078 939 2160 quidam
964 2079 1072 2142 morbi
1095 2079 1256 2155 chronici,

128 2173 269 2238 oriundi
292 2194 336 2236 ex
357 2171 488 2254 jadiura
511 2172 745 2235 tensibilitatis
769 2182 804 2235 et
828 2173 1041 2236 elasticitatis
1065 2193 1256 2248 nervorum,

128 2267 191 2331 vel
203 2287 224 2330 a
239 2269 342 2330 nimia
355 2267 584 2351 spissitudine,
599 2268 800 2342 tenacitate,
814 2277 849 2330 et
861 2268 1046 2330 acrimonia
1057 2267 1256 2346 humorum;

129 2362 324 2445 epilepsim
357 2381 561 2443 permanens
583 2361 760 2425 infirmitas
784 2383 828 2424 ex
852 2361 1062 2443 apoplexiis;
1090 2363 1257 2445 quaedam

130 2456 304 2538 phthises,
329 2477 375 2519 ex
406 2457 526 2539 quibus
554 2476 677 2538 corpus
700 2467 973 2533 consummatur;
1008 2457 1120 2537 passio
1146 2457 1256 2534 iliaca,

127 2549 269 2617 affedlio
287 2551 451 2625 coeliaca,
471 2550 600 2626 hernia,
620 2561 655 2615 et
674 2550 801 2614 similes
820 2551 876 2614 alii
896 2552 1015 2615 morbi.

198 2660 296 2730 254.
321 2644 448 2729 (xviii.)
475 2644 573 2723 Quod
591 2644 695 2708 tertz‘a
716 2666 818 2708 causa
840 2645 1010 2726 legitimae
1031 2647 1258 2728 separatrhnis

124 2739 183 2803 ,rit
199 2740 394 2821 impotentia
412 2750 491 2804 artie
506 2738 849 2823 confligium-Quod
869 2740 953 2803 haec
973 2741 1018 2804 sit
1037 2761 1139 2804 causa
1156 2762 1256 2825 sepa·

128 2834 290 2909 rationis,
315 2845 370 2898 est
393 2837 471 2917 quia
494 2834 568 2897 finis
592 2832 740 2915 conjugii
762 2845 814 2898 est
842 2837 1034 2917 procreatio
1056 2837 1195 2912 sobolis,
1220 2848 1255 2905 et

120 2927 221 2992 haec
240 2929 285 2991 ab
302 2928 369 2992 illis
390 2949 457 2992 non
477 2929 599 2992 dabilis
617 2938 691 3006 est;
715 2938 750 2991 et
769 2930 847 3010 quia
865 2931 1059 3011 praesciunt
1078 2931 1154 3007 hoc,
1172 2952 1255 2995 con·

107 3021 232 3104 juges
257 3044 303 3086 ex
334 3024 511 3106 proposito
534 3024 714 3103 deprivant
738 3043 798 3105 spe
821 3022 902 3104 ejus,
927 3045 1012 3106 quae
1036 3045 1115 3108 spes
1138 3035 1255 3091 tamen

127 3136 286 3181 amorem
305 3116 439 3180 illarum
459 3116 685 3199 coniugialem
706 3116 812 3181 lactat
831 3128 866 3181 et
885 3117 1007 3182 firmat.

197 3224 294 3294 255·
325 3209 431 3294 (xix.)
457 3211 554 3290 Quod
577 3212 778 3276 adulterium
806 3213 853 3276 sit
879 3234 980 3276 causa
1002 3214 1150 3290 divortii,
1175 3228 1254 3281 sunt

129 3305 250 3388 plures
268 3325 402 3381 causae,
422 3327 508 3389 quae
532 3308 566 3370 in
588 3307 745 3371 rationali
765 3307 839 3370 luce
859 3319 949 3381 sunt,
970 3319 1005 3372 et
1029 3330 1134 3392 usque
1152 3310 1254 3375 hodie

124 3401 356 3464 :reconditam
381 3421 426 3464 ex
445 3400 602 3465 rationali
622 3402 696 3465 luce
716 3403 821 3465 videri
841 3412 968 3485 potest,
988 3405 1078 3485 quod
1098 3404 1254 3487 conjugia

127 3495 204 3558 sint
225 3493 357 3570 sanita,
378 3505 414 3558 et
437 3495 528 3577 quod
551 3495 720 3560 adulteria
743 3499 812 3561 sint
836 3498 995 3578 prolana:
1031 3509 1066 3562 et
1089 3501 1136 3562 sic
1161 3500 1253 3581 quod

131 3588 291 3671 conjugia
303 3600 340 3654 et
356 3588 526 3654 adulteria
538 3590 606 3653 sint
619 3591 682 3654 sibi
697 3611 716 3655 e
732 3582 900 3656 diametro
913 3594 1091 3674 opposita;
1111 3603 1146 3656 et
1163 3593 1254 3676 quod

131 3701 212 3748 <um
226 3686 426 3768 oppositum
442 3685 475 3747 in
492 3685 687 3764 oppositum
702 3686 787 3767 agit,
805 3707 907 3749 unum
924 3687 1078 3750 destruat
1095 3686 1252 3763 alterum,

132 3781 300 3861 usquead
320 3777 477 3842 ultimam
493 3779 678 3842 scintillam
693 3781 784 3843 vitae
803 3780 892 3862 ejus:
917 3782 965 3844 ita
984 3780 1022 3845 fit
1041 3800 1117 3845 cum
1137 3801 1253 3846 amore

133 3873 323 3957 conjugiali,
345 3873 429 3936 dum
449 3884 615 3937 uxoratus
634 3895 679 3937 ex
698 3873 909 3950 confirmato,
930 3877 1032 3939 etsie
1057 3897 1102 3939 ex
1126 3896 1252 3959 propo·

134 3965 212 4042 sito,
233 3968 425 4034 committit
448 3968 625 4031 adulteria.
671 3968 779 4043 Haec,
799 3970 889 4052 apud
912 3969 987 4032 illos
1011 3971 1066 4053 qui
1089 3971 1131 4033 de
1155 3969 1253 4035 caelo

136 4065 175 4120 ‘t
200 4063 324 4133 inferno
356 4063 484 4146 aliquid
518 4064 642 4145 sciunt,
665 4064 700 4128 in
734 4065 875 4128 rationis
903 4065 1013 4128 lucem
1038 4066 1249 4147 perspicuam
