2850 5026
150 413 212 477 266
494 423 676 474 pancras
700 421 932 474 sumamma
1017 432 1021 438 ·

148 598 239 682 quod
266 596 325 661 ille
354 616 451 660 amor
479 594 630 660 excedat
658 614 810 658 amorem
839 593 968 658 mundi.
1015 593 1217 657 fueruntne
1239 603 1271 658 et

148 701 286 768 suntne,
300 693 355 775 qui
372 712 435 774 pro
450 691 575 755 semina
590 701 713 774 optata
728 700 764 754 et
783 701 908 772 rogata
924 692 957 753 in
975 710 1153 771 sponsam,
1167 691 1271 771 ipsam

148 789 257 852 vitam
281 806 377 851 suam
400 807 463 871 pro
492 786 551 850 vili
573 787 774 861 aestimant,
798 796 835 849 et
867 787 1064 868 discupiunt
1088 786 1187 858 mori,
1213 785 1272 847 nisi

150 884 344 964 paciscatur
366 902 402 944 se
425 890 510 944 voto
532 880 693 944 illorum?
723 880 789 943 hoc
809 900 945 963 quoque
965 889 1144 942 testantur
1163 879 1273 961 plures

149 976 304 1040 rivalium
321 977 561 1041 dimicationes
573 995 679 1058 usque
695 975 740 1038 ad
759 994 903 1054 necem;
927 976 1090 1038 indicium
1104 974 1197 1057 quod
1219 973 1273 1036 ille

150 1092 245 1135 amor
269 1072 419 1135 excedat
443 1089 595 1133 amorem
617 1071 721 1133 vitae.
767 1071 967 1135 Fueruntne
990 1079 1027 1134 et
1056 1079 1198 1143 suntne,
1222 1068 1275 1151 qui

151 1187 212 1249 pro
235 1166 360 1230 semina
383 1175 504 1248 optata
534 1175 570 1228 et
599 1152 725 1247 r'ogata
753 1165 788 1229 in
818 1184 992 1248 sponsam,
1018 1186 1064 1228 ex
1088 1165 1276 1246 negatione

150 1272 308 1325 amentes
326 1258 405 1326 faeti
424 1260 528 1324 sunt?
572 1259 657 1342 Quis
677 1280 746 1324 non
766 1282 812 1325 ex
832 1261 898 1325 hoc
918 1260 1168 1324 inchoamento
1188 1258 1287 1336 illius,

151 1357 277 1420 amoris
300 1357 391 1439 apud
414 1355 539 1439 plures,
564 1364 680 1438 potest
703 1357 920 1420 rationaliter
942 1354 1165 1429 concludere,
1187 1354 1277 1437 quod

152 1470 249 1514 amor
271 1450 329 1515 ille
353 1472 398 1514 ex
422 1472 483 1513 sua
506 1452 658 1514 essentia
687 1460 725 1513 ut
755 1468 933 1531 supremus
952 1451 1152 1513 dominetur
1176 1470 1277 1531 super

150 1564 288 1609 omnem
305 1544 407 1608 alium
424 1565 588 1619 amorem,
606 1554 642 1608 et
658 1543 750 1626 quod
767 1543 881 1607 anima
897 1543 1046 1606 hominis
1063 1554 1146 1607 tunc
1165 1545 1200 1607 in
1218 1544 1277 1607 illo

150 1642 206 1714 sit,
231 1660 271 1704 ac
301 1642 472 1722 spondeat
496 1641 559 1702 sibi
582 1659 659 1702 cum
682 1649 807 1721 optata
829 1649 865 1703 et
895 1649 1019 1719 rogata
1041 1639 1278 1702 beatitudines

150 1744 310 1798 aeternas
325 1756 333 1813 ;
356 1736 430 1817 quis
443 1734 559 1797 videre
572 1744 703 1817 potest,
716 1734 743 1796 si
756 1752 960 1816 quaversum
977 1733 1157 1816 disquirat,
1172 1734 1275 1797 aliam

151 1849 302 1903 causam,
323 1850 424 1913 quam
442 1830 534 1912 quod
557 1829 732 1892 addixerit
751 1829 899 1891 animam
919 1847 1016 1891 suam
1040 1839 1076 1893 et
1100 1848 1277 1892 corsuum

151 1923 345 1988 adunam?
379 1943 458 1986 nam
484 1925 512 1986 si
539 1924 680 1997 amasio,
701 1923 782 1985 dum
812 1924 846 1985 in
873 1923 935 1986 illo
962 1934 1059 1987 statu
1087 1934 1154 1999 est,
1180 1925 1277 2005 optio

151 2021 293 2083 daretur
308 2019 459 2100 eligendi
477 2040 522 2082 ex
540 2020 699 2082 universo
716 2038 802 2081 sexu
818 2020 1067 2100 dignissimam,
1086 2019 1277 2101 opulentis·

152 2116 286 2191 simam,
306 2125 343 2178 et
365 2115 658 2189 formosissimam,
679 2133 793 2177 nonne
816 2115 1011 2195 despiceret
1035 2116 1228 2197 optionem,
1241 2127 1277 2178 et

153 2210 355 2274 adhaereret
379 2208 535 2274 eledtae?
562 2229 621 2273 cor
650 2210 740 2272 enirn
761 2208 833 2290 ejus
860 2218 914 2272 est
936 2211 980 2272 ad
1007 2211 1143 2273 unicam
1171 2211 1275 2274 illam.

154 2306 251 2370 Haec
269 2304 360 2370 dieta
376 2315 467 2380 sunt,
482 2315 519 2369 ut
536 2305 735 2387 agnoscatis
752 2305 842 2386 quod
859 2323 955 2367 amor
972 2304 1177 2387 coniugialis
1196 2305 1276 2368 talis

151 2403 461 2484 supereminentiae
474 2402 585 2475 detur,
599 2411 634 2465 et
650 2400 741 2482 quod
754 2400 855 2463 detur
867 2401 948 2463 dum
962 2421 1060 2464 unae
1076 2421 1164 2463 sexu
1178 2402 1277 2464 unice

152 2509 295 2563 amatur.
342 2497 427 2579 Quis
450 2493 659 2568 intelledtus,
683 2496 740 2577 qui
763 2496 917 2559 rationes
950 2497 983 2560 in
1019 2516 1111 2559 nexu
1134 2496 1277 2559 elimata

151 2595 225 2657 acie
249 2594 412 2666 intuetur,
434 2612 501 2653 non
526 2600 642 2673 potest
665 2591 743 2653 inde
767 2591 948 2664 deducere,
974 2591 1066 2672 quod
1089 2592 1117 2653 si
1141 2601 1276 2654 amator

152 2690 196 2752 ab
215 2689 329 2750 anima
349 2707 408 2750 seu
428 2686 471 2748 ab
490 2687 618 2748 intimis
637 2695 840 2748 constanter
859 2686 1009 2767 persistit
1034 2686 1067 2747 in
1091 2705 1211 2749 amore
1233 2685 1276 2747 ad

151 2784 257 2859 illam,
278 2791 546 2865 consequeretur
564 2793 724 2844 aeternas
743 2780 820 2843 illas
840 2781 1084 2854 beatitudines,
1104 2801 1190 2862 quas
1213 2780 1276 2843 sibi

150 2889 234 2944 ante
247 2896 451 2942 consensum
465 2877 665 2958 spopondit,
680 2887 715 2940 et
732 2878 765 2939 in
779 2896 949 2939 consensu
962 2874 1135 2958 spondet?
1173 2874 1275 2957 Quod

151 2976 258 3040 etiam
285 2982 518 3055 consequatur
540 2972 628 3046 illas,
649 2973 676 3034 si
704 2971 808 3035 adeat
836 2970 1033 3045 Dominum,
1058 2979 1094 3033 et
1122 2970 1166 3034 ab
1195 2971 1275 3052 Ipso

151 3072 248 3134 vivat
270 3087 386 3132 veram
406 3067 621 3149 religionem,
642 3087 744 3149 supra
766 3077 942 3128 ostensum
967 3076 1033 3128 est.
1079 3064 1166 3147 Quis
1189 3065 1274 3128 alius

150 3187 172 3230 a
195 3165 359 3247 superiori
382 3165 489 3227 intrat
511 3164 619 3225 vitam
643 3161 801 3236 hominis,
826 3171 861 3225 et
885 3161 1010 3242 gaudia
1033 3160 1201 3224 caelestia
1223 3162 1274 3224 in·

152 3271 251 3326 terna
269 3261 368 3334 indit,
390 3268 425 3322 et
444 3260 477 3322 in
497 3259 746 3342 consequentia
764 3257 946 3333 transscrt;
972 3266 1007 3318 et
1027 3277 1069 3318 eo
1089 3255 1175 3338 plus,
1196 3256 1275 3318 dum

151 3358 257 3422 etiam
275 3355 375 3418 simul
391 3364 611 3418 constantem
628 3355 791 3416 virtutem
804 3351 938 3415 donat?
962 3350 1065 3432 Quod
1083 3352 1163 3414 talis
1180 3371 1276 3414 amor

153 3472 221 3516 non
246 3452 356 3525 detur,
378 3471 440 3514 nec
465 3449 600 3524 dabilis,
626 3450 796 3530 quianon
820 3448 909 3529 apud
933 3467 981 3521 se,
1006 3467 1046 3510 ac
1070 3446 1161 3528 apud
1185 3446 1274 3509 hunc

152 3560 188 3614 et
208 3550 304 3612 illum
323 3556 388 3621 est,
409 3567 478 3610 non
498 3546 593 3609 valet
612 3545 870 3626 consequentia.

215 3659 316 3727 334.
347 3642 519 3724 Quoniam
543 3661 639 3705 amor
661 3661 741 3702 vere
765 3637 967 3719 conjugialis
987 3636 1166 3718 conjungit
1190 3637 1274 3699 duo·

152 3758 226 3803 rum
245 3741 376 3802 animas
395 3748 431 3802 et
455 3738 570 3812 corda,
591 3736 669 3800 ideo
688 3737 792 3798 etiam
813 3735 929 3796 unitus
949 3742 1003 3796 est
1027 3752 1104 3795 cum
1124 3731 1276 3794 amicitia

152 3845 188 3898 et
201 3833 362 3917 perhanc
376 3853 453 3897 cum
467 3832 687 3904 confidentia,
700 3831 830 3893 etfacit
843 3839 1021 3910 utramque
1032 3826 1271 3908 coniugialem,

151 3952 239 4014 quae
257 3931 307 3994 ita
325 3929 478 3992 eminent
499 3948 601 4010 supra
620 3927 789 3989 amicitias
812 3933 848 3988 et
872 3923 1100 3987 confidentias
1120 3922 1216 3994 alias,
1237 3928 1274 3983 ut

151 4029 241 4091 sicut
260 4046 356 4090 amor
374 4034 428 4088 est
447 4043 543 4086 amor
561 4040 727 4096 amorum,
747 4022 797 4085 ita
819 4040 954 4103 quoque
974 4018 1033 4082 illa
1053 4018 1203 4080 amicitia
1221 4026 1274 4079 est

151 4123 303 4186 amicitia
332 4120 571 4193 amicitiarum,
596 4118 753 4181 similiter
780 4115 1011 4192 confidentia3
1046 4113 1137 4196 quod
1168 4113 1273 4177 etiam

152 4218 321 4300 potentia,
346 4225 426 4279 sunt
454 4216 567 4299 plures
591 4234 727 4287 causae,
751 4230 892 4294 quarum
918 4210 1052 4291 aliquae
1082 4209 1115 4270 in
1147 4206 1273 4271 Altero

152 4312 369 4376 Memorabili
389 4311 553 4395 posthoc
573 4317 677 4392 caput
698 4307 905 4379 revelantur,
924 4326 969 4367 ex
989 4325 1054 4386 qua
1074 4319 1277 4385 persevera··

151 4409 200 4473 tio
218 4409 344 4472 amoris
362 4409 451 4472 illius
471 4407 633 4490 sequitur.
679 4402 781 4484 Quod
805 4423 865 4484 per
883 4420 1037 4465 amorem
1056 4420 1136 4463 vere
1155 4397 1271 4481 conju-
