<?xml version="1.0" encoding="UTF-8"?>
<!DOCTYPE html PUBLIC "-//W3C//DTD XHTML 1.0 Transitional//EN"
    "http://www.w3.org/TR/xhtml1/DTD/xhtml1-transitional.dtd">
<html xmlns="http://www.w3.org/1999/xhtml" xml:lang="en" lang="en">
 <head>
  <title>
</title>
<meta http-equiv="Content-Type" content="text/html;charset=utf-8" />
  <meta name='ocr-system' content='tesseract 3.04.00' />
  <meta name='ocr-capabilities' content='ocr_page ocr_carea ocr_par ocr_line ocrx_word'/>
</head>
<body>
  <div class='ocr_page' id='page_1' title='image "./deliciaesapient00swedgoog_0399.png"; bbox 0 0 2782 5026; ppageno 0'>
   <div class='ocr_carea' id='block_1_1' title="bbox 141 215 939 291">
    <p class='ocr_par' dir='ltr' id='par_1_1' title="bbox 141 215 939 291">
     <span class='ocr_line' id='line_1_1' title="bbox 141 215 939 291; baseline 0.01 -28"><span class='ocrx_word' id='word_1_1' title='bbox 141 221 215 291; x_wconf 59' lang='lat' dir='ltr'><strong>3oe</strong></span> <span class='ocrx_word' id='word_1_2' title='bbox 480 215 729 270; x_wconf 69' lang='lat' dir='ltr'><strong>volumtas</strong></span> <span class='ocrx_word' id='word_1_3' title='bbox 751 216 939 271; x_wconf 64' lang='lat' dir='ltr'><strong>mserum</strong></span> 
     </span>
    </p>
   </div>
   <div class='ocr_carea' id='block_1_2' title="bbox 62 369 1391 3984">
    <p class='ocr_par' dir='ltr' id='par_1_2' title="bbox 143 369 1391 3031">
     <span class='ocr_line' id='line_1_2' title="bbox 150 369 1357 470; baseline 0.001 -15"><span class='ocrx_word' id='word_1_4' title='bbox 150 388 322 455; x_wconf 79' lang='lat' dir='ltr'><strong>residuum</strong></span> <span class='ocrx_word' id='word_1_5' title='bbox 341 386 397 453; x_wconf 81' lang='lat' dir='ltr'><strong>sn.</strong></span> <span class='ocrx_word' id='word_1_6' title='bbox 441 385 500 451; x_wconf 78' lang='lat' dir='ltr'><strong>Ex</strong></span> <span class='ocrx_word' id='word_1_7' title='bbox 524 385 578 450; x_wconf 73' lang='lat' dir='ltr'><strong>nis</strong></span> <span class='ocrx_word' id='word_1_8' title='bbox 600 386 707 450; x_wconf 72' lang='lat' dir='ltr'><strong>viden</strong></span> <span class='ocrx_word' id='word_1_9' title='bbox 725 395 855 469; x_wconf 86' lang='lat' dir='ltr'><strong>potest,</strong></span> <span class='ocrx_word' id='word_1_10' title='bbox 875 387 968 470; x_wconf 79' lang='lat' dir='ltr'><strong>quoe</strong></span> <span class='ocrx_word' id='word_1_11' title='bbox 992 394 1079 454; x_wconf 73' lang='lat' dir='ltr'><strong>naec</strong></span> <span class='ocrx_word' id='word_1_12' title='bbox 1103 388 1208 455; x_wconf 72' lang='lat' dir='ltr'><strong>tisino</strong></span> <span class='ocrx_word' id='word_1_13' title='bbox 1227 369 1357 456; x_wconf 55' lang='lat' dir='ltr'><strong>att</strong></span> 
     </span>
     <span class='ocr_line' id='line_1_3' title="bbox 143 480 1372 569; baseline 0.002 -20"><span class='ocrx_word' id='word_1_14' title='bbox 143 482 366 550; x_wconf 89' lang='lat' dir='ltr'><strong>intemecina</strong></span> <span class='ocrx_word' id='word_1_15' title='bbox 394 481 503 546; x_wconf 88' lang='lat' dir='ltr'><strong>amori</strong></span> <span class='ocrx_word' id='word_1_16' title='bbox 530 480 737 563; x_wconf 62' lang='lat' dir='ltr'><strong>conjugum</strong></span> <span class='ocrx_word' id='word_1_17' title='bbox 771 492 808 547; x_wconf 91' lang='lat' dir='ltr'><strong>et</strong></span> <span class='ocrx_word' id='word_1_18' title='bbox 841 484 921 565; x_wconf 89' lang='lat' dir='ltr'><strong>quia</strong></span> <span class='ocrx_word' id='word_1_19' title='bbox 950 503 1049 548; x_wconf 91' lang='lat' dir='ltr'><strong>amor</strong></span> <span class='ocrx_word' id='word_1_20' title='bbox 1076 480 1372 569; x_wconf 56' lang='lat' dir='ltr'><strong>conjugalia*</strong></span> 
     </span>
     <span class='ocr_line' id='line_1_4' title="bbox 151 576 1381 660; baseline 0.002 -16"><span class='ocrx_word' id='word_1_21' title='bbox 151 579 233 644; x_wconf 83' lang='lat' dir='ltr'><strong>iacit</strong></span> <span class='ocrx_word' id='word_1_22' title='bbox 262 578 419 642; x_wconf 92' lang='lat' dir='ltr'><strong>intimum</strong></span> <span class='ocrx_word' id='word_1_23' title='bbox 438 576 531 641; x_wconf 90' lang='lat' dir='ltr'><strong>vitae</strong></span> <span class='ocrx_word' id='word_1_24' title='bbox 560 578 649 658; x_wconf 88' lang='lat' dir='ltr'><strong>apud</strong></span> <span class='ocrx_word' id='word_1_25' title='bbox 669 577 855 652; x_wconf 89' lang='lat' dir='ltr'><strong>hominem,</strong></span> <span class='ocrx_word' id='word_1_26' title='bbox 875 579 969 660; x_wconf 90' lang='lat' dir='ltr'><strong>quod</strong></span> <span class='ocrx_word' id='word_1_27' title='bbox 998 581 1043 644; x_wconf 91' lang='lat' dir='ltr'><strong>sit</strong></span> <span class='ocrx_word' id='word_1_28' title='bbox 1066 579 1381 646; x_wconf 55' lang='lat' dir='ltr'><strong>intemecinafl</strong></span> 
     </span>
     <span class='ocr_line' id='line_1_5' title="bbox 152 670 1386 758; baseline 0.002 -21"><span class='ocrx_word' id='word_1_29' title='bbox 152 675 242 738; x_wconf 90' lang='lat' dir='ltr'><strong>illius</strong></span> <span class='ocrx_word' id='word_1_30' title='bbox 257 674 372 749; x_wconf 90' lang='lat' dir='ltr'><strong>vitae;</strong></span> <span class='ocrx_word' id='word_1_31' title='bbox 395 681 432 736; x_wconf 91' lang='lat' dir='ltr'><strong>et</strong></span> <span class='ocrx_word' id='word_1_32' title='bbox 448 672 540 754; x_wconf 92' lang='lat' dir='ltr'><strong>quod</strong></span> <span class='ocrx_word' id='word_1_33' title='bbox 556 670 663 736; x_wconf 92' lang='lat' dir='ltr'><strong>libido</strong></span> <span class='ocrx_word' id='word_1_34' title='bbox 678 672 738 736; x_wconf 88' lang='lat' dir='ltr'><strong>illa</strong></span> <span class='ocrx_word' id='word_1_35' title='bbox 755 692 815 753; x_wconf 88' lang='lat' dir='ltr'><strong>per</strong></span> <span class='ocrx_word' id='word_1_36' title='bbox 831 675 1044 739; x_wconf 85' lang='lat' dir='ltr'><strong>successivas</strong></span> <span class='ocrx_word' id='word_1_37' title='bbox 1053 675 1272 758; x_wconf 89' lang='lat' dir='ltr'><strong>interceptio·</strong></span> <span class='ocrx_word' id='word_1_38' title='bbox 1283 689 1386 720; x_wconf 70' lang='lat'><strong>‘⁴&#39;</strong></span> 
     </span>
     <span class='ocr_line' id='line_1_6' title="bbox 153 765 1379 836; baseline 0.003 -4"><span class='ocrx_word' id='word_1_39' title='bbox 153 789 214 833; x_wconf 89' lang='lat' dir='ltr'><strong>nes</strong></span> <span class='ocrx_word' id='word_1_40' title='bbox 243 776 280 833; x_wconf 91' lang='lat' dir='ltr'><strong>et</strong></span> <span class='ocrx_word' id='word_1_41' title='bbox 309 765 524 830; x_wconf 89' lang='lat' dir='ltr'><strong>occlusiones</strong></span> <span class='ocrx_word' id='word_1_42' title='bbox 541 767 741 831; x_wconf 89' lang='lat' dir='ltr'><strong>interiorum</strong></span> <span class='ocrx_word' id='word_1_43' title='bbox 760 768 887 832; x_wconf 87' lang='lat' dir='ltr'><strong>mentis</strong></span> <span class='ocrx_word' id='word_1_44' title='bbox 906 769 1051 833; x_wconf 89' lang='lat' dir='ltr'><strong>tandem</strong></span> <span class='ocrx_word' id='word_1_45' title='bbox 1069 769 1131 836; x_wconf 87' lang='lat' dir='ltr'><strong>fiat</strong></span> <span class='ocrx_word' id='word_1_46' title='bbox 1150 773 1273 836; x_wconf 91' lang='lat' dir='ltr'><strong>cuticu·</strong></span> <span class='ocrx_word' id='word_1_47' title='bbox 1292 794 1379 820; x_wconf 67' lang='lat'><strong>⁴·-</strong></span> 
     </span>
     <span class='ocr_line' id='line_1_7' title="bbox 152 861 1391 941; baseline 0.003 -14"><span class='ocrx_word' id='word_1_48' title='bbox 152 863 243 936; x_wconf 88' lang='lat' dir='ltr'><strong>laris,</strong></span> <span class='ocrx_word' id='word_1_49' title='bbox 261 872 296 926; x_wconf 89' lang='lat' dir='ltr'><strong>et</strong></span> <span class='ocrx_word' id='word_1_50' title='bbox 326 863 373 925; x_wconf 90' lang='lat' dir='ltr'><strong>sic</strong></span> <span class='ocrx_word' id='word_1_51' title='bbox 397 881 489 925; x_wconf 88' lang='lat' dir='ltr'><strong>mere</strong></span> <span class='ocrx_word' id='word_1_52' title='bbox 509 861 731 941; x_wconf 71' lang='lat' dir='ltr'><strong>illecebrosa,</strong></span> <span class='ocrx_word' id='word_1_53' title='bbox 753 872 956 929; x_wconf 83' lang='lat' dir='ltr'>remanente</span> <span class='ocrx_word' id='word_1_54' title='bbox 975 873 1093 930; x_wconf 89' lang='lat' dir='ltr'><strong>tamen</strong></span> <span class='ocrx_word' id='word_1_55' title='bbox 1113 864 1274 931; x_wconf 73' lang='lat' dir='ltr'>facultate</span> <span class='ocrx_word' id='word_1_56' title='bbox 1332 888 1339 892; x_wconf 51' lang='lat'><strong><em>⁴</em></strong></span> <span class='ocrx_word' id='word_1_57' title='bbox 1386 892 1391 905; x_wconf 90' lang='lat'>·</span> 
     </span>
     <span class='ocr_line' id='line_1_8' title="bbox 152 956 712 1038; baseline 0.002 -16"><span class='ocrx_word' id='word_1_58' title='bbox 152 956 370 1038; x_wconf 85' lang='lat' dir='ltr'><strong>intelligendi</strong></span> <span class='ocrx_word' id='word_1_59' title='bbox 389 977 448 1020; x_wconf 91' lang='lat' dir='ltr'><strong>seu</strong></span> <span class='ocrx_word' id='word_1_60' title='bbox 467 956 712 1025; x_wconf 80' lang='lat' dir='ltr'><strong>rationalitate.</strong></span> 
     </span>
     <span class='ocr_line' id='line_1_9' title="bbox 147 1050 1347 1134; baseline 0.004 -18"><span class='ocrx_word' id='word_1_61' title='bbox 147 1114 152 1123; x_wconf 82' lang='grc'><strong>,</strong></span> <span class='ocrx_word' id='word_1_62' title='bbox 216 1067 316 1134; x_wconf 71' lang='grc'><strong>510.</strong></span> <span class='ocrx_word' id='word_1_63' title='bbox 341 1051 415 1133; x_wconf 84' lang='grc' dir='ltr'>(ἰν.)</span> <span class='ocrx_word' id='word_1_64' title='bbox 442 1050 540 1129; x_wconf 84' lang='lat' dir='ltr'><strong>Quod</strong></span> <span class='ocrx_word' id='word_1_65' title='bbox 552 1050 689 1115; x_wconf 82' lang='lat' dir='ltr'><strong>illorum</strong></span> <span class='ocrx_word' id='word_1_66' title='bbox 714 1071 790 1116; x_wconf 80' lang='lat' dir='ltr'><strong>sors</strong></span> <span class='ocrx_word' id='word_1_67' title='bbox 811 1060 1049 1133; x_wconf 79' lang='lat' dir='ltr'><strong>postmortem</strong></span> <span class='ocrx_word' id='word_1_68' title='bbox 1069 1052 1119 1117; x_wconf 83' lang='lat' dir='ltr'><strong>sr&#39;t</strong></span> <span class='ocrx_word' id='word_1_69' title='bbox 1144 1053 1274 1128; x_wconf 59' lang='lat' dir='ltr'><strong>matera</strong></span> <span class='ocrx_word' id='word_1_70' title='bbox 1308 1095 1347 1122; x_wconf 64' lang='lat'><em>0</em></span> 
     </span>
     <span class='ocr_line' id='line_1_10' title="bbox 154 1145 1386 1229; baseline -0.002 -20"><span class='ocrx_word' id='word_1_71' title='bbox 154 1146 310 1229; x_wconf 66' lang='lat' dir='ltr'><strong>quomam</strong></span> <span class='ocrx_word' id='word_1_72' title='bbox 328 1145 399 1209; x_wconf 86' lang='lat' dir='ltr'><strong>illis</strong></span> <span class='ocrx_word' id='word_1_73' title='bbox 417 1146 507 1209; x_wconf 73' lang='lat' dir='ltr'><strong>vz’tae</strong></span> <span class='ocrx_word' id='word_1_74' title='bbox 524 1145 678 1209; x_wconf 80' lang='lat' dir='ltr'><strong>intr&#39;mum</strong></span> <span class='ocrx_word' id='word_1_75' title='bbox 695 1166 759 1208; x_wconf 82' lang='lat' dir='ltr'><strong>non</strong></span> <span class='ocrx_word' id='word_1_76' title='bbox 773 1146 1096 1210; x_wconf 81' lang='lat' dir='ltr'><strong>est.-Praestantia</strong></span> <span class='ocrx_word' id='word_1_77' title='bbox 1116 1150 1210 1213; x_wconf 82' lang='lat' dir='ltr'><strong>vitae</strong></span> <span class='ocrx_word' id='word_1_78' title='bbox 1225 1158 1276 1212; x_wconf 89' lang='lat' dir='ltr'><strong>est</strong></span> <span class='ocrx_word' id='word_1_79' title='bbox 1305 1150 1386 1206; x_wconf 65' lang='lat'><strong>5·</strong></span> 
     </span>
     <span class='ocr_line' id='line_1_11' title="bbox 153 1239 1391 1323; baseline 0.002 -18"><span class='ocrx_word' id='word_1_80' title='bbox 153 1242 275 1323; x_wconf 89' lang='lat' dir='ltr'><strong>cuique</strong></span> <span class='ocrx_word' id='word_1_81' title='bbox 308 1241 496 1304; x_wconf 91' lang='lat' dir='ltr'><strong>secundum</strong></span> <span class='ocrx_word' id='word_1_82' title='bbox 527 1259 680 1304; x_wconf 89' lang='lat' dir='ltr'><strong>amorem</strong></span> <span class='ocrx_word' id='word_1_83' title='bbox 712 1239 784 1322; x_wconf 86' lang='lat' dir='ltr'><strong>ejus</strong></span> <span class='ocrx_word' id='word_1_84' title='bbox 820 1240 1065 1323; x_wconf 76' lang='lat' dir='ltr'><strong>coniugialem,</strong></span> <span class='ocrx_word' id='word_1_85' title='bbox 1095 1243 1159 1307; x_wconf 92' lang='lat' dir='ltr'><strong>illa</strong></span> <span class='ocrx_word' id='word_1_86' title='bbox 1190 1246 1277 1307; x_wconf 89' lang='lat' dir='ltr'><strong>enim</strong></span> <span class='ocrx_word' id='word_1_87' title='bbox 1390 1264 1391 1277; x_wconf 65' lang='lat'>²</span> 
     </span>
     <span class='ocr_line' id='line_1_12' title="bbox 154 1333 1349 1418; baseline 0.001 -18"><span class='ocrx_word' id='word_1_88' title='bbox 154 1335 333 1417; x_wconf 84' lang='lat' dir='ltr'><strong>conjungit</strong></span> <span class='ocrx_word' id='word_1_89' title='bbox 359 1356 397 1398; x_wconf 91' lang='lat' dir='ltr'><strong>se</strong></span> <span class='ocrx_word' id='word_1_90' title='bbox 426 1355 504 1399; x_wconf 90' lang='lat' dir='ltr'><strong>eum</strong></span> <span class='ocrx_word' id='word_1_91' title='bbox 528 1336 601 1399; x_wconf 90' lang='lat' dir='ltr'><strong>vita</strong></span> <span class='ocrx_word' id='word_1_92' title='bbox 630 1337 758 1411; x_wconf 84' lang='lat' dir='ltr'><strong>uxoris,</strong></span> <span class='ocrx_word' id='word_1_93' title='bbox 782 1345 820 1400; x_wconf 92' lang='lat' dir='ltr'><strong>et</strong></span> <span class='ocrx_word' id='word_1_94' title='bbox 849 1357 910 1418; x_wconf 88' lang='lat' dir='ltr'><strong>per</strong></span> <span class='ocrx_word' id='word_1_95' title='bbox 936 1333 1218 1417; x_wconf 71' lang='lat' dir='ltr'><strong>conjunctionem</strong></span> <span class='ocrx_word' id='word_1_96' title='bbox 1242 1357 1277 1401; x_wconf 91' lang='lat' dir='ltr'><strong>se</strong></span> <span class='ocrx_word' id='word_1_97' title='bbox 1336 1358 1349 1363; x_wconf 43' lang='lat'><strong>⁷·</strong></span> 
     </span>
     <span class='ocr_line' id='line_1_13' title="bbox 154 1431 1352 1513; baseline 0 -17"><span class='ocrx_word' id='word_1_98' title='bbox 154 1431 311 1509; x_wconf 87' lang='lat' dir='ltr'><strong>exaltat;</strong></span> <span class='ocrx_word' id='word_1_99' title='bbox 346 1439 384 1494; x_wconf 88' lang='lat' dir='ltr'><strong>at</strong></span> <span class='ocrx_word' id='word_1_100' title='bbox 407 1432 486 1511; x_wconf 91' lang='lat' dir='ltr'><strong>quia</strong></span> <span class='ocrx_word' id='word_1_101' title='bbox 508 1432 599 1513; x_wconf 87' lang='lat' dir='ltr'><strong>apud</strong></span> <span class='ocrx_word' id='word_1_102' title='bbox 621 1431 686 1495; x_wconf 85' lang='lat' dir='ltr'><strong>bos</strong></span> <span class='ocrx_word' id='word_1_103' title='bbox 709 1451 752 1496; x_wconf 93' lang='lat' dir='ltr'><strong>ne</strong></span> <span class='ocrx_word' id='word_1_104' title='bbox 775 1431 882 1495; x_wconf 91' lang='lat' dir='ltr'><strong>hilum</strong></span> <span class='ocrx_word' id='word_1_105' title='bbox 905 1441 1064 1513; x_wconf 83' lang='lat' dir='ltr'><strong>superest</strong></span> <span class='ocrx_word' id='word_1_106' title='bbox 1089 1452 1138 1497; x_wconf 87' lang='lat' dir='ltr'><strong>ex</strong></span> <span class='ocrx_word' id='word_1_107' title='bbox 1164 1452 1277 1498; x_wconf 88' lang='lat' dir='ltr'><strong>amore</strong></span> <span class='ocrx_word' id='word_1_108' title='bbox 1342 1453 1352 1458; x_wconf 58' lang='lat'><strong>·&#39;</strong></span> 
     </span>
     <span class='ocr_line' id='line_1_14' title="bbox 154 1524 1384 1608; baseline 0 -17"><span class='ocrx_word' id='word_1_109' title='bbox 154 1526 350 1608; x_wconf 87' lang='lat' dir='ltr'><strong>conjugiali,</strong></span> <span class='ocrx_word' id='word_1_110' title='bbox 369 1535 406 1590; x_wconf 91' lang='lat' dir='ltr'><strong>et</strong></span> <span class='ocrx_word' id='word_1_111' title='bbox 429 1526 508 1588; x_wconf 93' lang='lat' dir='ltr'><strong>inde</strong></span> <span class='ocrx_word' id='word_1_112' title='bbox 532 1545 595 1591; x_wconf 91' lang='lat' dir='ltr'><strong>nec</strong></span> <span class='ocrx_word' id='word_1_113' title='bbox 618 1524 745 1608; x_wconf 92' lang='lat' dir='ltr'><strong>aliquid</strong></span> <span class='ocrx_word' id='word_1_114' title='bbox 768 1547 814 1590; x_wconf 87' lang='lat' dir='ltr'><strong>ex</strong></span> <span class='ocrx_word' id='word_1_115' title='bbox 837 1525 960 1590; x_wconf 91' lang='lat' dir='ltr'><strong>intimo</strong></span> <span class='ocrx_word' id='word_1_116' title='bbox 977 1528 1085 1600; x_wconf 89' lang='lat' dir='ltr'><strong>vitae,</strong></span> <span class='ocrx_word' id='word_1_117' title='bbox 1104 1528 1186 1591; x_wconf 91' lang='lat' dir='ltr'><strong>ideo</strong></span> <span class='ocrx_word' id='word_1_118' title='bbox 1208 1549 1278 1591; x_wconf 87' lang='lat' dir='ltr'><strong>sors</strong></span> <span class='ocrx_word' id='word_1_119' title='bbox 1308 1538 1384 1582; x_wconf 69' lang='grc' dir='ltr'><em>ε</em></span> 
     </span>
     <span class='ocr_line' id='line_1_15' title="bbox 153 1618 1382 1703; baseline 0 -18"><span class='ocrx_word' id='word_1_120' title='bbox 153 1621 291 1685; x_wconf 91' lang='lat' dir='ltr'><strong>illorum</strong></span> <span class='ocrx_word' id='word_1_121' title='bbox 310 1629 557 1703; x_wconf 88' lang='lat' dir='ltr'><strong>postmortem</strong></span> <span class='ocrx_word' id='word_1_122' title='bbox 577 1621 700 1684; x_wconf 90' lang='lat' dir='ltr'><strong>misera</strong></span> <span class='ocrx_word' id='word_1_123' title='bbox 718 1629 781 1685; x_wconf 89' lang='lat' dir='ltr'><strong>est.</strong></span> <span class='ocrx_word' id='word_1_124' title='bbox 827 1620 874 1685; x_wconf 88' lang='lat' dir='ltr'><strong>Hi</strong></span> <span class='ocrx_word' id='word_1_125' title='bbox 892 1630 973 1702; x_wconf 91' lang='lat' dir='ltr'><strong>post</strong></span> <span class='ocrx_word' id='word_1_126' title='bbox 989 1618 1153 1685; x_wconf 73' lang='lat' dir='ltr'><strong>exactam</strong></span> <span class='ocrx_word' id='word_1_127' title='bbox 1170 1623 1277 1703; x_wconf 87' lang='lat' dir='ltr'><strong>perio·</strong></span> <span class='ocrx_word' id='word_1_128' title='bbox 1315 1643 1382 1662; x_wconf 84' lang='lat'><strong>-··</strong></span> 
     </span>
     <span class='ocr_line' id='line_1_16' title="bbox 154 1715 1277 1798; baseline 0.001 -19"><span class='ocrx_word' id='word_1_129' title='bbox 154 1715 236 1780; x_wconf 92' lang='lat' dir='ltr'><strong>dum</strong></span> <span class='ocrx_word' id='word_1_130' title='bbox 259 1716 424 1798; x_wconf 90' lang='lat' dir='ltr'><strong>temporis</strong></span> <span class='ocrx_word' id='word_1_131' title='bbox 447 1717 482 1779; x_wconf 91' lang='lat' dir='ltr'><strong>in</strong></span> <span class='ocrx_word' id='word_1_132' title='bbox 505 1715 659 1779; x_wconf 84' lang='lat' dir='ltr'><strong>externis</strong></span> <span class='ocrx_word' id='word_1_133' title='bbox 685 1716 767 1789; x_wconf 90' lang='lat' dir='ltr'><strong>suis,</strong></span> <span class='ocrx_word' id='word_1_134' title='bbox 787 1716 821 1779; x_wconf 94' lang='lat' dir='ltr'><strong>in</strong></span> <span class='ocrx_word' id='word_1_135' title='bbox 844 1717 966 1797; x_wconf 92' lang='lat' dir='ltr'><strong>quibus</strong></span> <span class='ocrx_word' id='word_1_136' title='bbox 990 1716 1208 1788; x_wconf 77' lang='lat' dir='ltr'><strong>rationaliter</strong></span> <span class='ocrx_word' id='word_1_137' title='bbox 1229 1716 1277 1780; x_wconf 91' lang='lat' dir='ltr'><strong>lo·</strong></span> 
     </span>
     <span class='ocr_line' id='line_1_17' title="bbox 154 1810 1391 1893; baseline 0.001 -19"><span class='ocrx_word' id='word_1_138' title='bbox 154 1820 303 1893; x_wconf 92' lang='lat' dir='ltr'><strong>quuntur</strong></span> <span class='ocrx_word' id='word_1_139' title='bbox 321 1821 357 1875; x_wconf 91' lang='lat' dir='ltr'><strong>et</strong></span> <span class='ocrx_word' id='word_1_140' title='bbox 377 1811 524 1875; x_wconf 90' lang='lat' dir='ltr'><strong>civiliter</strong></span> <span class='ocrx_word' id='word_1_141' title='bbox 542 1818 662 1892; x_wconf 84' lang='lat' dir='ltr'><strong>agunt,</strong></span> <span class='ocrx_word' id='word_1_142' title='bbox 680 1810 913 1876; x_wconf 90' lang='lat' dir='ltr'><strong>immittuntur</strong></span> <span class='ocrx_word' id='word_1_143' title='bbox 931 1811 965 1874; x_wconf 91' lang='lat' dir='ltr'><strong>in</strong></span> <span class='ocrx_word' id='word_1_144' title='bbox 984 1811 1123 1874; x_wconf 89' lang='lat' dir='ltr'><strong>interna</strong></span> <span class='ocrx_word' id='word_1_145' title='bbox 1142 1833 1223 1890; x_wconf 86' lang='lat' dir='ltr'><strong>sua;</strong></span> <span class='ocrx_word' id='word_1_146' title='bbox 1245 1823 1279 1875; x_wconf 93' lang='lat' dir='ltr'><strong>et</strong></span> <span class='ocrx_word' id='word_1_147' title='bbox 1383 1824 1391 1847; x_wconf 78' lang='lat'><strong>&#39;⁴</strong></span> 
     </span>
     <span class='ocr_line' id='line_1_18' title="bbox 155 1903 1389 1988; baseline -0.003 -18"><span class='ocrx_word' id='word_1_148' title='bbox 155 1917 236 1971; x_wconf 91' lang='lat' dir='ltr'><strong>tunc</strong></span> <span class='ocrx_word' id='word_1_149' title='bbox 257 1908 290 1971; x_wconf 91' lang='lat' dir='ltr'><strong>in</strong></span> <span class='ocrx_word' id='word_1_150' title='bbox 306 1905 454 1969; x_wconf 88' lang='lat' dir='ltr'><strong>similem</strong></span> <span class='ocrx_word' id='word_1_151' title='bbox 472 1905 647 1969; x_wconf 86' lang='lat' dir='ltr'><strong>libidinem</strong></span> <span class='ocrx_word' id='word_1_152' title='bbox 664 1914 701 1969; x_wconf 91' lang='lat' dir='ltr'><strong>et</strong></span> <span class='ocrx_word' id='word_1_153' title='bbox 716 1903 788 1986; x_wconf 86' lang='lat' dir='ltr'><strong>ejus</strong></span> <span class='ocrx_word' id='word_1_154' title='bbox 800 1904 950 1986; x_wconf 87' lang='lat' dir='ltr'><strong>jucunda</strong></span> <span class='ocrx_word' id='word_1_155' title='bbox 968 1906 1002 1968; x_wconf 88' lang='lat' dir='ltr'><strong>in</strong></span> <span class='ocrx_word' id='word_1_156' title='bbox 1019 1907 1146 1970; x_wconf 88' lang='lat' dir='ltr'><strong>eodem</strong></span> <span class='ocrx_word' id='word_1_157' title='bbox 1162 1908 1278 1988; x_wconf 84' lang='lat' dir='ltr'><strong>gradu,</strong></span> <span class='ocrx_word' id='word_1_158' title='bbox 1331 1937 1389 1966; x_wconf 52' lang='grc' dir='ltr'><strong>..ν</strong></span> 
     </span>
     <span class='ocr_line' id='line_1_19' title="bbox 156 1994 1386 2084; baseline -0.001 -19"><span class='ocrx_word' id='word_1_159' title='bbox 156 2003 190 2065; x_wconf 88' lang='lat' dir='ltr'><strong>in</strong></span> <span class='ocrx_word' id='word_1_160' title='bbox 214 2022 281 2084; x_wconf 93' lang='lat' dir='ltr'><strong>quo</strong></span> <span class='ocrx_word' id='word_1_161' title='bbox 304 1997 402 2082; x_wconf 73' lang='lat' dir='ltr'><strong>¹¹¹ejus</strong></span> <span class='ocrx_word' id='word_1_162' title='bbox 424 2000 598 2065; x_wconf 87' lang='lat' dir='ltr'><strong>suerunt</strong></span> <span class='ocrx_word' id='word_1_163' title='bbox 589 2020 623 2064; x_wconf 88' lang='lat' dir='ltr'><strong>m</strong></span> <span class='ocrx_word' id='word_1_164' title='bbox 647 2000 796 2077; x_wconf 90' lang='lat' dir='ltr'><strong>mund0;</strong></span> <span class='ocrx_word' id='word_1_165' title='bbox 831 2002 1061 2083; x_wconf 89' lang='lat' dir='ltr'><strong>unusquisque</strong></span> <span class='ocrx_word' id='word_1_166' title='bbox 1084 2003 1177 2065; x_wconf 91' lang='lat' dir='ltr'><strong>enim</strong></span> <span class='ocrx_word' id='word_1_167' title='bbox 1202 2011 1278 2084; x_wconf 89' lang='lat' dir='ltr'><strong>post</strong></span> <span class='ocrx_word' id='word_1_168' title='bbox 1346 1994 1386 2047; x_wconf 62' lang='grc' dir='ltr'><strong>’Σ</strong></span> 
     </span>
     <span class='ocr_line' id='line_1_20' title="bbox 155 2076 1385 2179; baseline -0.001 -19"><span class='ocrx_word' id='word_1_169' title='bbox 155 2107 304 2160; x_wconf 89' lang='lat' dir='ltr'><strong>mortem</strong></span> <span class='ocrx_word' id='word_1_170' title='bbox 322 2096 564 2159; x_wconf 89' lang='lat' dir='ltr'><strong>intromittitur</strong></span> <span class='ocrx_word' id='word_1_171' title='bbox 586 2095 620 2159; x_wconf 93' lang='lat' dir='ltr'><strong>in</strong></span> <span class='ocrx_word' id='word_1_172' title='bbox 643 2095 792 2159; x_wconf 89' lang='lat' dir='ltr'><strong>eundem</strong></span> <span class='ocrx_word' id='word_1_173' title='bbox 816 2104 948 2158; x_wconf 86' lang='lat' dir='ltr'><strong>statum</strong></span> <span class='ocrx_word' id='word_1_174' title='bbox 967 2096 1072 2170; x_wconf 89' lang='lat' dir='ltr'><strong>vitae,</strong></span> <span class='ocrx_word' id='word_1_175' title='bbox 1093 2115 1197 2179; x_wconf 92' lang='lat' dir='ltr'><strong>quem</strong></span> <span class='ocrx_word' id='word_1_176' title='bbox 1220 2096 1281 2159; x_wconf 91' lang='lat' dir='ltr'><strong>sibi</strong></span> <span class='ocrx_word' id='word_1_177' title='bbox 1341 2076 1385 2145; x_wconf 71' lang='lat'>3</span> 
     </span>
     <span class='ocr_line' id='line_1_21' title="bbox 155 2189 1380 2274; baseline -0.001 -19"><span class='ocrx_word' id='word_1_178' title='bbox 155 2193 447 2274; x_wconf 90' lang='lat' dir='ltr'><strong>appropriaverat,</strong></span> <span class='ocrx_word' id='word_1_179' title='bbox 468 2200 608 2272; x_wconf 91' lang='lat' dir='ltr'><strong>propter</strong></span> <span class='ocrx_word' id='word_1_180' title='bbox 625 2209 766 2255; x_wconf 85' lang='lat' dir='ltr'><strong>causam</strong></span> <span class='ocrx_word' id='word_1_181' title='bbox 796 2199 834 2255; x_wconf 89' lang='lat' dir='ltr'><strong>ut</strong></span> <span class='ocrx_word' id='word_1_182' title='bbox 860 2191 941 2253; x_wconf 90' lang='lat' dir='ltr'><strong>inde</strong></span> <span class='ocrx_word' id='word_1_183' title='bbox 968 2189 1183 2269; x_wconf 91' lang='lat' dir='ltr'><strong>abducatur;</strong></span> <span class='ocrx_word' id='word_1_184' title='bbox 1214 2208 1280 2254; x_wconf 89' lang='lat' dir='ltr'><strong>non</strong></span> <span class='ocrx_word' id='word_1_185' title='bbox 1369 2221 1380 2230; x_wconf 79' lang='grc'><em>·</em></span> 
     </span>
     <span class='ocr_line' id='line_1_22' title="bbox 154 2284 1281 2369; baseline -0.004 -19"><span class='ocrx_word' id='word_1_186' title='bbox 154 2289 247 2351; x_wconf 92' lang='lat' dir='ltr'><strong>enim</strong></span> <span class='ocrx_word' id='word_1_187' title='bbox 271 2296 385 2369; x_wconf 90' lang='lat' dir='ltr'><strong>potest</strong></span> <span class='ocrx_word' id='word_1_188' title='bbox 405 2285 526 2367; x_wconf 89' lang='lat' dir='ltr'><strong>aliquis</strong></span> <span class='ocrx_word' id='word_1_189' title='bbox 544 2284 667 2349; x_wconf 92' lang='lat' dir='ltr'><strong>abduci</strong></span> <span class='ocrx_word' id='word_1_190' title='bbox 690 2306 711 2350; x_wconf 90' lang='lat' dir='ltr'><strong>a</strong></span> <span class='ocrx_word' id='word_1_191' title='bbox 733 2305 795 2349; x_wconf 91' lang='lat' dir='ltr'><strong>suo</strong></span> <span class='ocrx_word' id='word_1_192' title='bbox 814 2284 917 2360; x_wconf 89' lang='lat' dir='ltr'><strong>malo,</strong></span> <span class='ocrx_word' id='word_1_193' title='bbox 937 2285 1001 2349; x_wconf 89' lang='lat' dir='ltr'><strong>nisi</strong></span> <span class='ocrx_word' id='word_1_194' title='bbox 1024 2285 1117 2366; x_wconf 87' lang='lat' dir='ltr'><strong>prius</strong></span> <span class='ocrx_word' id='word_1_195' title='bbox 1140 2287 1177 2349; x_wconf 87' lang='lat' dir='ltr'><strong>in</strong></span> <span class='ocrx_word' id='word_1_196' title='bbox 1198 2285 1281 2349; x_wconf 91' lang='lat' dir='ltr'><strong>illud</strong></span> 
     </span>
     <span class='ocr_line' id='line_1_23' title="bbox 155 2379 1281 2462; baseline -0.003 -17"><span class='ocrx_word' id='word_1_197' title='bbox 155 2379 313 2446; x_wconf 70' lang='lat' dir='ltr'><strong>inductus</strong></span> <span class='ocrx_word' id='word_1_198' title='bbox 333 2381 453 2456; x_wconf 74' lang='lat' dir='ltr'><strong>suerit,</strong></span> <span class='ocrx_word' id='word_1_199' title='bbox 477 2379 602 2462; x_wconf 86' lang='lat' dir='ltr'><strong>alioqui</strong></span> <span class='ocrx_word' id='word_1_200' title='bbox 622 2380 750 2444; x_wconf 90' lang='lat' dir='ltr'><strong>malum</strong></span> <span class='ocrx_word' id='word_1_201' title='bbox 768 2380 975 2444; x_wconf 85' lang='lat' dir='ltr'><strong>reconderet</strong></span> <span class='ocrx_word' id='word_1_202' title='bbox 997 2400 1046 2452; x_wconf 87' lang='lat' dir='ltr'><strong>se,</strong></span> <span class='ocrx_word' id='word_1_203' title='bbox 1067 2389 1102 2443; x_wconf 90' lang='lat' dir='ltr'><strong>et</strong></span> <span class='ocrx_word' id='word_1_204' title='bbox 1127 2381 1281 2462; x_wconf 90' lang='lat' dir='ltr'><strong>inquina-</strong></span> 
     </span>
     <span class='ocr_line' id='line_1_24' title="bbox 155 2473 1280 2556; baseline -0.004 -16"><span class='ocrx_word' id='word_1_205' title='bbox 155 2487 208 2540; x_wconf 92' lang='lat' dir='ltr'><strong>ret</strong></span> <span class='ocrx_word' id='word_1_206' title='bbox 228 2478 391 2541; x_wconf 90' lang='lat' dir='ltr'><strong>interiora</strong></span> <span class='ocrx_word' id='word_1_207' title='bbox 407 2475 545 2549; x_wconf 87' lang='lat' dir='ltr'><strong>mentis,</strong></span> <span class='ocrx_word' id='word_1_208' title='bbox 560 2485 595 2538; x_wconf 91' lang='lat' dir='ltr'><strong>et</strong></span> <span class='ocrx_word' id='word_1_209' title='bbox 615 2477 705 2539; x_wconf 90' lang='lat' dir='ltr'><strong>sicut</strong></span> <span class='ocrx_word' id='word_1_210' title='bbox 724 2474 832 2556; x_wconf 86' lang='lat' dir='ltr'><strong>pestis</strong></span> <span class='ocrx_word' id='word_1_211' title='bbox 851 2495 888 2537; x_wconf 85' lang='lat' dir='ltr'><strong>se</strong></span> <span class='ocrx_word' id='word_1_212' title='bbox 907 2473 1128 2551; x_wconf 82' lang='lat' dir='ltr'><strong>diffunderet,</strong></span> <span class='ocrx_word' id='word_1_213' title='bbox 1146 2486 1183 2538; x_wconf 91' lang='lat' dir='ltr'><strong>et</strong></span> <span class='ocrx_word' id='word_1_214' title='bbox 1203 2475 1280 2538; x_wconf 90' lang='lat' dir='ltr'><strong>dein</strong></span> 
     </span>
     <span class='ocr_line' id='line_1_25' title="bbox 156 2567 1283 2653; baseline -0.004 -19"><span class='ocrx_word' id='word_1_215' title='bbox 156 2581 330 2653; x_wconf 89' lang='lat' dir='ltr'><strong>rumperet</strong></span> <span class='ocrx_word' id='word_1_216' title='bbox 353 2567 529 2651; x_wconf 84' lang='lat' dir='ltr'><strong>repagula,</strong></span> <span class='ocrx_word' id='word_1_217' title='bbox 550 2589 590 2632; x_wconf 91' lang='lat' dir='ltr'><strong>ae</strong></span> <span class='ocrx_word' id='word_1_218' title='bbox 614 2569 829 2652; x_wconf 86' lang='lat' dir='ltr'><strong>disperderet</strong></span> <span class='ocrx_word' id='word_1_219' title='bbox 848 2580 997 2633; x_wconf 88' lang='lat' dir='ltr'><strong>externa</strong></span> <span class='ocrx_word' id='word_1_220' title='bbox 1019 2589 1108 2651; x_wconf 91' lang='lat' dir='ltr'><strong>quae</strong></span> <span class='ocrx_word' id='word_1_221' title='bbox 1131 2570 1283 2651; x_wconf 89' lang='lat' dir='ltr'><strong>corporis</strong></span> 
     </span>
     <span class='ocr_line' id='line_1_26' title="bbox 156 2663 1284 2747; baseline -0.003 -18"><span class='ocrx_word' id='word_1_222' title='bbox 156 2677 248 2730; x_wconf 90' lang='lat' dir='ltr'><strong>sunt.</strong></span> <span class='ocrx_word' id='word_1_223' title='bbox 296 2666 437 2747; x_wconf 91' lang='lat' dir='ltr'><strong>Propter</strong></span> <span class='ocrx_word' id='word_1_224' title='bbox 455 2664 545 2729; x_wconf 91' lang='lat' dir='ltr'><strong>hunc</strong></span> <span class='ocrx_word' id='word_1_225' title='bbox 566 2664 668 2727; x_wconf 89' lang='lat' dir='ltr'><strong>finem</strong></span> <span class='ocrx_word' id='word_1_226' title='bbox 687 2665 886 2747; x_wconf 87' lang='lat' dir='ltr'><strong>aperiuntur</strong></span> <span class='ocrx_word' id='word_1_227' title='bbox 904 2663 971 2728; x_wconf 90' lang='lat' dir='ltr'><strong>illis</strong></span> <span class='ocrx_word' id='word_1_228' title='bbox 990 2683 1137 2745; x_wconf 83' lang='lat' dir='ltr'><strong>ganeae,</strong></span> <span class='ocrx_word' id='word_1_229' title='bbox 1157 2685 1246 2747; x_wconf 90' lang='lat' dir='ltr'><strong>quae</strong></span> <span class='ocrx_word' id='word_1_230' title='bbox 1265 2683 1284 2726; x_wconf 92' lang='lat' dir='ltr'><strong>a</strong></span> 
     </span>
     <span class='ocr_line' id='line_1_27' title="bbox 157 2758 1284 2842; baseline -0.002 -18"><span class='ocrx_word' id='word_1_231' title='bbox 157 2762 267 2826; x_wconf 91' lang='lat' dir='ltr'><strong>latere</strong></span> <span class='ocrx_word' id='word_1_232' title='bbox 295 2761 416 2825; x_wconf 79' lang='lat' dir='ltr'><strong>inferni</strong></span> <span class='ocrx_word' id='word_1_233' title='bbox 444 2769 536 2834; x_wconf 90' lang='lat' dir='ltr'><strong>sunt,</strong></span> <span class='ocrx_word' id='word_1_234' title='bbox 561 2760 618 2823; x_wconf 90' lang='lat' dir='ltr'><strong>ubi</strong></span> <span class='ocrx_word' id='word_1_235' title='bbox 647 2768 773 2834; x_wconf 87' lang='lat' dir='ltr'><strong>scorta,</strong></span> <span class='ocrx_word' id='word_1_236' title='bbox 799 2778 878 2823; x_wconf 91' lang='lat' dir='ltr'><strong>cum</strong></span> <span class='ocrx_word' id='word_1_237' title='bbox 908 2758 1028 2842; x_wconf 91' lang='lat' dir='ltr'><strong>quibus</strong></span> <span class='ocrx_word' id='word_1_238' title='bbox 1058 2758 1164 2822; x_wconf 89' lang='lat' dir='ltr'><strong>datur</strong></span> <span class='ocrx_word' id='word_1_239' title='bbox 1187 2761 1284 2842; x_wconf 90' lang='lat' dir='ltr'><strong>copia</strong></span> 
     </span>
     <span class='ocr_line' id='line_1_28' title="bbox 156 2854 1282 2933; baseline -0.002 -15"><span class='ocrx_word' id='word_1_240' title='bbox 156 2857 310 2919; x_wconf 85' lang='lat' dir='ltr'><strong>variandi</strong></span> <span class='ocrx_word' id='word_1_241' title='bbox 324 2877 402 2918; x_wconf 90' lang='lat' dir='ltr'><strong>suas</strong></span> <span class='ocrx_word' id='word_1_242' title='bbox 415 2855 575 2918; x_wconf 85' lang='lat' dir='ltr'><strong>libidines</strong></span> <span class='ocrx_word' id='word_1_243' title='bbox 588 2876 595 2933; x_wconf 92' lang='lat'><strong>;</strong></span> <span class='ocrx_word' id='word_1_244' title='bbox 620 2856 680 2918; x_wconf 91' lang='lat' dir='ltr'><strong>sed</strong></span> <span class='ocrx_word' id='word_1_245' title='bbox 698 2855 763 2918; x_wconf 92' lang='lat' dir='ltr'><strong>hoc</strong></span> <span class='ocrx_word' id='word_1_246' title='bbox 778 2855 981 2918; x_wconf 88' lang='lat' dir='ltr'><strong>conceditur</strong></span> <span class='ocrx_word' id='word_1_247' title='bbox 995 2855 1030 2916; x_wconf 94' lang='lat' dir='ltr'><strong>in</strong></span> <span class='ocrx_word' id='word_1_248' title='bbox 1043 2854 1100 2916; x_wconf 90' lang='lat' dir='ltr'><strong>die</strong></span> <span class='ocrx_word' id='word_1_249' title='bbox 1112 2872 1193 2917; x_wconf 92' lang='lat' dir='ltr'><strong>cum</strong></span> <span class='ocrx_word' id='word_1_250' title='bbox 1207 2873 1282 2927; x_wconf 89' lang='lat' dir='ltr'><strong>una,</strong></span> 
     </span>
     <span class='ocr_line' id='line_1_29' title="bbox 157 2948 1283 3031; baseline -0.002 -16"><span class='ocrx_word' id='word_1_251' title='bbox 157 2961 193 3015; x_wconf 90' lang='lat' dir='ltr'><strong>et</strong></span> <span class='ocrx_word' id='word_1_252' title='bbox 210 2951 274 3014; x_wconf 93' lang='lat' dir='ltr'><strong>sub</strong></span> <span class='ocrx_word' id='word_1_253' title='bbox 290 2971 399 3031; x_wconf 89' lang='lat' dir='ltr'><strong>poena</strong></span> <span class='ocrx_word' id='word_1_254' title='bbox 413 2951 626 3014; x_wconf 89' lang='lat' dir='ltr'><strong>interdicitur</strong></span> <span class='ocrx_word' id='word_1_255' title='bbox 637 2968 714 3014; x_wconf 93' lang='lat' dir='ltr'><strong>cum</strong></span> <span class='ocrx_word' id='word_1_256' title='bbox 728 2950 881 3031; x_wconf 87' lang='lat' dir='ltr'><strong>pluribus</strong></span> <span class='ocrx_word' id='word_1_257' title='bbox 893 2949 1017 3012; x_wconf 90' lang='lat' dir='ltr'><strong>eodem</strong></span> <span class='ocrx_word' id='word_1_258' title='bbox 1030 2948 1097 3012; x_wconf 91' lang='lat' dir='ltr'><strong>die.</strong></span> <span class='ocrx_word' id='word_1_259' title='bbox 1145 2949 1283 3023; x_wconf 90' lang='lat' dir='ltr'><strong>Postea,</strong></span> 
     </span>
    </p>

    <p class='ocr_par' dir='ltr' id='par_1_3' title="bbox 62 3043 1285 3984">
     <span class='ocr_line' id='line_1_30' title="bbox 62 3043 1285 3127; baseline -0.001 -18"><span class='ocrx_word' id='word_1_260' title='bbox 62 3060 71 3075; x_wconf 84' lang='lat'><strong><em>‘</em></strong></span> <span class='ocrx_word' id='word_1_261' title='bbox 157 3046 238 3109; x_wconf 92' lang='lat' dir='ltr'><strong>dum</strong></span> <span class='ocrx_word' id='word_1_262' title='bbox 262 3046 435 3127; x_wconf 88' lang='lat' dir='ltr'><strong>explorati</strong></span> <span class='ocrx_word' id='word_1_263' title='bbox 459 3056 550 3121; x_wconf 91' lang='lat' dir='ltr'><strong>sunt,</strong></span> <span class='ocrx_word' id='word_1_264' title='bbox 574 3045 664 3127; x_wconf 92' lang='lat' dir='ltr'><strong>quod</strong></span> <span class='ocrx_word' id='word_1_265' title='bbox 693 3044 800 3108; x_wconf 91' lang='lat' dir='ltr'><strong>libido</strong></span> <span class='ocrx_word' id='word_1_266' title='bbox 828 3043 889 3108; x_wconf 91' lang='lat' dir='ltr'><strong>illa</strong></span> <span class='ocrx_word' id='word_1_267' title='bbox 919 3053 1055 3107; x_wconf 90' lang='lat' dir='ltr'><strong>tantum</strong></span> <span class='ocrx_word' id='word_1_268' title='bbox 1079 3044 1285 3125; x_wconf 85' lang='lat' dir='ltr'><strong>ingenerata</strong></span> 
     </span>
     <span class='ocr_line' id='line_1_31' title="bbox 157 3138 1281 3223; baseline -0.002 -19"><span class='ocrx_word' id='word_1_269' title='bbox 157 3142 203 3205; x_wconf 91' lang='lat' dir='ltr'><strong>sit</strong></span> <span class='ocrx_word' id='word_1_270' title='bbox 231 3151 268 3205; x_wconf 94' lang='lat' dir='ltr'><strong>ut</strong></span> <span class='ocrx_word' id='word_1_271' title='bbox 298 3161 366 3204; x_wconf 91' lang='lat' dir='ltr'><strong>non</strong></span> <span class='ocrx_word' id='word_1_272' title='bbox 390 3151 519 3223; x_wconf 89' lang='lat' dir='ltr'><strong>queant</strong></span> <span class='ocrx_word' id='word_1_273' title='bbox 552 3141 596 3204; x_wconf 89' lang='lat' dir='ltr'><strong>ab</strong></span> <span class='ocrx_word' id='word_1_274' title='bbox 619 3139 678 3202; x_wconf 90' lang='lat' dir='ltr'><strong>ilia</strong></span> <span class='ocrx_word' id='word_1_275' title='bbox 700 3139 835 3212; x_wconf 90' lang='lat' dir='ltr'><strong>abduci,</strong></span> <span class='ocrx_word' id='word_1_276' title='bbox 860 3139 1013 3203; x_wconf 82' lang='lat' dir='ltr'><strong>seruntur</strong></span> <span class='ocrx_word' id='word_1_277' title='bbox 1034 3138 1079 3203; x_wconf 88' lang='lat' dir='ltr'><strong>ad</strong></span> <span class='ocrx_word' id='word_1_278' title='bbox 1107 3140 1281 3220; x_wconf 90' lang='lat' dir='ltr'><strong>quendam</strong></span> 
     </span>
     <span class='ocr_line' id='line_1_32' title="bbox 157 3233 1283 3318; baseline -0.001 -20"><span class='ocrx_word' id='word_1_279' title='bbox 157 3236 271 3300; x_wconf 93' lang='lat' dir='ltr'><strong>locum</strong></span> <span class='ocrx_word' id='word_1_280' title='bbox 291 3238 345 3318; x_wconf 91' lang='lat' dir='ltr'><strong>qui</strong></span> <span class='ocrx_word' id='word_1_281' title='bbox 365 3237 522 3317; x_wconf 90' lang='lat' dir='ltr'><strong>proxime</strong></span> <span class='ocrx_word' id='word_1_282' title='bbox 541 3244 595 3298; x_wconf 90' lang='lat' dir='ltr'><strong>est</strong></span> <span class='ocrx_word' id='word_1_283' title='bbox 619 3254 721 3315; x_wconf 88' lang='lat' dir='ltr'><strong>supra</strong></span> <span class='ocrx_word' id='word_1_284' title='bbox 739 3233 906 3297; x_wconf 84' lang='lat' dir='ltr'><strong>infernum</strong></span> <span class='ocrx_word' id='word_1_285' title='bbox 926 3233 994 3296; x_wconf 90' lang='lat' dir='ltr'><strong>illis</strong></span> <span class='ocrx_word' id='word_1_286' title='bbox 1012 3233 1230 3307; x_wconf 89' lang='lat' dir='ltr'><strong>addicatum‚</strong></span> <span class='ocrx_word' id='word_1_287' title='bbox 1247 3244 1283 3297; x_wconf 90' lang='lat' dir='ltr'><strong>et</strong></span> 
     </span>
     <span class='ocr_line' id='line_1_33' title="bbox 157 3327 1284 3413; baseline -0.004 -18"><span class='ocrx_word' id='word_1_288' title='bbox 157 3342 240 3395; x_wconf 91' lang='lat' dir='ltr'><strong>tunc</strong></span> <span class='ocrx_word' id='word_1_289' title='bbox 257 3340 423 3413; x_wconf 88' lang='lat' dir='ltr'><strong>apparent</strong></span> <span class='ocrx_word' id='word_1_290' title='bbox 444 3331 507 3394; x_wconf 90' lang='lat' dir='ltr'><strong>sibi</strong></span> <span class='ocrx_word' id='word_1_291' title='bbox 523 3331 611 3393; x_wconf 92' lang='lat' dir='ltr'><strong>sicut</strong></span> <span class='ocrx_word' id='word_1_292' title='bbox 630 3329 758 3392; x_wconf 89' lang='lat' dir='ltr'><strong>cadant</strong></span> <span class='ocrx_word' id='word_1_293' title='bbox 776 3329 811 3391; x_wconf 91' lang='lat' dir='ltr'><strong>in</strong></span> <span class='ocrx_word' id='word_1_294' title='bbox 829 3327 1026 3410; x_wconf 87' lang='lat' dir='ltr'><strong>deliquium,</strong></span> <span class='ocrx_word' id='word_1_295' title='bbox 1044 3338 1081 3391; x_wconf 88' lang='lat' dir='ltr'><strong>et</strong></span> <span class='ocrx_word' id='word_1_296' title='bbox 1100 3327 1180 3391; x_wconf 84' lang='lat' dir='ltr'><strong>aliis</strong></span> <span class='ocrx_word' id='word_1_297' title='bbox 1195 3329 1284 3392; x_wconf 83' lang='lat' dir='ltr'><strong>sicut</strong></span> 
     </span>
     <span class='ocr_line' id='line_1_34' title="bbox 157 3420 1283 3507; baseline -0.004 -18"><span class='ocrx_word' id='word_1_298' title='bbox 157 3426 337 3489; x_wconf 84' lang='lat' dir='ltr'><strong>subsidant</strong></span> <span class='ocrx_word' id='word_1_299' title='bbox 358 3427 480 3507; x_wconf 90' lang='lat' dir='ltr'><strong>supino</strong></span> <span class='ocrx_word' id='word_1_300' title='bbox 498 3425 617 3502; x_wconf 91' lang='lat' dir='ltr'><strong>vultu;</strong></span> <span class='ocrx_word' id='word_1_301' title='bbox 640 3432 677 3489; x_wconf 89' lang='lat' dir='ltr'><strong>et</strong></span> <span class='ocrx_word' id='word_1_302' title='bbox 697 3444 832 3507; x_wconf 92' lang='lat' dir='ltr'><strong>quoque</strong></span> <span class='ocrx_word' id='word_1_303' title='bbox 850 3420 1032 3488; x_wconf 68' lang='lat' dir='ltr'><strong>astualiter</strong></span> <span class='ocrx_word' id='word_1_304' title='bbox 1050 3424 1206 3504; x_wconf 86' lang='lat' dir='ltr'><strong>aperitur</strong></span> <span class='ocrx_word' id='word_1_305' title='bbox 1228 3443 1283 3486; x_wconf 92' lang='lat' dir='ltr'><strong>so·</strong></span> 
     </span>
     <span class='ocr_line' id='line_1_35' title="bbox 158 3517 1283 3595; baseline -0.004 -13"><span class='ocrx_word' id='word_1_306' title='bbox 158 3519 228 3584; x_wconf 92' lang='lat' dir='ltr'><strong>lum</strong></span> <span class='ocrx_word' id='word_1_307' title='bbox 251 3521 315 3583; x_wconf 90' lang='lat' dir='ltr'><strong>sub</strong></span> <span class='ocrx_word' id='word_1_308' title='bbox 337 3521 448 3584; x_wconf 91' lang='lat' dir='ltr'><strong>dorsis</strong></span> <span class='ocrx_word' id='word_1_309' title='bbox 470 3520 617 3595; x_wconf 91' lang='lat' dir='ltr'><strong>illorum,</strong></span> <span class='ocrx_word' id='word_1_310' title='bbox 642 3529 678 3584; x_wconf 92' lang='lat' dir='ltr'><strong>et</strong></span> <span class='ocrx_word' id='word_1_311' title='bbox 708 3518 949 3594; x_wconf 89' lang='lat' dir='ltr'><strong>absorbentur,</strong></span> <span class='ocrx_word' id='word_1_312' title='bbox 973 3527 1009 3581; x_wconf 90' lang='lat' dir='ltr'><strong>et</strong></span> <span class='ocrx_word' id='word_1_313' title='bbox 1037 3517 1230 3582; x_wconf 87' lang='lat' dir='ltr'><strong>illabuntur</strong></span> <span class='ocrx_word' id='word_1_314' title='bbox 1250 3518 1283 3580; x_wconf 91' lang='lat' dir='ltr'><strong>in</strong></span> 
     </span>
     <span class='ocr_line' id='line_1_36' title="bbox 158 3612 1284 3695; baseline -0.003 -17"><span class='ocrx_word' id='word_1_315' title='bbox 158 3616 325 3678; x_wconf 87' lang='lat' dir='ltr'><strong>infernum</strong></span> <span class='ocrx_word' id='word_1_316' title='bbox 341 3617 395 3678; x_wconf 93' lang='lat' dir='ltr'><strong>ubi</strong></span> <span class='ocrx_word' id='word_1_317' title='bbox 413 3616 563 3694; x_wconf 91' lang='lat' dir='ltr'><strong>similes;</strong></span> <span class='ocrx_word' id='word_1_318' title='bbox 587 3617 636 3679; x_wconf 90' lang='lat' dir='ltr'><strong>ita</strong></span> <span class='ocrx_word' id='word_1_319' title='bbox 649 3614 860 3695; x_wconf 83' lang='lat' dir='ltr'><strong>colliguntur</strong></span> <span class='ocrx_word' id='word_1_320' title='bbox 877 3614 922 3677; x_wconf 89' lang='lat' dir='ltr'><strong>ad</strong></span> <span class='ocrx_word' id='word_1_321' title='bbox 942 3632 1035 3677; x_wconf 88' lang='lat' dir='ltr'><strong>suos.</strong></span> <span class='ocrx_word' id='word_1_322' title='bbox 1081 3612 1214 3677; x_wconf 90' lang='lat' dir='ltr'><strong>Datum</strong></span> <span class='ocrx_word' id='word_1_323' title='bbox 1231 3622 1284 3677; x_wconf 90' lang='lat' dir='ltr'><strong>est</strong></span> 
     </span>
     <span class='ocr_line' id='line_1_37' title="bbox 158 3707 1283 3793; baseline -0.002 -20"><span class='ocrx_word' id='word_1_324' title='bbox 158 3710 241 3774; x_wconf 94' lang='lat' dir='ltr'><strong>mihi</strong></span> <span class='ocrx_word' id='word_1_325' title='bbox 259 3710 336 3774; x_wconf 91' lang='lat' dir='ltr'><strong>illos</strong></span> <span class='ocrx_word' id='word_1_326' title='bbox 359 3712 404 3774; x_wconf 93' lang='lat' dir='ltr'><strong>ibi</strong></span> <span class='ocrx_word' id='word_1_327' title='bbox 427 3710 554 3786; x_wconf 87' lang='lat' dir='ltr'><strong>videre,</strong></span> <span class='ocrx_word' id='word_1_328' title='bbox 574 3721 610 3773; x_wconf 92' lang='lat' dir='ltr'><strong>et</strong></span> <span class='ocrx_word' id='word_1_329' title='bbox 633 3730 769 3793; x_wconf 91' lang='lat' dir='ltr'><strong>quoque</strong></span> <span class='ocrx_word' id='word_1_330' title='bbox 793 3728 869 3773; x_wconf 91' lang='lat' dir='ltr'><strong>eum</strong></span> <span class='ocrx_word' id='word_1_331' title='bbox 889 3709 956 3773; x_wconf 89' lang='lat' dir='ltr'><strong>illis</strong></span> <span class='ocrx_word' id='word_1_332' title='bbox 976 3707 1080 3790; x_wconf 89' lang='lat' dir='ltr'><strong>loqui.</strong></span> <span class='ocrx_word' id='word_1_333' title='bbox 1127 3707 1225 3771; x_wconf 89' lang='lat' dir='ltr'><strong>Inter</strong></span> <span class='ocrx_word' id='word_1_334' title='bbox 1247 3727 1283 3771; x_wconf 90' lang='lat' dir='ltr'><strong>se</strong></span> 
     </span>
     <span class='ocr_line' id='line_1_38' title="bbox 158 3802 1284 3888; baseline -0.004 -19"><span class='ocrx_word' id='word_1_335' title='bbox 158 3816 327 3887; x_wconf 89' lang='lat' dir='ltr'><strong>apparent</strong></span> <span class='ocrx_word' id='word_1_336' title='bbox 346 3806 435 3871; x_wconf 92' lang='lat' dir='ltr'><strong>sicut</strong></span> <span class='ocrx_word' id='word_1_337' title='bbox 453 3805 622 3879; x_wconf 89' lang='lat' dir='ltr'><strong>homines,</strong></span> <span class='ocrx_word' id='word_1_338' title='bbox 641 3805 733 3888; x_wconf 94' lang='lat' dir='ltr'><strong>quod</strong></span> <span class='ocrx_word' id='word_1_339' title='bbox 752 3804 854 3869; x_wconf 93' lang='lat' dir='ltr'><strong>datur</strong></span> <span class='ocrx_word' id='word_1_340' title='bbox 872 3802 941 3867; x_wconf 86' lang='lat' dir='ltr'><strong>illis</strong></span> <span class='ocrx_word' id='word_1_341' title='bbox 960 3822 1003 3867; x_wconf 89' lang='lat' dir='ltr'><strong>ne</strong></span> <span class='ocrx_word' id='word_1_342' title='bbox 1022 3804 1196 3867; x_wconf 88' lang='lat' dir='ltr'><strong>consociis</strong></span> <span class='ocrx_word' id='word_1_343' title='bbox 1216 3812 1284 3866; x_wconf 93' lang='lat' dir='ltr'><strong>ter·</strong></span> 
     </span>
     <span class='ocr_line' id='line_1_39' title="bbox 159 3898 1284 3984; baseline -0.004 -18"><span class='ocrx_word' id='word_1_344' title='bbox 159 3903 226 3966; x_wconf 91' lang='lat' dir='ltr'><strong>rori</strong></span> <span class='ocrx_word' id='word_1_345' title='bbox 245 3902 334 3979; x_wconf 89' lang='lat' dir='ltr'><strong>sint;</strong></span> <span class='ocrx_word' id='word_1_346' title='bbox 359 3902 420 3967; x_wconf 88' lang='lat' dir='ltr'><strong>sed</strong></span> <span class='ocrx_word' id='word_1_347' title='bbox 439 3902 482 3966; x_wconf 89' lang='lat' dir='ltr'><strong>ad</strong></span> <span class='ocrx_word' id='word_1_348' title='bbox 505 3902 678 3984; x_wconf 90' lang='lat' dir='ltr'><strong>quandam</strong></span> <span class='ocrx_word' id='word_1_349' title='bbox 698 3900 900 3964; x_wconf 90' lang='lat' dir='ltr'><strong>distantiam</strong></span> <span class='ocrx_word' id='word_1_350' title='bbox 917 3899 980 3962; x_wconf 89' lang='lat' dir='ltr'><strong>visi</strong></span> <span class='ocrx_word' id='word_1_351' title='bbox 998 3908 1081 3963; x_wconf 91' lang='lat' dir='ltr'><strong>sunt</strong></span> <span class='ocrx_word' id='word_1_352' title='bbox 1101 3898 1189 3962; x_wconf 80' lang='lat' dir='ltr'><strong>facie</strong></span> <span class='ocrx_word' id='word_1_353' title='bbox 1207 3898 1284 3961; x_wconf 91' lang='lat' dir='ltr'><strong>alba</strong></span> 
     </span>
    </p>
   </div>
   <div class='ocr_carea' id='block_1_3' title="bbox 159 3994 1285 4076">
    <p class='ocr_par' dir='ltr' id='par_1_4' title="bbox 159 3994 1285 4076">
     <span class='ocr_line' id='line_1_40' title="bbox 159 3994 1285 4076; baseline -0.004 -16"><span class='ocrx_word' id='word_1_354' title='bbox 159 4009 346 4062; x_wconf 89' lang='lat' dir='ltr'><strong>constante</strong></span> <span class='ocrx_word' id='word_1_355' title='bbox 370 4000 458 4062; x_wconf 90' lang='lat' dir='ltr'><strong>sicut</strong></span> <span class='ocrx_word' id='word_1_356' title='bbox 480 4017 526 4061; x_wconf 90' lang='lat' dir='ltr'><strong>ex</strong></span> <span class='ocrx_word' id='word_1_357' title='bbox 549 3996 624 4061; x_wconf 92' lang='lat' dir='ltr'><strong>sola</strong></span> <span class='ocrx_word' id='word_1_358' title='bbox 647 4007 738 4072; x_wconf 89' lang='lat' dir='ltr'><strong>cute,</strong></span> <span class='ocrx_word' id='word_1_359' title='bbox 759 4005 794 4061; x_wconf 91' lang='lat' dir='ltr'><strong>et</strong></span> <span class='ocrx_word' id='word_1_360' title='bbox 817 3995 883 4059; x_wconf 90' lang='lat' dir='ltr'><strong>hoc</strong></span> <span class='ocrx_word' id='word_1_361' title='bbox 906 3995 986 4076; x_wconf 88' lang='lat' dir='ltr'><strong>quia</strong></span> <span class='ocrx_word' id='word_1_362' title='bbox 1009 4013 1078 4057; x_wconf 90' lang='lat' dir='ltr'><strong>non</strong></span> <span class='ocrx_word' id='word_1_363' title='bbox 1102 3994 1172 4057; x_wconf 92' lang='lat' dir='ltr'><strong>illis</strong></span> <span class='ocrx_word' id='word_1_364' title='bbox 1195 3995 1285 4058; x_wconf 89' lang='lat' dir='ltr'><strong>inest</strong></span> 
     </span>
    </p>
   </div>
   <div class='ocr_carea' id='block_1_4' title="bbox 159 4088 1284 4272">
    <p class='ocr_par' dir='ltr' id='par_1_5' title="bbox 159 4088 1284 4272">
     <span class='ocr_line' id='line_1_41' title="bbox 159 4088 1284 4189; baseline -0.004 -35"><span class='ocrx_word' id='word_1_365' title='bbox 159 4093 231 4155; x_wconf 88' lang='lat' dir='ltr'><strong>vita</strong></span> <span class='ocrx_word' id='word_1_366' title='bbox 260 4093 456 4176; x_wconf 87' lang='lat' dir='ltr'><strong>spiritualis,</strong></span> <span class='ocrx_word' id='word_1_367' title='bbox 480 4113 567 4189; x_wconf 90' lang='lat' dir='ltr'><strong>quae</strong></span> <span class='ocrx_word' id='word_1_368' title='bbox 596 4093 703 4156; x_wconf 89' lang='lat' dir='ltr'><strong>cuivis</strong></span> <span class='ocrx_word' id='word_1_369' title='bbox 731 4101 787 4156; x_wconf 89' lang='lat' dir='ltr'><strong>est</strong></span> <span class='ocrx_word' id='word_1_370' title='bbox 816 4090 1006 4155; x_wconf 89' lang='lat' dir='ltr'><strong>secundum</strong></span> <span class='ocrx_word' id='word_1_371' title='bbox 1030 4088 1226 4171; x_wconf 77' lang='lat' dir='ltr'><strong>coniugiale</strong></span> <span class='ocrx_word' id='word_1_372' title='bbox 1254 4089 1284 4150; x_wconf 91' lang='lat' dir='ltr'><strong>ei</strong></span> 
     </span>
     <span class='ocr_line' id='line_1_42' title="bbox 159 4185 1282 4272; baseline -0.004 -22"><span class='ocrx_word' id='word_1_373' title='bbox 159 4188 309 4253; x_wconf 88' lang='lat' dir='ltr'><strong>insitum.</strong></span> <span class='ocrx_word' id='word_1_374' title='bbox 356 4189 510 4272; x_wconf 91' lang='lat' dir='ltr'><strong>Loquela</strong></span> <span class='ocrx_word' id='word_1_375' title='bbox 523 4188 657 4252; x_wconf 90' lang='lat' dir='ltr'><strong>illorum</strong></span> <span class='ocrx_word' id='word_1_376' title='bbox 673 4197 728 4252; x_wconf 91' lang='lat' dir='ltr'><strong>est</strong></span> <span class='ocrx_word' id='word_1_377' title='bbox 742 4188 843 4264; x_wconf 88' lang='lat' dir='ltr'><strong>sicca,</strong></span> <span class='ocrx_word' id='word_1_378' title='bbox 856 4185 987 4250; x_wconf 91' lang='lat' dir='ltr'><strong>torrida</strong></span> <span class='ocrx_word' id='word_1_379' title='bbox 1000 4194 1036 4250; x_wconf 91' lang='lat' dir='ltr'><strong>et</strong></span> <span class='ocrx_word' id='word_1_380' title='bbox 1051 4185 1181 4249; x_wconf 90' lang='lat' dir='ltr'><strong>tristis:</strong></span> <span class='ocrx_word' id='word_1_381' title='bbox 1205 4185 1282 4248; x_wconf 92' lang='lat' dir='ltr'><strong>dum</strong></span> 
     </span>
    </p>
   </div>
   <div class='ocr_carea' id='block_1_5' title="bbox 0 0 1406 5026">
    <p class='ocr_par' dir='ltr' id='par_1_6' title="bbox 0 0 1406 5026">
     <span class='ocr_line' id='line_1_43' title="bbox 0 0 1406 5026; baseline 0 0"><span class='ocrx_word' id='word_1_382' title='bbox 0 0 1406 5026; x_wconf 95' lang='lat' dir='ltr'><strong> </strong></span> 
     </span>
    </p>
   </div>
  </div>
 </body>
</html>
