2782 5026
368 447 423 500 DE
444 445 577 499 AMORE
598 443 919 513 conmutat—N.
938 430 1010 494 208.
1185 429 1246 510 169

115 619 193 676 ‘Post
201 614 278 676 lta'ec
286 616 418 675 deducu
430 619 548 674 suntad
562 633 691 679 musam.
700 615 855 688 gymnasia
867 626 897 671 et
910 613 1043 687 collegia,
1053 623 1085 669 et
1097 612 1148 667 ubi
1160 624 1246 668 erant

120 701 182 754 ludi
191 700 314 755 illorum
324 698 472 760 litterarii,
480 714 608 769 quorum
615 697 733 767 aliquos
740 698 889 751 vocabant
899 694 1121 755 Heliconidum,
1129 693 1246 764 aliquos

122 780 206 834 ludos
227 778 456 839 Parnassidum,
474 777 590 849 aliquos
614 777 702 831 ludos
727 775 940 836 Atheneidum,
959 785 991 829 et
1014 774 1133 845 aliquos
1157 773 1246 828 ludos

123 857 280 928 virginum
296 857 410 920 iontis;
428 856 567 912 dicebant
578 855 658 926 quod
672 856 704 909 hi
720 855 762 910 ita
773 855 968 925 appellentur,
982 854 1052 924 quia
1064 852 1221 923 “virgines
1230 852 1245 870 ’⁹

122 936 293 1009 significant
308 936 484 991 affectiones
499 935 698 996 scientiarum,
714 945 745 988 et
763 934 926 988 secundum
940 930 1130 987 ailetlionern
1149 932 1245 987 scien·

120 1016 230 1070 tiarum
245 1026 295 1071 est
310 1015 407 1070 cuivis
425 1014 638 1085 intelligentia:
656 1013 719 1067 ludi
735 1013 777 1068 ita
790 1013 898 1075 vocati,
914 1022 999 1067 erant
1014 1011 1245 1066 exercitationes

120 1096 331 1165 etpalaestrae
348 1092 525 1164 spirituales.
564 1094 672 1148 Postea
680 1091 876 1147 circumdutli
886 1102 957 1147 sunt
967 1091 997 1145 in
1007 1092 1080 1145 urbe
1089 1091 1127 1145 ad
1142 1091 1245 1145 mode·

121 1184 243 1236 ratores.
262 1173 526 1235 administratores,
546 1173 702 1227 ethorum
720 1171 885 1232 officiarios.
904 1182 935 1226 et
954 1186 1007 1241 per
1025 1171 1080 1225 hos
1097 1171 1136 1225 ad
1155 1169 1243 1224 mira·

120 1253 196 1308 biles
209 1268 325 1323 operas,
339 1267 416 1323 quae
428 1254 467 1306 ab
479 1251 642 1307 artificibus
654 1251 801 1322 spirituali
816 1251 907 1305 modo
920 1250 1005 1305 fiunt.

174 1330 344 1402 Postquam
359 1331 432 1386 baec
443 1331 508 1386 visa
520 1341 599 1394 sunt,
613 1330 720 1385 iterum
733 1345 801 1385 curu
815 1330 874 1385 illis
886 1331 1005 1385 locutus
1017 1339 1064 1383 est
1076 1329 1122 1383 vir
1134 1327 1243 1398 major·

121 1411 208 1466 ennis
221 1411 261 1465 de
273 1411 375 1481 requie
388 1421 510 1465 aeterna
521 1426 540 1465 a
552 1409 710 1471 laboribus,
722 1409 752 1463 in
765 1425 855 1481 quam
867 1409 993 1464 veniunt
1007 1408 1085 1465 beati
1098 1420 1129 1463 et
1143 1407 1244 1464 ielices

122 1500 191 1560 post
201 1500 349 1545 mortem:
366 1499 397 1545 et
409 1489 494 1551 dixit.
504 1497 521 1519 '‘
530 1490 660 1560 Requies
669 1499 790 1543 aeterna
802 1504 862 1543 non
876 1499 922 1543 est
934 1488 1038 1549 otium.
1050 1488 1192 1558 quoniam
1206 1505 1243 1543 ex

122 1569 186 1624 otio
203 1580 252 1624 est
270 1569 388 1631 mentis,
407 1577 438 1623 et
457 1569 526 1623 inde
544 1568 639 1623 totius
656 1568 798 1638 corporis,
814 1568 947 1638 languor,
963 1578 1074 1636 torpor.
1088 1577 1195 1637 stupor
1212 1579 1244 1622 et

122 1663 220 1718 sopor.
236 1657 268 1702 et
283 1648 357 1702 haec
372 1657 443 1703 sunt
458 1663 538 1702 mors
551 1657 585 1703 et
598 1663 659 1702 non
674 1647 737 1701 vita
750 1657 782 1701 et
798 1647 896 1702 minus
910 1647 973 1700 vita
986 1657 1116 1709 aeterna.
1133 1646 1163 1701 in
1182 1662 1244 1716 qua

122 1738 191 1781 sunt
200 1727 300 1798 angeli
314 1727 402 1789 caeli;
420 1742 511 1798 quare
521 1725 638 1796 requies
644 1737 767 1782 aeterna
778 1736 824 1780 est
838 1726 954 1796 requies
964 1741 1040 1796 quae
1050 1725 1173 1781 discutit
1184 1726 1242 1788 illa,

122 1816 152 1860 et
163 1805 237 1861 iacit
248 1816 284 1860 ut
299 1806 392 1860 bomo
403 1806 501 1867 vivat:
519 1816 550 1862 et
565 1807 624 1860 hoc
637 1821 696 1860 non
709 1806 791 1860 aliud
804 1815 859 1866 est,
873 1821 962 1875 quam
976 1805 1036 1859 tale
1048 1805 1131 1875 quod
1144 1806 1242 1861 elevat

124 1895 272 1940 mentem:
289 1895 336 1940 est
349 1885 449 1956 itaque
462 1886 583 1957 aliquod
593 1886 726 1940 studium
739 1895 770 1939 et
783 1901 867 1955 opus,
877 1901 914 1938 ex
926 1901 989 1954 quo
1002 1885 1158 1946 excitatur,
1168 1884 1242 1939 vivi·

124 1962 235 2026 ficatur,
253 1975 286 2019 et
303 1964 462 2019 deliciatur
475 1981 574 2028 mens;
598 1975 629 2019 et
648 1965 706 2019 boc
725 1964 759 2018 fit
777 1963 942 2018 secundum
959 1980 1054 2024 usum.
1070 1980 1108 2018 ex
1126 1980 1195 2034 quo,
1211 1963 1241 2017 in

124 2056 189 2113 quo,
198 2055 230 2099 et
242 2044 282 2098 ad
295 2060 384 2114 quem
398 2054 556 2113 operatur;
575 2043 644 2097 inde
656 2053 711 2105 est,
719 2044 800 2113 quod
814 2043 986 2097 universum
997 2042 1112 2097 caelum
1126 2040 1241 2112 spetle-

124 2130 207 2178 tura
231 2122 366 2178 Domino
384 2134 419 2177 ut
437 2123 597 2178 continens
615 2139 693 2183 usus,
713 2133 744 2177 et
764 2122 889 2193 quisque
909 2122 1032 2192 angelus
1053 2132 1099 2176 est
1118 2121 1241 2193 angelus

125 2204 285 2256 secundum
308 2218 412 2264 usum:
438 2202 603 2273 jucundum
625 2218 697 2256 usus
721 2200 778 2256 iert
799 2201 882 2255 illum
907 2201 985 2255 sicut
1008 2201 1141 2255 secunda
1163 2217 1242 2255 vena

125 2295 234 2344 navem,
243 2292 276 2336 et
289 2280 361 2335 iacit
373 2290 406 2334 ut
419 2281 449 2335 in
462 2291 584 2335 aeterna
596 2297 676 2351 pace.
687 2291 718 2335 et
731 2281 812 2351 pacis
822 2280 924 2351 requie
936 2280 991 2342 sit;
1010 2280 1052 2333 ita
1065 2279 1241 2351 intelligitur

125 2370 241 2416 aeterna
253 2360 371 2432 requies
383 2376 402 2414 a
414 2360 575 2415 laboribus.
611 2358 700 2432 Quod
713 2360 837 2431 angelus
849 2361 888 2415 sit
900 2360 987 2413 vivus
1000 2359 1164 2413 secundum
1178 2369 1240 2413 stu·

125 2437 203 2495 dium
223 2439 336 2494 mentis
354 2456 392 2493 ex
410 2456 473 2502 usu,
490 2449 574 2510 patet
591 2439 747 2493 manifeste
765 2455 802 2495 ex
819 2455 865 2500 et),
884 2438 966 2509 quod
984 2437 1080 2492 cuivis
1098 2437 1138 2492 sit
1156 2454 1241 2491 amor

123 2519 296 2592 coniugialis
308 2535 377 2574 cunt
390 2519 456 2589 ejus
467 2519 587 2581 virtute,
600 2519 736 2590 potentia
748 2529 780 2574 et
792 2517 914 2580 deliciis,
927 2518 1092 2572 secundum
1105 2516 1239 2571 studium

121 2598 240 2663 genuini
255 2614 328 2652 usus
342 2597 371 2653 in
385 2613 447 2668 quo
459 2596 531 2652 est?

165 2678 339 2748 Postquam
352 2687 414 2731 tres
426 2676 468 2730 illi
483 2676 616 2731 advenae
628 2675 795 2731 confirmati
809 2685 879 2730 sunt
892 2674 974 2744 quod
987 2685 1109 2731 aeterna
1122 2675 1240 2745 requies

112 2760 170 2813 non
184 2757 231 2812 sit
242 2756 350 2817 otium,
361 2755 413 2810 sed
426 2756 591 2826 jucundum
604 2756 730 2826 alicujus
742 2755 841 2824 operis
853 2756 934 2825 quod
948 2755 1014 2809 usui
1027 2765 1081 2816 est,
1091 2764 1239 2808 venerunt

108 2832 233 2910 aliquae
249 2835 380 2907 virginee
398 2851 466 2889 curn
483 2833 628 2905 acupidiis
645 2845 678 2890 et
695 2835 782 2897 netis,
795 2834 935 2903 operibus
951 2850 1092 2888 manuum
1108 2849 1238 2894 suarum,

108 2917 133 2967 lt
153 2919 357 2973 donaverunt
375 2914 448 2976 illis;
475 2923 506 2968 et
530 2913 668 2983 virgines,
687 2930 755 2968 cum
774 2914 896 2968 abibant
916 2913 1021 2967 novitii
1047 2912 1089 2966 illi
1107 2912 1238 2983 spiritus,

108 2999 291 3053 lecinerunt
309 2993 398 3055 oden,
411 3009 470 3064 qua
488 2991 677 3048 allectionem
692 3008 819 3064 operum
839 3009 910 3047 usus
927 3008 997 3047 cum
1010 2991 1145 3046 amoenis
1163 2991 1237 3061 ejus.

108 3078 189 3135 uelo
206 3073 348 3144 angelico
360 3072 574 3143 exprimebant

108 3203 215 3273 ιο8.
238 3200 404 3267 Alterum
423 3200 647 3267 Memorabile
658 3223 712 3265 :-

153 3326 247 3384 Cum
263 3323 293 3378 in
304 3323 498 3378 meditatione
508 3339 588 3378 eram
599 3323 637 3378 de
646 3324 760 3378 arcanis
769 3324 879 3378 amoris
888 3322 1064 3394 coniugialis
1075 3323 1238 3379 reconditis

108 3407 189 3478 pud
206 3419 328 3465 uxores,
339 3404 445 3457 iterum
459 3403 595 3473 apparuit
607 3403 707 3473 pluvia
719 3419 808 3457 aurea
819 3405 906 3474 (quae
916 3405 1017 3472 supra)
1030 3420 1037 3464 ;
1055 3414 1086 3457 et
1100 3404 1237 3457 recorda·

108 3504 148 3545 ις
166 3500 246 3542 sum
263 3482 344 3554 quod
361 3483 410 3536 illa
424 3482 549 3537 stillaret
561 3498 650 3553 super
662 3483 760 3536 aulam
777 3482 806 3535 in
823 3482 946 3542 oriente,
960 3483 1009 3535 ubi
1023 3482 1164 3536 vivebant
1176 3493 1237 3536 tres

108 3580 231 3624 mores
252 3561 445 3632 conjugiales,
461 3561 519 3615 hoc
537 3571 591 3622 est.
608 3571 669 3615 tres
683 3562 834 3631 conjuges,
851 3561 901 3631 qui
921 3577 952 3614 se
971 3572 1072 3614 tenere
1087 3561 1235 3614 amabant.

108 3646 175 3714 ‚lua
192 3642 272 3702 visa,
285 3656 342 3712 ego
357 3656 375 3695 a
389 3639 548 3694 dulcedine
561 3640 766 3695 meditationis
779 3640 858 3693 illius
870 3640 980 3694 amoris
993 3640 1070 3693 sicut
1084 3639 1234 3698 invitatus.

108 3719 272 3796 mperavi
286 3720 370 3781 illuc:
388 3729 420 3773 et
431 3719 504 3773 dum
516 3719 761 3790 appropinquavi.
773 3718 874 3788 pluvia
886 3719 936 3773 illa
948 3734 986 3772 ex
998 3734 1087 3772 aurea
1101 3717 1178 3771 latta
1189 3728 1236 3771 eat

109 3815 273 3875 urpurea,
288 3798 358 3852 dein
377 3797 524 3859 coccinea.
543 3808 661 3852 etcum
681 3814 774 3868 prope
792 3814 882 3857 eram,
902 3797 996 3851 instar
1013 3797 1089 3851 roris
1106 3797 1234 3866 opalina.

108 3894 148 3940 uc
170 3877 305 3952 pulsavi,
320 3887 352 3932 et
370 3877 558 3948 aperiebatur
574 3878 678 3947 janum
702 3887 733 3931 et
751 3877 788 3931 ad
808 3877 965 3931 satellitem
981 3876 1051 3937 dixi,
1065 3875 1179 3929 “Refer
1196 3874 1234 3928 ad

108 3961 248 4020 maritos,
263 3957 345 4028 quod
365 3956 472 4011 iterum
491 3956 570 4011 adsit
588 3955 639 4027 qui
658 3955 740 4027 prius
757 3971 825 4009 cum
843 3956 958 4027 angelo,
972 3965 1077 4026 petens
1094 3964 1129 4008 ut
1147 3953 1235 4007 liceat

108 4052 225 4097 ntrare
238 4036 277 4091 a'd
290 4035 500 4106 colloquium.”

160 4119 213 4174 Ac
226 4116 346 4170 satelles
357 4115 452 4178 rediit,
462 4124 493 4170 et
504 4130 542 4169 ex
552 4113 667 4169 maritis
678 4113 791 4175 annuit,
802 4122 833 4167 et
845 4112 995 4184 ingressus
1004 4127 1080 4166 sum.
1115 4110 1162 4166 Ac
1174 4119 1236 4165 tres

108 4196 212 4254 mariti
228 4211 297 4250 curn
312 4193 375 4249 suls
390 4195 532 4249 uxoribus
547 4195 635 4248 simul
650 4204 737 4249 erant
751 4193 781 4248 in
798 4193 973 4266 hypaethro‚
985 4207 1020 4246 ac
1032 4189 1234 4245 salutaticum

108 4273 214 4332 lavore
227 4274 439 4330 resalutabant.

166 4353 207 4409 Et
221 4352 355 4425 quaesivi
368 4367 483 4416 uxores,
497 4368 568 4406 num
581 4351 709 4407 eandida
723 4352 774 4408 illa
787 4351 926 4407 columba
941 4349 970 4405 in
987 4348 1118 4404 lenestra
1130 4357 1235 4420 postea

112 4434 291 4504 apparuerit
384 4460 387 4466 ⁴
