2782 5026
403 112 453 163 na
476 111 613 165 assona
633 111 953 180 comumnes-n.
973 113 1045 180 230.
1219 98 1278 181 183

129 292 270 348 autem
292 301 356 366 per
374 282 635 347 conformitates
653 283 687 346 in
706 282 807 347 rebus
825 281 1013 359 ecclesiae;
1037 302 1097 364 per
1114 301 1168 345 res
1186 281 1277 345 enim

128 376 326 442 ecclesiae
349 374 389 440 lit
412 373 607 456 conjuneiio
625 375 885 451 similitudinum
904 376 1106 438 distantium
1125 373 1279 447 interius,

128 488 211 553 per
243 470 380 552 reliqua
404 471 510 533 modo
541 472 702 533 exterius.
748 468 817 533 Sed
848 487 925 532 cum
949 467 1279 532 dissimilitudinibus

129 584 221 629 non
243 573 367 646 potest
385 562 455 627 fieri
473 561 678 645 conjundtio,
698 566 776 647 quia
795 574 876 627 sunt
895 563 1141 645 antipathicae.

214 674 317 740 ης.
342 658 436 742 (xx.)
463 658 560 736 Quod
570 658 733 722 Dominus
749 658 829 732 stlte,
847 658 908 740 qui
922 658 1119 721 desiderant
1134 677 1279 721 amorem

124 776 233 818 vere
241 753 473 838 conjugiolem,
481 754 662 833 provideat
673 753 920 827 similitudines,
934 761 967 815 et
977 752 1067 835 quod
1075 752 1110 815 si
1118 773 1181 814 non
1192 751 1278 815 dan·

125 860 209 912 tur
225 849 264 911 in
280 848 395 921 terras,
405 847 678 928 provideatillos
693 848 852 923 incaelis,
870 858 924 911 est
940 867 1053 921 causa,
1070 848 1149 929 quia
1164 847 1279 910 omnia

126 943 320 1024 conjugia
342 943 467 1006 amoris
492 963 571 1006 vere
595 942 794 1024 coniugialis
818 943 1041 1023 providentur
1064 964 1084 1004 a
1107 942 1277 1018 Domino;

124 1038 246 1121 quod
262 1040 332 1101 sint
348 1039 392 1100 ab
406 1037 496 1119 Ipso,
508 1038 665 1101 videatur
676 1058 777 1119 supra
791 1037 838 1118 (n.
853 1053 921 1117 130,
938 1037 1032 1118 131);
1055 1046 1092 1100 at
1105 1035 1279 1119 quomodo

126 1131 381 1214 providentur
399 1132 431 1193 in
451 1131 565 1204 caelis,
582 1132 694 1194 audivi
714 1133 921 1213 descriptum
940 1118 984 1194 ali
1002 1131 1145 1212 angelis,
1165 1132 1213 1194 ita
1226 1151 1280 1194 :-

125 1226 261 1308 Quod
275 1226 399 1290 Divina
409 1226 548 1289 Domini
560 1226 775 1307 providentia
785 1227 1051 1308 singularissima
1061 1236 1096 1290 et
1107 1227 1278 1290 universa·

127 1321 288 1385 lissima
303 1321 348 1384 sit
364 1321 407 1384 de
425 1320 590 1403 conjugiis
609 1331 644 1385 et
663 1322 696 1383 in
716 1320 891 1403 conjugiis,
909 1322 987 1404 quia
1005 1322 1119 1385 omnia
1130 1320 1280 1403 jucunda

126 1413 241 1479 caeli
259 1436 305 1479 ex
319 1415 474 1496 jucundis
490 1416 615 1479 amoris
631 1415 831 1497 conjugialis
848 1417 1047 1490 scaturiunt,
1065 1417 1152 1478 sicut
1170 1436 1277 1498 aquae

129 1510 279 1575 dulces
295 1529 341 1572 ex
361 1528 450 1572 vena
465 1509 591 1588 fontis;
622 1520 659 1574 et
681 1511 773 1592 quod
796 1511 875 1574 ideo
894 1511 1115 1591 provideatur
1137 1520 1175 1573 ut
1198 1529 1278 1574 nas·

128 1614 280 1669 cantur
293 1606 387 1685 paria
399 1603 604 1686 coniugialia
617 1626 626 1682 ;
645 1614 681 1668 et
697 1604 787 1687 quod
803 1605 888 1669 haec
901 1605 965 1668 sub
976 1606 1127 1686 auspicio
1141 1605 1278 1668 Domini

123 1697 285 1782 jugiter
302 1699 492 1763 educentur
513 1700 558 1762 ad
580 1720 640 1762 sua
663 1699 831 1781 conjugia,
852 1701 1028 1763 nesciente
1051 1700 1085 1762 id
1107 1710 1143 1763 et
1174 1719 1279 1781 puero

134 1805 190 1858 et
211 1793 350 1876 puella;
379 1804 414 1857 et
433 1805 512 1875 post
531 1792 693 1858 exattum
713 1805 848 1876 tempus
872 1794 929 1857 illa
953 1804 1034 1858 tunc
1058 1795 1156 1875 virgo
1180 1793 1277 1856 nubi-

132 1889 206 1964 1is‚
228 1897 266 1953 et
296 1888 353 1951 ille
376 1898 458 1951 tunc
485 1887 617 1970 juvenis
647 1890 690 1953 ad
720 1889 856 1970 nuptias
878 1900 989 1971 aptus,
1014 1890 1101 1953 sicut
1132 1909 1176 1951 ex
1207 1889 1279 1956 sato

132 1984 282 2047 alicubi
304 1984 526 2058 conveniant,
551 1995 586 2047 et
610 2004 647 2048 se
670 1995 789 2048 mutuo
811 1984 972 2063 videant;
1005 1994 1041 2047 et
1071 1984 1163 2066 quod
1186 1983 1279 2046 illico

135 2089 238 2142 tunc
270 2079 358 2141 sicut
388 2099 433 2142 ex
463 2079 611 2161 quodam
642 2076 804 2143 instinctu
834 2088 1060 2159 cognoscant,
1090 2079 1180 2161 quod
1210 2079 1278 2142 sint

136 2191 349 2254 compares,
368 2181 404 2237 et
423 2193 468 2237 ex
488 2174 636 2255 quodam
655 2175 743 2237 sicut
762 2170 945 2237 dictamine
961 2175 1053 2236 intus
1072 2174 1105 2235 in
1126 2193 1162 2236 se
1182 2172 1278 2254 cogi·

138 2277 246 2342 tent,
263 2266 407 2349 juvenis,
428 2269 518 2350 quod
538 2269 623 2333 haec
643 2288 720 2331 mea
738 2270 793 2343 sit,
813 2278 850 2332 et
869 2270 979 2349 virgo,
999 2268 1090 2350 quod
1110 2268 1164 2331 hic
1184 2287 1279 2331 meus

135 2364 222 2439 sin
250 2372 288 2426 et
310 2373 493 2445 postquam
509 2363 575 2427 hoc
595 2362 802 2445 aliquamdiu
816 2363 990 2429 insederat
1004 2363 1176 2426 mentibus
1195 2363 1278 2426 utri·

137 2475 277 2538 usque,
296 2476 342 2519 ex
371 2457 563 2521 deliberato
592 2478 629 2520 se
659 2457 887 2539 alloquantur,
913 2466 948 2520 et
978 2477 1013 2520 se
1044 2458 1277 2539 desponsent:

134 2552 295 2627 (licitur,
315 2551 402 2616 sicut
421 2573 466 2616 ex
487 2552 569 2627 fato,
589 2550 762 2626 instinCiu,
784 2563 819 2615 et
838 2549 1033 2626 didiamine
1053 2572 1093 2615 ac
1113 2552 1299 2635 intelligi.

136 2655 214 2709 tur
234 2664 283 2708 ex
306 2644 430 2708 Divina
449 2646 674 2726 providentia,
694 2647 772 2727 quia
790 2645 875 2709 haec
895 2646 975 2708 dum
994 2647 1154 2721 nescitur,
1171 2665 1278 2729 appa·

129 2748 211 2802 tet
230 2739 301 2816 ita;
325 2737 492 2802 Dominus
510 2741 601 2804 enim
619 2741 729 2820 aperit
744 2740 897 2803 internas
915 2739 1164 2816 similitudines,
1185 2751 1222 2805 ut
1242 2761 1279 2806 se

131 2831 311 2896 videant.

221 2939 324 3010 ομ.
358 2922 463 3010 (xxi.)
490 2925 587 3006 Quod
608 2926 703 2991 homo
728 2927 903 2991 secundum
925 2927 1086 3008 deseilum
1111 2938 1144 2992 et
1161 2931 1278 3015 sitdiu·

134 3041 235 3084 aeam
257 3020 386 3084 amoris
403 3020 609 3107 conjugalis,
629 3022 762 3109 accedat
778 3023 828 3085 ad
846 3032 1002 3085 naturam
1022 3023 1162 3101 bestiam
1191 3025 1279 3090 ratio

128 3124 223 3190 «est,
242 3116 322 3197 quia
344 3115 448 3179 homo
466 3127 632 3199 quantum
655 3118 688 3180 in
713 3136 828 3180 amore
852 3117 1035 3198 conjugiali
1058 3129 1123 3192 est,
1141 3127 1277 3183 tantum

133 3209 344 3291 spiritualis
356 3220 420 3285 est,
431 3220 467 3274 et
483 3221 648 3293 quantum
662 3222 717 3275 est
730 3212 924 3292 spiritualis,
939 3221 1074 3276 tanturn
1088 3224 1140 3275 est
1153 3212 1277 3290 homo;

140 3303 265 3368 lromo
292 3306 384 3368 enirn
420 3307 571 3370 nascitur
605 3307 638 3369 in
674 3306 781 3369 vitam
812 3317 891 3388 post
927 3318 1084 3380 mortem,
1119 3318 1155 3371 et
1189 3307 1277 3371 hanc

142 3399 389 3482 «consequitur,
403 3400 480 3481 quia
495 3400 525 3463 ei
544 3401 657 3464 anima
672 3401 854 3482 spiritualis
870 3401 970 3476 inest,
984 3411 1019 3464 et
1035 3402 1078 3463 ad
1096 3402 1182 3464 hanc
1199 3413 1277 3484 pot·

148 3504 211 3560 est
234 3494 341 3560 homo
362 3492 488 3559 elevari
514 3514 574 3577 per
596 3495 796 3559 facultatem
819 3495 1014 3560 intelledius
1040 3498 1111 3574 sui;
1141 3497 1169 3558 si
1196 3506 1278 3561 tunc

153 3589 321 3654 voluntas
344 3587 416 3671 ejus
445 3611 490 3653 ex
519 3591 601 3652 data
624 3592 727 3654 etiam
758 3591 788 3653 ei
815 3591 980 3656 facultate
996 3592 1095 3655 simul
1112 3591 1277 3666 elevatur,

156 3693 399 3766 postmortem
411 3685 495 3748 vivit
512 3686 619 3748 vitam
636 3685 740 3748 caeli:
767 3688 974 3749 contrarium
990 3696 1055 3760 est,
1072 3687 1099 3749 si
1116 3687 1148 3748 in
1162 3704 1277 3750 amore

151 3778 342 3862 conjugiali
362 3780 524 3861 opposito
542 3789 617 3858 est;
641 3799 719 3842 nam
739 3790 905 3861 quantum
922 3782 954 3843 in
974 3781 1039 3844 hoc
1060 3791 1123 3854 est,
1142 3790 1277 3844 tantum

159 3883 213 3939 est
235 3873 411 3948 naturalis,
435 3883 471 3937 et
492 3871 597 3938 homo
620 3894 712 3939 mere
735 3875 899 3939 naturalis
921 3885 974 3938 est
1004 3876 1122 3938 similis
1146 3875 1277 3938 bestiae

161 3971 269 4049 quoad
285 3968 504 4052 cupiditates,
518 3970 705 4051 appetitus,
718 3980 754 4034 et
771 3970 904 4034 illorum
916 3969 1084 4052 jucunda:
1110 3990 1186 4033 cum
1203 3969 1278 4034 sola

165 4059 359 4144 differentia,
384 4064 476 4147 quod
499 4063 549 4128 illi
579 4064 624 4129 sit
650 4063 796 4130 facultas
818 4064 975 4130 elevandi
998 4062 1213 4129 intellectum
1242 4065 1276 4129 in
