2782 5026
131 457 176 521 44
477 456 661 508 DELICIAE
683 454 912 507 snmrmnss

131 624 239 689 totius
254 624 402 689 hominis
418 627 568 691 essentia
584 637 649 703 εει,
666 636 702 691 ει
722 625 786 689 hoc
806 633 945 707 propter
960 622 1096 705 generis
1111 609 1272 683 humani

131 721 439 802 propagationem
466 723 558 804 quod
580 721 635 785 hic
658 742 754 785 amor
777 719 1008 802 principaliter
1027 725 1182 789 maneat,
1202 718 1273 777 est

130 817 208 898 quia
224 826 303 898 post
322 826 468 881 mortem
484 819 535 881 vir
549 827 603 882 est
619 818 679 893 vir,
696 837 735 881 ac
752 816 878 880 semina
894 825 947 879 εει
966 814 1102 887 semina,
1120 821 1157 875 et
1177 809 1278 892 quia·

131 910 214 973 nihil
234 921 287 974 εει
307 912 340 974 ἰη
358 913 481 986 anima,
502 913 535 975 in
555 921 683 984 mente,
703 923 739 975 et
762 912 796 973 in
816 930 969 991 corpore,
989 907 1081 989 quod
1105 925 1179 969 non
1202 910 1274 966 est

131 1005 353 1069 masculinum
377 1008 411 1070 in
430 1006 593 1082 masculo,
613 1015 649 1070 et
667 1006 864 1070 femininum
883 1006 917 1067 in
936 1003 1081 1078 semina;
1111 1010 1149 1064 et
1168 999 1270 1062 haec

130 1098 199 1163 duo
215 1101 264 1165 ita
276 1111 392 1164 creata
405 1111 496 1176 sunt,
508 1110 545 1165 ut
562 1102 784 1164 connitantur
799 1101 832 1162 in
848 1095 1136 1180 conjunctionem,
1150 1095 1276 1156 immo

130 1193 163 1256 in
180 1192 454 1275 conjunctionem
471 1205 508 1258 ut
525 1214 627 1258 unum
643 1194 749 1272 fiant;
772 1195 826 1258 hic
846 1195 938 1256 nisus
954 1202 1007 1255 est
1023 1210 1122 1253 amor
1138 1207 1268 1261 sexus,

129 1288 186 1370 qui
205 1290 380 1370 praecedit
399 1309 550 1353 amorem
570 1289 808 1371 coniugialem.
854 1288 953 1351 Nunc
976 1287 1054 1368 quia
1073 1282 1273 1347 inclinatio

54 1420 57 1425 ·
129 1382 345 1463 conjunctiva
367 1385 530 1464 inscripta
552 1393 605 1448 est
628 1384 785 1447 omnibus
814 1392 850 1447 et
880 1381 1021 1463 singulis
1044 1376 1193 1442 masculi
1222 1385 1272 1439 et:

128 1475 284 1553 feminae,
305 1480 457 1560 sequitur
476 1478 567 1560 quod
585 1477 645 1541 illa
663 1476 841 1541 inclinatio
855 1494 924 1539 non
938 1473 1048 1558 possit
1061 1466 1276 1535 oblitterari

128 1590 169 1635 ac
188 1574 282 1637 obire
301 1593 378 1637 cum
397 1592 549 1654 corpore.
1078 1578 1081 1594 '

191 1679 369 1749 4712rrm10
392 1665 494 1748 Quod
510 1686 605 1731 amor
617 1687 721 1731 sexus
736 1674 875 1729 maneat
887 1664 996 1749 qualis
1012 1662 1070 1726 ille
1085 1662 1149 1725 suit
1165 1661 1268 1724 inte·

128 1758 196 1821 rius
212 1761 245 1821 in
262 1760 401 1834 mundo,
415 1771 469 1824 est
482 1763 559 1842 quia
570 1762 660 1841 apud
672 1779 810 1823 omnem
823 1759 996 1823 hominem
1009 1766 1064 1820 est
1080 1757 1262 1819 internum

129 1861 165 1916 ει
181 1865 377 1927 externum,
391 1875 477 1936 quae
494 1855 560 1918 duo
573 1857 677 1919 etiam
690 1865 858 1918 vocantur
869 1854 1021 1916 internus
1033 1861 1070 1914 et
1087 1861 1264 1914 externus

128 1944 244 2022 homo,
264 1967 303 2011 ac
323 1948 402 2012 inde
422 1959 475 2012 est
494 1950 628 2012 interna
650 1960 686 2013 et
709 1959 855 2012 externa
873 1947 1034 2011 voluntas
1058 1955 1094 2008 et
1119 1945 1261 2026 cogita-

130 2040 199 2103 tio:
224 2041 328 2104 homo
347 2042 506 2124 relinquit
525 2053 720 2118 externum,
740 2063 779 2106 ac
803 2044 928 2106 retinet
948 2042 1123 2104 internum
1144 2057 1269 2119 suum,¹

129 2152 206 2197 cum
226 2137 390 2214 moritur3
414 2147 561 2200 externa
580 2139 669 2200 enirn
688 2137 822 2219 proprie
841 2144 921 2199 sunt
940 2134 1011 2215 ejus
1027 2134 1196 2214 corporis,
1216 2151 1258 2196 ac

129 2225 263 2292 interna
281 2240 360 2294 sunt
384 2232 517 2312 proprie
537 2230 607 2311 ejus
636 2233 782 2312 spiritus.
827 2230 927 2293 Nunc
957 2230 1035 2310 quia
1066 2227 1174 2290 homo
1203 2235 1258 2290 est

128 2340 208 2384 suus
238 2343 345 2399 amor,
373 2335 409 2388 et
439 2344 535 2387 amor
565 2325 690 2388 insidet
720 2324 849 2405 spiritui
880 2323 961 2404 ejus,
986 2323 1141 2403 sequitur
1165 2320 1258 2403 quod

128 2434 223 2479 amor
246 2438 351 2481 sexus
374 2418 462 2499 apud
489 2419 583 2481 illurn
608 2428 686 2498 post
713 2427 860 2481 mortem
884 2426 1036 2489 maneat,
1061 2415 1176 2497 qualis
1200 2414 1258 2478 ille

128 2510 190 2574 luit
209 2512 349 2575 interius
368 2514 457 2593 apud
476 2512 591 2589 illum;
616 2522 653 2575 ut
672 2533 734 2592 pro
752 2512 924 2592 exemplo,
949 2511 976 2573 si
999 2530 1097 2572 amor
1121 2510 1182 2572 ille
1205 2510 1257 2572 in·

127 2605 232 2667 terius
254 2586 362 2669 fueiat
386 2605 585 2686 conjugialis
608 2626 667 2667 seu
690 2617 815 2679 castus,
834 2615 951 2668 manet
974 2604 1032 2666 ille
1056 2614 1139 2684 post
1164 2623 1258 2667 mor·

128 2707 200 2761 tem
213 2697 412 2779 conjugialis
428 2708 464 2759 ει
480 2707 615 2774 castus;
639 2708 675 2762 at
692 2701 719 2760 si
735 2700 875 2761 interius
891 2699 1000 2761 fuerat
1013 2699 1257 2771 scortatorius,

129 2803 245 2854 manet
270 2803 348 2872 post
371 2799 517 2852 mortem
536 2792 640 2853 etiarn
664 2792 754 2854 talis.
799 2791 850 2855 At
872 2791 1048 2855 sciendum
1072 2802 1141 2864 est,
1163 2790 1258 2872 quod

127 2903 223 2946 amor
235 2904 338 2945 sexus
354 2903 423 2944 non
440 2878 557 2945 similis
574 2885 617 2945 sit
633 2886 722 2964 apud
736 2906 837 2947 unum
851 2886 960 2968 qualis
976 2886 1067 2966 apud
1081 2886 1257 2964 alterum;

128 2985 207 3038 sunt
225 2976 432 3038 differentiae
449 2975 518 3054 ejus
534 2975 703 3053 infinitae3
727 2979 786 3039 sed
803 3000 917 3061 usque,
935 2978 1044 3061 qualis
1061 2990 1116 3041 εει
1133 2981 1169 3042 in
1185 2979 1258 3061 spi·

127 3069 195 3131 ritu
214 3068 370 3148 cujusvis,
391 3068 469 3130 talis
488 3070 591 3131 etiarn
612 3080 738 3133 manet.

191 3161 372 3243 48[pn·m0].
398 3161 459 3242 (ii.)
486 3159 582 3238 Quod
596 3183 690 3224 arnor
707 3165 905 3245 coryirgialis
929 3165 1091 3228 similiter
1105 3177 1264 3243 maneat,·

127 3253 239 3337 qualis
255 3253 312 3315 ille
326 3255 478 3328 interius,
492 3253 551 3315 hoc
564 3264 624 3328 est,
641 3256 675 3317 in
691 3256 849 3320 anteriore
863 3258 1033 3321 voluntate
1046 3269 1079 3321 et
1094 3261 1259 3341 cogitati-

128 3367 187 3410 one
209 3347 302 3425 apud
320 3346 483 3408 hominem
496 3347 619 3426 suerat
646 3348 681 3410 in
710 3351 1059 3431 munda—Quoniam
1084 3351 1173 3416 alius
1201 3364 1260 3419 est

128 3459 225 3503 amor
241 3459 355 3512 sexus,
370 3451 405 3502 et
423 3440 507 3501 allus
523 3460 617 3503 amor
629 3441 838 3522 conjugialis,
852 3445 928 3506 ideo
945 3447 1144 3510 nominatur
1162 3458 1260 3512 uter-

58 3596 61 3600 ,
128 3553 204 3614 que,
222 3552 260 3593 ac
280 3533 401 3595 dicitur
417 3533 506 3613 quod
523 3535 627 3596 etiam
643 3535 696 3597 hic
713 3548 849 3599 maneat
866 3549 945 3618 post
962 3550 1124 3615 mortem,
1143 3543 1261 3623 qualis

128 3625 237 3688 luerat
252 3626 341 3704 apud
361 3626 544 3700 hominem,
562 3627 641 3688 dum
658 3629 745 3692 vixit
763 3631 796 3691 in
816 3631 954 3706 mundo,
972 3633 1006 3694 in
1023 3633 1164 3697 interno
1182 3634 1260 3715 ejus

127 3717 265 3780 homine
278 3738 285 3779 :
306 3719 365 3780 sed
375 3720 452 3800 quia
462 3720 558 3798 pauci
568 3721 679 3783 sciunt
689 3722 868 3785 discrimen
881 3725 969 3787 inter
979 3745 1134 3789 amorem
1146 3749 1261 3792 sexus

127 3820 165 3874 et
183 3828 334 3872 amorem
353 3811 589 3891 conjugialem,
609 3814 686 3875 ideo
704 3815 737 3876 in
758 3815 870 3879 limine
889 3818 986 3898 hujus
1006 3819 1261 3887 transactionis

127 3901 254 3983 aliquid
271 3903 314 3965 de
332 3904 392 3965 illo
409 3904 593 3984 praesabor.
638 3904 748 3971 Amor
764 3928 867 3971 sexus
883 3920 936 3973 est
953 3932 1050 3976 amor
1069 3914 1114 3976 ad
1135 3915 1259 3996 plures

128 4005 164 4059 et
184 3995 428 4076 cumpluribus
451 4017 469 4059 ε
492 4017 588 4072 sexu,
607 4008 644 4062 at
667 4019 761 4063 amor
779 4002 979 4082 conjugialis
998 4015 1053 4069 est
1073 4006 1189 4070 solum
1209 4010 1259 4073 ad

128 4108 231 4151 unam
250 4098 380 4151 etcum
400 4109 466 4150 una
488 4111 507 4151 e
526 4110 630 4168 sexu;
653 4112 693 4154 ac
713 4113 808 4156 amor
822 4096 865 4156 ad
885 4096 998 4176 plures
1017 4109 1052 4162 et
1073 4119 1154 4163 cum
1176 4101 1258 4182 plu-

128 4179 220 4242 ribus
246 4191 299 4242 est
326 4201 420 4243 amor
437 4183 609 4257 naturalis,
630 4196 682 4247 est
705 4187 794 4248 enirn
816 4191 1005 4252 communis
1028 4211 1107 4254 cum
1128 4194 1257 4261 bestiis

128 4281 166 4334 et
189 4274 316 4346 avibus,
336 4285 371 4336 et
401 4274 465 4336 hae
490 4285 568 4338 sunt
587 4277 769 4352 naturales,
789 4289 826 4343 at
854 4301 949 4343 amor
968 4284 1176 4366 conjugialis
1196 4299 1257 4354 est

129 4383 224 4427 amor
236 4366 426 4444 spiritualis,
445 4387 484 4430 ac
502 4370 711 4446 particularis
726 4382 761 4434 et
777 4375 929 4453 proprius
945 4375 1155 4456 hominibus,
1171 4385 1257 4465 quia
