2850 5026
412 431 463 481 nn
486 432 623 485 astons
646 431 965 501 competant-rt.
985 425 1036 488 82.
1245 443 1289 511 79

161 597 346 656 lumInosum
356 598 479 656 intravit
488 617 653 672 expansum
665 604 904 667 meridionale,et
913 607 1014 662 audivi
1025 624 1132 665 sonum
1142 625 1266 667 suavem
1278 629 1286 676 ς

159 691 195 736 et
205 679 340 750 quaesivi
352 681 501 751 angelum,
515 689 531 711 ⁴·
540 680 621 753 Quid
637 682 760 738 Domini
775 684 815 743 ibi
829 685 1036 758 glorificante·

216 758 302 814 Dixit
313 760 395 830 quod
409 759 484 818 haec
496 761 527 817 in
539 763 724 833 Apocalypsi,

207 870 288 917 ”Vidi
304 871 399 917 caelum
416 884 507 918 norum
526 880 550 919 et
565 880 653 919 terram
671 876 1184 929 novam.....er...vtdtnrbemsanstan
1197 879 1286 927 Hiero-

281 933 400 990 solymam
409 946 495 979 novam
503 935 688 980 descendentem
697 950 711 980 a
721 937 775 982 Deo
783 950 797 982 e
805 938 990 995 caeloparatam
998 939 1059 984 sicut
1065 940 1184 997 Sponsam
1194 941 1285 987 Marito

280 1005 340 1045 suo;
349 1027 355 1039 .
364 1028 370 1039 .
379 1027 386 1040 .
394 1027 400 1040 .
407 1000 431 1039 et
438 994 533 1040 locutus
542 1003 577 1040 est
585 1009 680 1042 mecum
689 997 796 1055 angelus,
805 1007 829 1043 et
835 999 974 1051 dixit,Veni,
981 1001 1106 1045 ostendam
1114 1001 1155 1046 tibi
1163 1001 1284 1059 Sponsam

280 1054 346 1112 signi
356 1054 478 1100 Uxorem:
494 1063 518 1100 et
528 1056 626 1101 abstulit
637 1069 676 1101 me
691 1056 715 1101 in
731 1058 815 1115 spiritu
826 1072 898 1117 super
908 1066 1015 1104 montem
1027 1073 1142 1120 magnum
1160 1070 1185 1107 et
1200 1062 1276 1107 altum

280 1120 305 1159 et
315 1115 420 1160 ostendit
430 1115 488 1162 mihi
499 1117 597 1164 urbem.
607 1117 729 1163 ‚sanciam
740 1117 934 1178 Hierosolymam
942 1118 955 1135 '¹
966 1117 1051 1180 (Apoc.
1063 1121 1110 1167 xxi.
1123 1132 1145 1176 t,
1157 1135 1178 1176 a,
1189 1135 1212 1181 9,
1225 1121 1274 1182 ιο).

162 1224 259 1281 Etiam
272 1224 346 1281 haec
358 1228 456 1289 verba,

206 1328 220 1347 ⁸¹
229 1323 378 1430 Egovlesus.
388 1358 394 1371 .
405 1357 411 1370 .
421 1337 487 1394 ,sum
498 1324 573 1395 Stella
582 1324 709 1395 splendida
719 1330 743 1370 et
753 1325 882 1396 matutina3
898 1338 927 1372 ae
937 1326 1039 1397 Spiritus
1049 1333 1072 1372 el
1087 1327 1184 1404 Sponsa
1192 1328 1281 1383 dicent,

279 1398 344 1492 nien}
346 1419 361 1489 ὃ
364 1418 427 1501 ..1.7...
430 1386 502 1506 :git
510 1385 589 1433 Euam
596 1399 667 1433 vento
675 1393 735 1440 crto;
751 1394 912 1440 anteactum
923 1388 1164 1450 vem,Dom1mJesu
1194 1386 1281 1449 (Apoc.

214 1552 287 1608 Post
297 1552 371 1609 haec
383 1564 414 1608 et
427 1553 519 1624 plura,
529 1554 633 1608 audita
643 1564 689 1609 est
702 1554 871 1609 communis
878 1554 1059 1625 glorificatio
1071 1557 1109 1611 ab
1121 1557 1237 1615 oriente
1251 1558 1281 1617 in

155 1632 344 1688 occidentem
357 1634 440 1694 caeli,
451 1642 485 1688 et
497 1649 618 1704 quoque
630 1650 649 1688 a
662 1634 786 1689 meridie
799 1635 830 1689 iu
843 1636 1088 1706 septentrionem,
1102 1648 1132 1690 et
1146 1638 1280 1707 quaesivi

155 1713 306 1784 angelum,
319 1719 335 1743 ⁴⁶
345 1710 426 1783 Quid
440 1712 559 1768 nunc?''

211 1791 296 1848 Dixit
309 1791 412 1849 “Sunt
424 1808 461 1847 ex
474 1791 630 1862 Prophetis
642 1791 725 1855 haec,

203 1909 374 2015 ‘sanxi-“¹⁰22
385 1922 442 1954 caro
456 1910 524 1967 quod
537 1909 591 1968 Ego
600 1909 712 1970 Jehovah
723 1908 833 1955 Salvator
847 1915 902 1955 tuus
918 1916 941 1954 et
959 1909 1107 1969 Redemptor
1117 1909 1186 1956 tuus'
1198 1908 1281 1971 (EsaI.

303 1983 334 2016 tx.

202 2029 257 2076 ‘Sic
274 2031 334 2075 dixit
344 1968 454 2090 Jeirovah
467 2030 520 2075 Rex
537 2029 639 2083 Israelis,
650 2035 674 2075 et
690 2030 840 2088 Redemptor
850 2029 901 2089 ejus
911 2030 1021 2092 Jehovah
1033 2031 1147 2084 Zebaoth,
1160 2031 1214 2091 Ego
1231 2031 1282 2080 Pri·

275 2102 331 2136 mus
342 2097 379 2136 et.
389 2125 395 2137 .
405 2091 517 2143 Ultimus,
528 2098 552 2136 et
562 2099 656 2149 praeter
666 2091 711 2137 Me
721 2104 771 2136 non
783 2091 864 2137 Detts'
876 2091 957 2149 (assi.
970 2092 1026 2137 xliv.
1037 2091 1079 2152 6):

202 2150 317 2196 ‘Dicetur
331 2151 355 2196 in
370 2151 409 2196 die
420 2152 468 2203 illo,
482 2152 545 2197 Ecce
556 2151 624 2196 Deus
636 2159 717 2196 noster
729 2152 785 2204 Hic,
797 2164 869 2209 quem
880 2151 1073 2209 exspectavimus
1083 2158 1110 2197 ut
1124 2152 1209 2198 liberet
1219 2166 1281 2209 nos;

278 2212 327 2257 Hic
337 2211 447 2272 Jehovah
458 2225 530 2269 quem
542 2211 748 2270 exspectavimus'
761 2212 841 2268 (Esai.
853 2224 908 2259 xxv.
920 2211 960 2270 9):

201 2272 270 2318 ‘Vox
281 2273 405 2317 clatnantis
415 2272 439 2317 in
451 2274 553 2324 deserto,
566 2272 650 2318 Parate
660 2273 724 2317 viam
734 2272 855 2333 Jehovae;
873 2305 895 2319 ..
906 2305 911 2318 .
921 2307 926 2318 .
936 2285 992 2317 ecce
1008 2271 1129 2319 Dominus
1138 2273 1242 2334 Jehovlh
1254 2274 1279 2320 in

217 2368 219 2372 ,
275 2332 329 2378 lorti
340 2333 404 2377 venit
407 2366 476 2385 .....
486 2333 639 2391 sicutpastor
648 2346 745 2390 gregem
756 2345 826 2378 suum
837 2332 932 2390 pasoet'
945 2331 1026 2390 (Esai.
1040 2334 1071 2378 xl.
1083 2347 1105 2391 3.
1117 2345 1139 2390 5.
1153 2347 1189 2386 ro,
1202 2334 1259 2393 11):

201 2395 207 2417 ¹
217 2392 278 2440 Puer
286 2400 397 2439 natusest
406 2393 482 2446 nobis,
491 2394 563 2438 Filius
572 2394 642 2438 datus
650 2401 685 2438 est
696 2394 765 2438 nobis
767 2427 834 2444 .....
841 2393 910 2450 cujus
921 2406 1018 2444 nomen,
1029 2393 1152 2445 Mirabilis,
1162 2395 1280 2440 Consilia·

275 2454 331 2505 rius,
342 2453 416 2506 Deus,
426 2454 514 2507 Heros,
525 2454 753 2505 Pateraeternitetis,
764 2454 877 2511 Princeps
887 2453 966 2511 pacis'
976 2452 1057 2511 (Esai.
1070 2454 1101 2500 lx.
1113 2465 1127 2511 5
1140 2454 1214 2526 [ΒΛ.
1224 2454 1262 2514 61)
1271 2471 1278 2501 ι

201 2514 279 2560 'Dece
304 2515 356 2559 dies
381 2515 476 2560 venient
478 2548 546 2566 .....
556 2522 580 2559 et
607 2515 728 2559 suscitabo
755 2515 842 2559 Davidi
861 2514 966 2559 Gennen
985 2515 1085 2572 justum,
1107 2527 1148 2572 qut
1169 2516 1278 2573 regnabit

276 2575 343 2628 Rex:
403 2575 505 2647 .et”lroc
523 2588 613 2620 nomen
625 2574 710 2633 Ipsius,
720 2608 726 2621 .
736 2575 859 2636 .Jehovah
875 2574 972 2636 Justitia
988 2573 1082 2620 nostra'
1094 2573 1165 2636 (Jer.
1178 2575 1242 2621 xxiii.
1254 2587 1278 2632 5,

201 2635 636 2802 ·]ς1ιοῑνιιὴῗι)ἒέζιιῖιιιιοῗιιῗὲζῐέιειι1ιιε,
644 2702 667 2740 et
680 2695 828 2754 Redemptor
838 2701 900 2748 tuus,
909 2693 1013 2742 Sanctus
1021 2695 1121 2749 Israelis,
1129 2695 1197 2741 Deus
1204 2696 1278 2742 totius

200 2816 242 2863 'In
253 2756 599 2879 dieegffgqvtoeesmitjighgaflass
613 2757 704 2874 Regsgm
716 2827 788 2892 super
798 2822 873 2861 totam
885 2823 987 2871 terram;
1007 2815 1032 2862 in
1047 2815 1086 2862 die
1096 2815 1138 2863 illo
1148 2816 1192 2862 erit
1201 2815 1277 2878 Jebo·

273 2878 319 2923 vah
331 2890 400 2931 unus,
412 2872 436 2922 ei
447 2891 536 2922 nomen
547 2877 626 2936 Ipsius
635 2875 724 2922 unum'
738 2876 743 2893 '
764 2876 845 2935 (Sati.
857 2877 904 2923 xiv.
916 2877 951 2936 9).

208 2985 250 3040 Ex
263 2985 310 3040 his
322 2986 432 3040 auditis
446 3001 480 3040 ac
494 2983 653 3040 intelleliis
663 2985 809 3040 exultavit
821 3001 874 3039 cor
886 3002 1001 3048 meum3
1020 2996 1051 3040 et
1064 2985 1094 3038 in
1107 2985 1219 3057 gaudio
1233 2986 1273 3046 ivi

154 3064 284 3127 domum,
297 3077 328 3120 et
342 3065 381 3119 ibi
397 3082 413 3120 e
429 3075 509 3120 statu
522 3065 645 3135 spiritus
658 3065 733 3119 redii
750 3065 778 3119 in
789 3075 902 3119 statum
915 3065 1058 3136 corporis,
1072 3065 1101 3118 in
1117 3081 1178 3135 quo
1192 3066 1274 3128 haec,

154 3139 720 3214 quaevisaetauditasunt.conscripsi,
753 3141 871 3214 Quibus
881 3159 961 3197 nunc
970 3144 1104 3214 adjungo
1114 3145 1180 3205 hoc,
1192 3145 1273 3214 quod

153 3239 171 3277 a
184 3223 314 3277 Domino
325 3233 393 3292 post
403 3224 565 3279 adventum
578 3223 675 3293 Ipsius
685 3223 879 3278 resuscitetur
888 3238 973 3277 amor
982 3223 1167 3294 conjugialis,
1178 3223 1275 3294 quails

147 3301 247 3359 luerat
259 3303 340 3373 apud
354 3303 500 3373 antiquos,
508 3303 580 3374 qnia
590 3319 676 3358 amor
688 3303 737 3357 ille
749 3319 767 3357 a
780 3302 847 3359 solo
861 3300 993 3356 Domino
1005 3312 1059 3364 est,
1070 3311 1101 3356 et
1113 3302 1192 3372 apud
1206 3302 1275 3357 illos

153 3382 201 3453 qui
212 3383 250 3436 ab
264 3382 334 3451 ipso
348 3398 401 3451 per
413 3382 544 3436 Verbum
559 3381 729 3452 spirituales
742 3381 827 3436 liunt.

205 3462 265 3519 82.
286 3461 361 3516 Post
373 3462 447 3516 haec
460 3461 505 3516 vir
517 3477 534 3516 e
546 3462 635 3533 plaga
646 3459 874 3531 septentrionali
888 3459 918 3514 in
931 3457 1122 3515 vehementia
1134 3457 1272 3522 accurrit,

151 3549 181 3595 et
194 3557 241 3595 me
254 3541 339 3595 vultu
353 3540 462 3594 minaci
475 3541 600 3611 aspexit,
610 3556 645 3594 ac
657 3550 732 3594 tono
746 3538 932 3594 inflammato
942 3537 1098 3600 allocutus,
1110 3537 1194 3601 dixit,
1208 3537 1273 3595 “Es

151 3631 184 3675 tu
196 3620 247 3692 qui
256 3621 302 3675 vis
312 3621 454 3675 seducere
464 3621 575 3682 orbem,
587 3619 781 3674 instaurando
792 3635 900 3674 novam
911 3619 1075 3682 ecclesiam,
1084 3623 1175 3690 quam
1187 3619 1273 3674 intel·

151 3700 289 3772 ligisper
304 3699 437 3755 ‘Novam
455 3698 710 3770 Hierosolymam'
726 3699 936 3754 descensuram
955 3714 972 3753 e
990 3698 1075 3753 caelo
1092 3714 1111 3752 a
1131 3697 1213 3760 Deo;
1237 3714 1272 3754 ac

151 3779 295 3841 docendo,
308 3779 392 3851 quod
407 3778 555 3832 Dominus
569 3779 645 3840 illos,
654 3777 706 3848 qui
719 3775 898 3832 doctrinalia
909 3778 975 3847 ejus
987 3777 1131 3832 ecclesiae
1141 3777 1272 3847 amplec-

151 3867 262 3920 tuntur,
274 3859 440 3912 donaturus
450 3857 490 3912 sit
498 3873 599 3913 amore
609 3874 679 3912 vere
687 3857 858 3929 eonjugiali
868 3858 955 3927 eujus
965 3856 1087 3911 delicias
1100 3865 1131 3910 et
1144 3854 1271 3910 felicita·
1341 3896 1346 3908 .

151 3948 210 3992 tem
224 3938 338 3992 exaltas
351 3936 495 4008 usquead
509 3935 646 3991 caelum?
678 3935 770 3991 Estne
784 3936 842 3990 hoc
855 3935 1019 3996 inventum,
1031 3946 1062 3989 et
1074 3934 1202 3988 ailersne
1213 3934 1271 3989 hoc

151 4028 184 4070 ut
198 4016 358 4087 aucupium
373 4027 405 4071 et
420 4014 662 4071 allediamentum
681 4016 719 4070 ad
737 4015 941 4070 accedendum
960 4015 998 4069 ad
1017 4024 1070 4069 tua
1085 4012 1185 4068 nova?
1210 4012 1269 4068 Sed

149 4096 197 4150 dic
212 4095 286 4150 mihi
302 4095 332 4150 in
348 4095 520 4156 summario,
533 4111 610 4166 quae
623 4102 694 4149 sunt
707 4094 757 4148 illa
771 4092 949 4149 doctrinalia
961 4109 1058 4149 novae
1070 4091 1222 4155 ecclesiae,
1237 4101 1269 4147 et

150 4174 258 4230 videbo
270 4190 342 4229 num
356 4175 541 4230 concordent
553 4183 607 4228 aut
619 4172 820 4228 discordent.”

203 4254 241 4309 Et
258 4254 409 4325 respondi,
425 4261 441 4284 ⁴⁸
451 4252 636 4308 Doctrinalia
652 4252 811 4315 Ecclesiae,
826 4267 903 4323 quae
926 4249 1104 4322 Intelligitur
1119 4265 1172 4320 per
1187 4248 1268 4306 ‘No-
1296 4304 1299 4310 ,

149 4347 216 4388 vam
228 4332 487 4406 Hierosolymam,'
497 4343 569 4388 sunt
582 4333 672 4388 haec:
696 4333 740 4401 (ἰ.)
760 4331 851 4404 Quod
863 4332 904 4386 sit
915 4347 993 4386 unus
1005 4330 1094 4391 Deus,
1106 4329 1135 4384 in
1149 4345 1211 4400 quo
1223 4339 1271 4391 est

147 4411 260 4470 ‘Divina
269 4413 408 4478 Trinitas,
419 4423 450 4469 et
462 4413 544 4485 quod
558 4412 612 4468 Ille
621 4411 661 4469 sit
675 4412 822 4468 Dominus
833 4410 922 4484 Jesus
933 4409 1087 4467 Christus:
1106 4409 1160 4480 (ii.)
1177 4407 1266 4482 Quod
