2782 5026
131 406 176 471 40
478 405 661 457 DELICIAE
683 406 910 459 sarrssurtalt

132 571 205 632 viro,
218 580 249 627 et
264 570 338 625 nihil
354 587 371 626 e
386 571 513 635 femina:
532 580 547 603 ‘⁴
556 574 656 636 verbo,
668 575 715 629 vir
726 584 772 630 est
784 575 838 638 vir,
851 586 881 631 et
897 575 1008 633 femina
1022 587 1068 633 eat
1082 575 1197 639 lemine,
1207 578 1231 632 in

130 653 214 706 omni
225 649 407 720 perietlione
417 652 539 714 formae,
550 653 580 707 in
592 670 652 724 qua
661 655 751 709 creati
762 666 847 717 sunt:
862 657 969 711 secede
981 657 1006 710 si
1019 657 1073 719 vis,
1082 667 1114 713 et
1126 658 1234 729 explora

130 730 209 800 apud
222 740 262 791 te,
276 739 347 783 num
361 731 524 802 quidquam
537 732 624 795 desit,
639 734 711 804 quin
724 735 765 788 sis
778 734 824 787 vir
835 735 914 789 sicut
927 735 1036 804 prius.''

185 808 297 865 lterum
316 811 457 865 dixerunt
476 812 590 874 novitii,
604 813 810 869 “Audivimus
829 815 858 868 in
875 815 996 877 mundo,
1011 831 1029 870 e
1044 832 1106 886 quo
1120 816 1235 873 decessi·

130 905 206 950 mus,
219 890 301 961 quod
322 890 352 943 in
370 890 455 945 caelo
473 906 534 945 non
552 891 662 946 dentur
675 893 790 963 nuptui,
805 893 877 964 quia
890 905 962 949 sunt
979 895 1094 966 angeli:
1113 912 1185 950 uum
1201 896 1235 951 ric

130 970 219 1024 datur
231 985 315 1024 amor
326 986 414 1024 sexus
423 969 454 1024 ?’'

186 1047 223 1102 Et
244 1049 463 1118 responderunt
484 1049 607 1119 spiritus
625 1049 759 1120 angelici,
773 1050 905 1106 “Vester
919 1068 1004 1106 arnor
1018 1069 1107 1109 sexus
1127 1053 1167 1109 ibi
1187 1069 1236 1109 non

130 1129 226 1189 datur,
240 1128 292 1182 sed
306 1144 391 1182 arnor
402 1144 490 1183 sexus
503 1128 663 1199 angelicus,
675 1129 727 1200 qui
740 1140 787 1184 est
799 1142 907 1194 castus,
917 1147 1024 1202 expers
1036 1131 1135 1187 ornnis
1149 1133 1235 1188 illece-

130 1208 201 1263 brae
213 1223 250 1262 ex
264 1206 415 1262 libidine.''

185 1287 234 1342 Ad
248 1288 321 1341 baec
332 1287 472 1341 dixerunt
482 1286 597 1348 novitii,
608 1295 623 1315 “
633 1286 664 1342 Si
675 1289 763 1342 datur
773 1304 859 1342 arnor
867 1305 955 1344 sexus
966 1290 1077 1345 nullius
1087 1291 1239 1348 illecebrae.

130 1367 202 1438 quid
218 1376 291 1421 tunc
300 1382 384 1420 amor
392 1365 517 1421 sexusi”
556 1365 595 1420 Et
607 1383 675 1421 cum
685 1367 860 1437 cogitabant
872 1369 910 1422 de
923 1369 981 1423 boc
993 1385 1104 1430 amore,
1115 1371 1239 1442 ingemu-

130 1456 226 1508 erunt,
242 1457 274 1500 et
293 1446 440 1508 dixerunt,
456 1444 507 1501 “O
523 1462 613 1516 quarn
635 1446 746 1500 siccum
769 1447 911 1516 gaudium
934 1448 1025 1510 caeli:
1043 1449 1112 1518 quis
1132 1448 1241 1520 juvenis

129 1535 204 1579 tunc
225 1535 326 1594 potest
347 1534 451 1594 optare
473 1524 610 1579 caelum?
647 1525 739 1580 Estne
761 1526 830 1581 talis
851 1543 937 1581 amor
957 1527 1067 1583 sterilis
1092 1537 1125 1583 et
1145 1543 1242 1599 expen

129 1606 209 1660 vitae
220 1604 251 1660 ?'’

183 1685 232 1740 Ad
246 1686 320 1739 haec
332 1684 454 1755 spiritus
464 1684 589 1753 angelici
604 1684 735 1738 ridentes
746 1683 921 1746 retulerunt,
931 1692 947 1714 ⁴‘
957 1684 1052 1739 Amor
1061 1702 1151 1741 sexus
1160 1703 1244 1758 ange·

130 1764 211 1825 licus,
225 1780 278 1818 seu
291 1764 389 1833 qualis
407 1774 453 1817 est
472 1763 502 1816 in
514 1763 606 1823 caelo.
619 1772 665 1817 est
684 1778 778 1833 usque
797 1762 903 1832 plenus
921 1763 1036 1819 deliciis
1057 1765 1186 1829 intimis;
1202 1775 1248 1821 est

124 1843 272 1914 'expansio
284 1843 495 1897 amoenissima
506 1841 641 1896 omnium
656 1842 772 1905 mentis,
783 1853 813 1897 et
827 1843 896 1898 inde
910 1845 1046 1898 omniurn
1063 1843 1203 1915 pedloris,
1214 1860 1249 1900 ac

129 1934 176 1979 est
189 1923 269 1976 intus
283 1922 312 1975 in
327 1919 446 1991 pestere
460 1920 537 1975 sicut
552 1936 604 1975 cor
619 1921 704 1974 ludat
716 1937 784 1975 curn
805 1922 954 1991 pulmone,
970 1939 1007 1977 ex
1019 1939 1081 1992 quo
1100 1925 1174 1979 ludo
1188 1925 1249 1980 exit

130 2001 293 2072 respirati0,
310 2017 403 2055 sonus
421 2010 452 2053 et
471 1999 596 2069 loquela.
612 2016 689 2069 quae
709 1999 821 2053 iaciunt
837 2010 871 2053 ut
890 2001 1042 2055 consortia
1062 2002 1140 2057 inter
1153 2020 1249 2063 sexus,

129 2097 181 2136 seu
193 2081 269 2134 inter
278 2080 402 2149 juvenes
411 2088 442 2132 et
451 2078 588 2149 virgines,
598 2078 659 2132 sint
670 2079 750 2147 ipsae
760 2078 922 2133 suavitates
932 2080 1083 2140 caelestes,
1093 2098 1171 2150 quae
1181 2092 1249 2137 sunt

130 2176 228 2231 purae.
267 2158 385 2215 Omnes
399 2157 515 2219 novitii,
535 2157 731 2211 ascendentes
753 2157 783 2210 in
805 2158 931 2219 caelum,
954 2160 1149 2228 explorantur
1169 2161 1248 2231 quali

129 2240 267 2294 castitate
277 2248 365 2300 sunt;
385 2237 588 2291 immittuntur
600 2236 680 2290 enirn
701 2235 730 2289 in
744 2237 896 2291 consortia
908 2237 1066 2307 virginum,
1084 2239 1249 2308 pulchritu-

129 2319 233 2374 dinum
250 2318 332 2379 caeli,
346 2333 422 2387 quae
435 2316 604 2386 percipiunt
616 2332 654 2370 ex
668 2331 752 2376 sono,
765 2332 802 2369 ex
815 2315 943 2385 loquela,
952 2332 989 2370 ex
1002 2315 1085 2378 facie,
1096 2334 1133 2371 ex
1146 2318 1248 2378 oculis.

128 2415 165 2455 ex
175 2409 270 2471 gestu,
279 2410 309 2453 et
322 2414 359 2452 ex
372 2398 498 2467 sphaera
510 2396 690 2457 exundante,
700 2395 802 2465 quales
813 2406 882 2449 sunt
892 2396 991 2465 quoad
1002 2411 1135 2450 amorem
1147 2414 1250 2459 sexus3

129 2480 179 2550 qui
193 2480 217 2534 si
233 2480 365 2533 incastus
377 2490 431 2540 est,
444 2477 603 2548 aufugiunt
616 2486 646 2531 et
660 2475 800 2528 nuntiant
814 2476 883 2537 suis,
894 2477 975 2545 quod
989 2476 1120 2530 viderint
1133 2487 1249 2548 satyros

129 2571 181 2614 aut
200 2560 334 2628 priapos:
353 2569 384 2612 et
402 2574 521 2628 quoque
541 2558 674 2610 advenae
695 2554 737 2608 illi
759 2565 921 2617 mutantur,
934 2565 965 2609 et
985 2566 1129 2625 apparent
1148 2572 1249 2610 coram

129 2639 223 2692 oculis
242 2638 415 2708 angelorum
435 2635 550 2694 hirsuti.
567 2646 598 2688 et
616 2635 716 2704 quoad
738 2634 828 2703 pedes
844 2635 921 2688 sicut
935 2635 1022 2688 vituli
1041 2645 1093 2687 aut
1109 2635 1202 2705 pardi,
1217 2647 1248 2690 et

129 2718 171 2772 illi
185 2734 255 2772 mox
267 2717 457 2786 dejiciuntur,
472 2732 509 2769 ne
522 2714 646 2768 libidine
659 2731 713 2768 sua
726 2714 883 2784 inquinent
895 2731 996 2768 auram
1011 2714 1059 2768 ibi.

184 2796 241 2850 His
259 2797 370 2851 auditis
390 2798 450 2850 duo
470 2795 576 2850 novitii
596 2795 702 2848 iterum
722 2794 869 2856 dixerunt,
890 2794 964 2849 “Sic
983 2805 1028 2848 est
1047 2794 1147 2848 nullus
1166 2810 1249 2849 amor

130 2891 218 2931 sexus
234 2876 263 2929 in
283 2876 382 2930 caelo:
400 2877 472 2946 quid
492 2893 576 2931 amor
591 2893 678 2930 sexus
697 2887 797 2929 castus
817 2875 873 2928 nisi
892 2891 976 2928 amor
990 2873 1160 2928 exinanitus
1179 2890 1250 2930 suae

129 2956 209 3009 vitae
222 2956 370 3010 essentia?
389 2967 497 3010 suntne
510 2957 553 3010 sic
565 2955 717 3010 consortia
725 2957 867 3024 juvenum
881 2965 911 3008 et
925 2954 1071 3025 virginum
1087 2954 1126 3007 ibi
1139 2955 1251 3023 gaudia

130 3032 229 3089 sicca?
267 3032 336 3087 Non
349 3050 451 3088 sumus
464 3050 535 3089 saxa
549 3045 580 3088 et
595 3033 720 3103 stipites,
734 3033 786 3088 sed
806 3032 1012 3102 perceptiones
1027 3042 1058 3085 et
1072 3029 1249 3087 ailetliones

130 3113 236 3167 vitae.’'

185 3191 242 3245 His
260 3191 377 3253 auditis,
391 3192 452 3246 duo
470 3191 592 3261 spiritus
610 3189 735 3261 angelici
755 3188 901 3260 indignati
921 3188 1148 3258 responderunt,
1162 3187 1250 3244 “Vos

130 3287 249 3341 prorsus
263 3271 384 3325 nescitis
396 3271 468 3340 quid
487 3287 573 3324 amor
585 3286 672 3324 sexus
685 3280 792 3328 castus.
806 3269 876 3339 quia
888 3284 948 3322 non
961 3267 1059 3321 adhuc
1072 3267 1147 3321 casti
1162 3268 1252 3330 estis;

130 3360 177 3405 est
197 3350 245 3404 ille
265 3367 350 3405 amor
368 3351 465 3420 ipsum
484 3350 623 3404 delicium
643 3349 752 3403 mentis
771 3360 801 3403 et
824 3349 892 3403 inde
907 3348 1015 3409 cordis,
1031 3357 1061 3400 et
1080 3363 1141 3401 non
1160 3348 1250 3401 simul

130 3429 227 3484 carnis
241 3431 416 3484 subcorde:
435 3429 557 3484 castitas
575 3429 717 3499 angelica,
730 3444 806 3497 quae
822 3438 868 3482 est
883 3427 1001 3496 utrique
1016 3426 1098 3479 sexui
1114 3441 1251 3480 commu·

131 3508 185 3569 nis,
200 3508 315 3562 inhibet
328 3509 487 3563 transitum
498 3509 607 3562 amoris
624 3508 701 3562 illius
716 3509 792 3561 ultra
805 3508 970 3561 clausuram
985 3505 1091 3564 cordis.
1101 3505 1154 3559 sed
1172 3505 1251 3560 intra

132 3588 211 3642 illam
228 3599 259 3641 et
274 3605 364 3657 supra
380 3588 459 3642 illam
475 3588 631 3643 deliciatur
643 3589 796 3642 moralitas
811 3589 928 3658 juvenis
943 3605 1011 3642 curn
1027 3589 1252 3658 pulchritudine

131 3668 255 3738 virginis
277 3668 392 3722 deliciis
416 3668 526 3723 amoris
551 3685 639 3723 sexus
661 3667 743 3729 casti,
765 3684 841 3738 quae
867 3669 1022 3723 interiores
1044 3679 1074 3721 et
1097 3670 1253 3725 uberiores

131 3749 315 3804 amoenitate
329 3759 407 3810 sunt,
418 3765 507 3818 quarn
521 3758 554 3803 ut
568 3749 683 3818 possint
693 3749 820 3802 describi
835 3765 887 3818 per
896 3765 994 3803 voces.
1032 3747 1090 3801 Sed
1104 3748 1154 3802 hic
1166 3766 1253 3805 amor

132 3844 220 3883 sexus
235 3838 281 3882 est
296 3829 419 3898 angelis,
432 3829 502 3898 quia
517 3838 562 3883 est
579 3829 635 3883 illis
652 3829 743 3881 modo
758 3843 842 3880 amor
857 3828 1042 3898 conjugialis,
1056 3837 1087 3880 et
1102 3827 1151 3882 bic
1166 3844 1254 3885 arnor

133 3923 194 3961 non
209 3907 316 3961 dabilis
331 3918 377 3961 est
395 3907 484 3960 simul
502 3923 571 3959 cum
590 3923 691 3961 amore
710 3922 798 3960 sexus
817 3907 947 3968 incasto;
966 3922 1051 3960 amor
1062 3922 1131 3960 vere
1146 3909 1254 3978 conju·

132 3984 218 4056 gialis
231 3996 277 4040 est
290 4002 374 4040 amor
386 3996 495 4047 castus,
508 3995 538 4040 et
552 3985 626 4038 nibil
641 4001 800 4038 commune
812 4001 880 4038 cum
895 4001 996 4039 amore
1015 3985 1131 4039 incasto
1145 3985 1254 4050 haben

132 4075 178 4119 est
194 4066 291 4119 solum
311 4065 402 4118 modo
421 4080 489 4118 cum
505 4080 564 4118 una
578 4080 615 4117 ex
634 4080 714 4124 sexu,
728 4064 851 4117 remotis
866 4065 1005 4118 omnibus
1019 4064 1092 4123 aliis.
1109 4075 1155 4118 est
1170 4066 1254 4120 enim

133 4158 217 4197 amor
230 4144 350 4214 spiritus
361 4154 391 4197 et
405 4144 474 4196 inde
487 4142 628 4212 corporis,
639 4153 670 4195 et
684 4158 742 4196 non
756 4158 840 4196 amor
849 4143 981 4211 corporis
995 4153 1025 4196 et
1039 4142 1108 4195 inde
1119 4143 1254 4212 spiritus,

134 4222 193 4276 hoc
205 4233 258 4283 est.
273 4239 333 4277 non
346 4238 431 4276 amor
444 4222 587 4276 infestans
599 4220 764 4290 spiritum.''

189 4301 245 4355 His
255 4301 372 4362 auditis,
381 4301 475 4370 gavisi
486 4311 558 4354 sunt
567 4300 841 4353 biniadolescentes
852 4299 965 4358 novitii,
974 4309 1005 4352 et
1013 4299 1161 4362 dixerunt,
1171 4308 1187 4328 ‘⁴
1200 4300 1255 4358 Est

134 4395 229 4451 usque
243 4380 282 4434 ibi
295 4397 379 4435 amor
390 4396 494 4444 sexus;
512 4379 584 4450 quid
598 4395 683 4434 arnor
694 4378 870 4448 conjugialis
886 4378 965 4431 aliud
974 4377 1005 4432 ?''
