2782 5026
391 429 443 482 DE
465 428 598 481 AMORE
620 427 939 497 comminui—N.
962 432 1031 499 133.
1213 433 1270 481 111

148 600 237 675 {inam
247 599 330 670 quod
342 610 426 655 amet
438 615 456 654 a
468 614 509 660 se,
519 609 550 654 et
562 598 659 670 sapiat
671 615 689 654 a
702 615 743 662 se,
754 615 806 655 seu
816 601 896 672 quod
909 601 1022 655 bonurn
1036 597 1109 655 velit
1122 607 1153 654 et
1165 615 1270 654 verum

155 678 294 750 ¹ntelligat
303 696 372 741 ase,
381 694 448 734 cum
457 688 558 734 tamen
566 695 604 734 ne
613 680 706 733 hilum
717 695 735 734 a
745 695 785 741 se.
795 681 847 734 sed
858 696 876 734 a
886 679 964 741 Deo:
980 680 1063 735 solus
1073 679 1155 734 Deus
1162 690 1244 734 amat
1254 696 1273 736 a

159 741 201 813 be,
212 769 240 813 et
251 759 331 829 sapit
343 775 363 812 a
376 757 424 820 Se,
434 758 505 828 quia
519 757 600 814 Deus
613 769 660 813 est
673 759 736 829 ipse
751 760 848 814 Amor
860 771 892 813 et
905 761 969 830 ipsa
982 759 1152 829 Sapientia;
1167 759 1273 813 simili·

163 831 226 916 ilde
236 854 286 892 seu
303 838 489 909 apparentia,
502 839 583 910 quod
595 854 681 893 amor
696 848 727 893 et
742 838 897 909 sapientia.
911 855 965 892 seu
981 840 1093 892 bonum
1110 848 1141 892 et
1157 854 1271 902 verum,

166 916 215 993 {lut
225 917 251 972 in
265 919 389 972 homine
402 918 481 972 sicut
493 920 566 989 ejus,
580 917 651 972 iacit
664 927 698 972 ut
711 918 804 972 homo
816 918 856 973 sit
869 918 970 977 homo.
982 929 1076 988 utque
1090 918 1187 987 possit
1199 933 1273 972 con·

169 996 234 1065 iungi
248 997 320 1059 Deo.
334 997 424 1052 etsie
441 997 542 1052 vivere
561 997 591 1051 in
611 1008 782 1060 aeternum:
804 1013 840 1052 ex
860 1014 921 1069 quo
936 997 1011 1059 fluit,
1025 998 1106 1068 quod
1120 997 1213 1052 homo
1231 997 1272 1052 sit

172 1061 244 1155 humo
256 1093 291 1131 ex
307 1092 353 1139 eo,
367 1077 449 1147 quod
466 1078 563 1146 possit
575 1078 652 1131 velle
667 1078 780 1131 bonum
798 1092 833 1132 ac
850 1077 1017 1149 intelligere
1029 1093 1136 1131 verum
1150 1093 1271 1147 prorsus

169 1156 228 1208 ¹¹cut
240 1172 306 1218 ase,
315 1167 348 1212 ct
362 1172 457 1226 usque
469 1157 545 1211 scire
557 1166 589 1211 et
601 1157 722 1211 credere
735 1157 817 1227 quod
830 1172 849 1211 a
861 1156 944 1219 Deo:
963 1172 1033 1211 nam
1047 1157 1126 1211 sicut
1140 1156 1200 1211 hoc
1212 1157 1271 1211 scit

167 1232 190 1278 tt
204 1237 300 1297 credit.
314 1236 401 1306 ponit
415 1235 498 1290 Deus
511 1236 670 1307 imaginem
684 1252 769 1290 suam
786 1236 815 1291 in
832 1236 972 1300 homine;
991 1237 1080 1291 aliter
1093 1237 1118 1291 si
1134 1237 1272 1291 crederet

162 1313 229 1372 quod
243 1331 302 1370 ase
314 1325 345 1369 et
359 1330 420 1370 non
435 1331 453 1369 a
469 1314 560 1370 Deo.”

199 1388 259 1448 His
270 1393 367 1457 dietis,
379 1395 552 1466 supervenit
567 1394 634 1449 illos
643 1395 725 1449 zelus
737 1410 774 1449 ex
787 1409 889 1449 amore
898 1395 1041 1457 veritatis,
1052 1411 1088 1450 ex
1101 1411 1163 1465 quo
1176 1394 1270 1449 locuti

151 1476 216 1524 sunt
233 1474 321 1530 haec:
340 1474 529 1547 “Quomodo
540 1487 640 1545 potest
651 1476 743 1550 bomo
753 1476 884 1545 recipere
894 1475 1007 1547 aliquid
1021 1476 1132 1530 amoris
1145 1486 1177 1530 et
1190 1475 1271 1545 sapi·

147 1549 254 1617 entiae,
266 1570 300 1609 ac
319 1555 449 1609 retinere
463 1555 545 1616 illud,
563 1571 598 1609 ac
612 1556 809 1625 reproducere
823 1555 904 1614 illud.
915 1555 970 1608 nisi
982 1555 1094 1610 sentiat
1104 1555 1177 1608 illud
1191 1556 1270 1609 sicut

144 1633 256 1688 ³¹¹¹¹mi
272 1645 302 1688 et
316 1634 472 1704 quomodo
484 1644 585 1705 potest
598 1633 772 1704 conjunctio
784 1635 848 1688 dari
861 1650 929 1688 cum
947 1633 1011 1688 Deo
1025 1650 1078 1704 per
1089 1650 1222 1688 amorem
1238 1645 1269 1689 et

140 1706 330 1775 sapientiam,
342 1714 399 1767 nisi
407 1715 514 1767 datum
525 1714 564 1768 sit
574 1713 689 1767 homini
700 1714 819 1783 aliquod
832 1714 1017 1783 reciprocum
1026 1713 1269 1782 conjunctionis?

139 1793 208 1839 nam
223 1795 333 1864 absque
342 1793 496 1863 reciproco
505 1792 587 1846 nulla
595 1791 769 1862 conjunciio
777 1793 883 1848 dabilis
891 1804 951 1854 est:
963 1804 995 1846 et
1003 1793 1187 1863 reciprocum
1196 1809 1268 1847 con·

135 1856 307 1947 iuncturis
319 1882 374 1933 est.
388 1873 470 1942 quod
487 1872 579 1927 homo
592 1883 672 1926 amet
688 1871 794 1934 Deum,
807 1882 838 1927 et
851 1873 947 1942 sapiat
961 1873 1010 1927 illa
1022 1888 1099 1942 quae
1115 1871 1171 1926 Dei
1188 1882 1267 1934 sunt,

135 1950 223 2027 ’ἰξυῖ
236 1967 253 2005 a
264 1967 303 2011 se.
317 1961 348 2005 et
360 1962 463 2006 tamen
474 1952 578 2006 credat
590 1952 671 2022 quod
685 1967 703 2005 a
717 1951 799 2006 Deo:
814 1962 879 2004 tum
893 1952 1046 2021 quomodo
1061 1961 1161 2021 potest
1174 1952 1268 2007 homo

134 2028 246 2084 ¹¹¹ere
261 2031 289 2084 in
305 2040 470 2091 aeternum,
484 2030 541 2085 nisi
555 2030 735 2100 conjunilus
747 2031 787 2085 sit
804 2030 870 2084 Deo
885 2030 1028 2085 aeterno?
1047 2042 1268 2102 consequenter

133 2105 399 2164 quomodohomo
407 2118 507 2179 potest
515 2125 580 2164 esse
589 2110 857 2180 homoabsqueilla
865 2109 1061 2164 similitudine
1074 2110 1128 2164 Dei
1138 2111 1167 2164 in
1176 2110 1227 2164 illo
1236 2110 1266 2165 ?'’

184 2179 255 2242 His
269 2189 380 2243 auditis
397 2187 534 2243 laverunt
550 2204 663 2250 omnes.
680 2198 712 2242 et
727 2189 875 2250 dixerunt,
891 2188 944 2243 frat
959 2191 1134 2244 conclusum
1153 2205 1189 2244 ex
1209 2190 1266 2251 his,

132 2249 192 2310 ¹¹00
207 2280 220 2318 t
238 2267 365 2322 “Homo
378 2278 426 2322 est
439 2269 658 2338 receptaculum
674 2267 738 2330 Dei,
751 2278 782 2322 et
798 2270 1018 2339 receptaculum
1034 2268 1088 2323 Dei
1104 2280 1151 2323 est
1167 2269 1267 2340 imago

132 2328 188 2390 Del
204 2361 218 2405 ε
237 2357 266 2402 et
278 2348 349 2419 quia
364 2347 448 2402 Deus
459 2357 505 2401 est
518 2348 582 2418 ipse
597 2348 693 2403 Amor
704 2357 735 2401 et
749 2348 813 2418 ipsa
828 2347 990 2418 Sapientia.
1000 2359 1048 2402 est
1060 2349 1154 2402 homo
1165 2364 1266 2418 recep·

130 2419 274 2481 ta<tulum
291 2427 429 2487 illorum:
454 2442 488 2480 ac
507 2427 727 2497 receptaculum
747 2427 780 2481 fit
800 2427 900 2497 imago
920 2427 976 2481 Dei
996 2428 1073 2483 sicut
1089 2427 1211 2498 recipit:
1235 2438 1266 2482 et

130 2504 228 2560 l¹¹0d
238 2507 329 2561 homo
338 2507 377 2562 sit
388 2507 554 2560 similitudo
566 2505 621 2560 Dei
632 2523 668 2560 ex
679 2522 724 2566 eo.
732 2507 813 2577 quod
823 2507 934 2560 sentiat
945 2507 973 2559 in
985 2523 1025 2567 se,
1035 2507 1116 2577 quod
1129 2506 1180 2560 illa
1189 2522 1266 2577 quae

129 2572 243 2658 ²‚Deo
254 2596 333 2647 sunt,
344 2587 406 2640 sint
420 2586 449 2639 in
464 2585 515 2640 illo
529 2586 606 2640 sicut
616 2587 689 2655 ejus.
703 2597 735 2639 at
747 2601 840 2655 usque
850 2586 931 2655 quod
946 2595 1063 2639 tantum
1077 2603 1114 2638 ex
1128 2586 1266 2640 similitu·

128 2649 213 2714 dlsse
230 2663 279 2719 illa
296 2667 337 2720 sit
353 2665 453 2735 imago
470 2664 534 2726 Dei,
550 2676 695 2735 quantum
711 2664 848 2735 agnoscit
863 2665 945 2735 quod
961 2680 1046 2718 amor
1061 2676 1091 2718 et
1106 2665 1263 2735 sapientia,

128 2742 184 2786 ³⁸¹¹
212 2745 322 2798 bonum
342 2755 373 2799 et
392 2760 505 2806 verum,
519 2760 578 2797 non
594 2744 656 2798 sint
675 2744 704 2798 in
725 2744 776 2799 illo
791 2744 864 2814 ejus,
877 2755 908 2798 et
927 2744 996 2798 inde
1012 2760 1067 2798 nec
1085 2746 1123 2799 ab
1138 2745 1198 2807 illo,
1212 2746 1264 2800 sed

126 2807 240 2876 ⁸⁰lum
255 2824 284 2878 in
300 2823 375 2883 Deo,
389 2832 420 2877 et
434 2823 503 2878 inde
516 2839 534 2877 a
549 2822 642 2878 De0.¹’

187 2907 279 2973 133.
306 2902 381 2957 Post
401 2903 474 2957 haec
493 2902 619 2957 aiterum
636 2900 787 2972 objeilum
806 2902 1013 2956 ventilationis
1028 2913 1263 2973 assumpserunt.

127 2965 202 3024 cl‘?
218 2984 296 3036 homo
311 3000 367 3037 non
382 2986 517 3037 nascitur
528 2986 562 3036 in
574 2985 724 3036 scientiam
740 2982 829 3036 ullius
841 2985 956 3043 arnorr's.
970 2999 1034 3036 cum
1050 2991 1148 3037 tamen
1160 2984 1266 3037 bestrae

126 3052 148 3098 ‘l
160 3070 253 3121 aves.
262 3071 324 3117 tam
338 3063 443 3117 nobiles
452 3079 539 3132 quam
552 3063 694 3133 t‘grnobr'les,
704 3067 866 3115 nascuntur
874 3064 905 3114 in
917 3065 1053 3116 scientias
1061 3066 1189 3116 omnium
1202 3079 1264 3116 suo-

128 3141 211 3189 met
228 3159 367 3196 amorum.
406 3141 540 3196 Primum
559 3142 715 3196 veritatem
742 3142 955 3211 propositionis
971 3142 1191 3196 confirmabant
1211 3159 1265 3212 per

129 3215 240 3297 lma:
257 3231 290 3275 ut
302 3222 341 3276 de
355 3221 485 3282 homine.
496 3220 578 3293 quod
592 3231 731 3276 nascatur
743 3221 772 3274 in
787 3221 898 3274 nullam
913 3221 1078 3283 scientiam,
1092 3238 1128 3274 ne
1142 3222 1263 3292 quidem

133 3301 159 3338 ¹¹¹
184 3299 343 3355 scientiam
359 3301 472 3355 amoris
486 3300 680 3372 conjugialis;
699 3309 730 3354 et
747 3299 972 3370 inquisiverunt,
988 3310 1019 3354 et
1037 3317 1055 3355 a
1072 3301 1264 3356 rimatoribus

136 3373 327 3440 audiverunt.
340 3381 423 3451 quod
447 3379 544 3434 inians
563 3394 601 3433 ne
621 3378 742 3449 quidem
765 3395 802 3432 ex
823 3391 954 3433 connata
972 3381 1099 3434 scientia
1114 3391 1205 3450 queat
1225 3381 1262 3434 ad

139 3446 222 3509 uber
232 3460 330 3514 matris
343 3468 440 3514 semet
452 3459 621 3519 admovere,
635 3458 687 3511 sed
707 3458 788 3528 quod
809 3474 827 3512 a
845 3470 939 3513 matre
958 3475 1010 3512 seu
1031 3460 1146 3513 nutrice
1159 3460 1264 3513 admo·

143 3537 258 3592 sendus
275 3539 331 3600 sit;
356 3548 387 3592 et
407 3538 489 3607 quod
505 3538 596 3592 modo
608 3538 684 3592 sciat
696 3536 836 3608 ¹¹¹sugere.
850 3549 881 3593 et
899 3539 980 3608 quod
1001 3538 1058 3592 hoc
1074 3538 1207 3592 hauserit
1225 3555 1262 3592 ex

148 3615 283 3672 continua
294 3616 433 3673 suflione
452 3617 482 3670 in
502 3628 605 3679 utero;
627 3626 658 3671 et
677 3617 759 3687 quod
780 3628 885 3687 postea
898 3634 957 3671 non
971 3618 1045 3672 sciat
1058 3618 1185 3688 gradiri:
1208 3632 1263 3671 nec

151 3689 295 3750 articulare
314 3713 423 3751 sonum
444 3697 473 3751 in
493 3698 624 3767 aliquam
643 3712 749 3751 vocem
769 3696 945 3759 humanam
971 3697 1063 3750 immo
1083 3713 1138 3751 nec
1156 3712 1263 3751 sonare

156 3763 329 3830 allectionem
344 3776 390 3829 sui
410 3777 529 3838 amoris,
543 3777 621 3831 sicut
635 3777 766 3830 bestiae:
792 3786 822 3829 et
842 3792 939 3846 porro,
953 3777 1033 3846 quod
1048 3792 1105 3829 non
1120 3777 1195 3830 sciat
1208 3777 1263 3829 ali-

160 3858 237 3910 ¹l¹¹³m
252 3855 423 3910 alimoniam
442 3856 498 3910 sibi
518 3856 746 3917 conducibilem,
760 3855 838 3910 sicut
856 3872 961 3909 omncs
974 3856 1094 3916 bestiae,
1108 3856 1160 3910 sed
1180 3855 1261 3926 quod

163 3924 263 3997 ⁸¹¹¹plat
279 3935 412 3997 obvium.
432 3935 494 3990 sive
523 3935 562 3989 sit
582 3936 729 3989 mundum
749 3936 813 3990 sive
833 3934 1029 3996 immundum,
1050 3946 1080 3989 et
1101 3935 1209 3989 inierat
1231 3935 1261 3988 in

165 4000 273 4069 buccam.
311 4015 483 4069 Rimatores
500 4014 650 4076 dixerunt,
666 4016 746 4085 quod
764 4015 857 4069 homo
876 4014 988 4084 absque
1004 4013 1206 4075 instructione,
1224 4029 1262 4068 ne

166 4082 262 4169 quidem
276 4095 351 4149 sciat
369 4094 540 4148 discernere
555 4109 668 4152 sexum.
681 4105 713 4146 et
731 4110 854 4164 prorsus
873 4094 946 4148 nihil
967 4094 1004 4148 de
1024 4093 1121 4147 modis
1139 4093 1261 4147 amandi

168 4156 245 4230 mum:
260 4183 288 4227 et
297 4174 378 4244 quod
392 4173 449 4227 hos
462 4189 500 4227 ne
513 4173 634 4244 quidem
646 4172 778 4243 virgines
790 4184 822 4228 et
834 4174 959 4244 juvenes
969 4174 1081 4243 absque
1091 4172 1260 4228 eruditione

168 4236 198 4328 ll)
207 4245 266 4310 aliis.
278 4252 398 4307 tametsi
415 4251 444 4306 in
461 4253 558 4308 varias
570 4252 711 4307 scientias
723 4253 843 4306 educati
859 4262 937 4307 sunt.
975 4252 1075 4305 Verbo
1088 4251 1180 4305 homo
1193 4267 1261 4306 nas·

168 4328 228 4399 §¹¹¹1r
237 4343 391 4402 corporeus
406 4331 485 4386 sicut
499 4332 624 4394 vermis3
644 4341 676 4386 et
692 4341 794 4386 manet
809 4346 978 4400 corporeus,
992 4330 1049 4384 nisi
1064 4329 1161 4384 discat
1176 4330 1259 4392 scire.

171 4402 356 4479 intelligerem
374 4426 480 4482 sapere
498 4426 534 4467 ex
552 4410 627 4467 aliis.
665 4409 740 4465 Post
758 4411 832 4465 haec
850 4409 1075 4471 confirmabant,
1093 4410 1176 4480 quod
1194 4410 1261 4466 bes·
