2782 5026
354 457 404 507 DE
427 456 563 508 AMORE
586 456 906 524 CONJUGlAL1.-N.
927 459 998 525 270.
1170 459 1233 524 213

108 622 212 694 spiritu
225 624 386 689 diabolus;
404 641 472 681 nam
486 624 517 681 in
530 641 655 697 corpore
668 643 733 682 sum
748 626 778 680 in
792 624 955 688 intelleilu,
970 626 999 680 in
1012 624 1119 696 spiritu
1132 635 1233 680 autem

107 710 171 760 sum
186 705 217 759 in
229 706 401 769 voluntate,
414 722 449 761 ac
462 705 632 762 intelledlus
645 724 692 762 me
705 706 763 762 lert
775 723 902 770 sursum,
915 716 947 761 at
961 706 1101 760 voluntas
1114 722 1163 760 me
1176 705 1235 760 lert

108 785 265 849 deorsumt
291 797 412 842 etcum
432 787 462 841 in
482 785 635 842 intelletlu
654 804 729 849 sum,
749 787 901 858 cingulum
921 787 1022 841 album
1041 785 1234 841 circumvelat

108 875 198 937 caput
211 883 333 931 meum;
352 876 384 921 at
399 867 470 921 dum
485 864 655 922 intelleiius
669 883 702 923 se
715 883 836 938 prorsus
848 866 1018 936 emancipat
1030 865 1189 928 voluntati,
1203 877 1235 921 et

108 944 141 1001 fit
150 946 225 1017 ejus,
232 945 317 1016 quod
328 956 375 1001 est
384 962 449 1002 sors
459 956 562 1001 nostra
571 946 684 1009 ultima,
694 957 767 1001 tunc
778 947 920 1018 nigrescit
927 945 1088 1016 cingulum,
1097 961 1132 1000 ac
1142 946 1234 1015 perit:

107 1040 168 1096 quo
177 1023 260 1081 latio
272 1042 335 1081 non
346 1041 505 1096 possumus
514 1027 645 1096 amplius
658 1026 688 1080 in
701 1026 798 1081 lucem
810 1026 886 1080 hanc
896 1025 1085 1080 ascendere.”
1122 1024 1234 1080 Postea

108 1106 146 1160 de
159 1104 273 1176 duplici
287 1121 343 1160 suo
356 1115 445 1168 statu,
458 1115 583 1160 externo
593 1115 624 1160 et
637 1105 764 1168 interno,
778 1105 897 1160 locutus
909 1115 956 1160 est
969 1105 1036 1176 plus
1049 1104 1234 1159 rationaliter

108 1201 198 1255 quam
212 1185 323 1255 aliquis
337 1184 428 1239 alter:
446 1185 500 1240 sed
515 1185 624 1245 subito,
637 1201 706 1239 cum
721 1185 799 1239 vidit
814 1184 939 1255 angelos
952 1184 1033 1254 apud
1048 1199 1103 1246 me,
1117 1183 1233 1238 inflam-

109 1275 209 1318 matus
224 1274 271 1319 est
286 1264 362 1319 iacie
377 1277 409 1319 et
422 1281 506 1327 voce,
523 1274 554 1318 et
572 1263 669 1319 lacius
684 1275 731 1318 est
747 1264 839 1334 niger,
855 1264 945 1318 etiam
962 1263 1062 1333 quoad
1078 1263 1232 1335 cingulum

108 1344 221 1398 circum
236 1354 344 1416 caput;
362 1355 393 1399 et
408 1360 461 1414 per
472 1354 650 1414 aperturam,
665 1360 718 1414 per
732 1359 821 1414 quam
834 1343 970 1405 surrexit,
984 1344 1124 1413 delapsus
1139 1352 1185 1398 est
1202 1343 1232 1396 in

109 1421 270 1478 infernum.

162 1502 329 1557 Adstantes
342 1518 378 1556 ex
392 1501 450 1558 illis
463 1502 535 1557 visis
548 1501 683 1556 iecerunt
695 1501 753 1555 hoc
766 1501 948 1564 conclusum,
961 1502 1043 1572 quod
1058 1501 1151 1556 homo
1162 1500 1232 1556 talis

108 1581 148 1636 sit
160 1581 260 1653 qualis
272 1591 318 1636 est
333 1581 397 1652 ejus
410 1597 502 1643 amor,
515 1591 546 1636 et
561 1597 622 1635 non
635 1580 733 1651 qualis
745 1591 792 1635 εει
806 1581 871 1651 ejus
885 1579 1068 1643 intellectus:
1087 1581 1231 1653 quoniam

108 1675 194 1715 amor
209 1659 394 1714 intelleilum
408 1660 494 1715 iacile
507 1658 605 1714 aulert
619 1661 648 1713 in
662 1676 731 1715 suas
744 1670 844 1730 partes
856 1670 887 1714 et
896 1661 1075 1731 emancipat.

159 1739 247 1794 Tunc
260 1740 393 1809 quaesivi
405 1739 537 1810 angelos,
551 1747 567 1768 ⁶·
576 1738 665 1794 Unde
677 1740 748 1794 talis
760 1739 946 1794 rationalitas
958 1750 1004 1794 est
1017 1738 1183 1795 diabolis?”

161 1817 201 1873 Et
213 1819 363 1881 dicebant,
376 1827 392 1847 ‘⁶
403 1818 456 1873 Est
468 1835 506 1873 ex
517 1819 614 1889 gloria
626 1819 737 1874 amoris
749 1819 803 1880 sui,
817 1835 885 1873 nam
899 1835 984 1873 amor
993 1819 1039 1873 sui
1052 1819 1229 1874 circumcin-

108 1898 190 1970 gitur
201 1897 307 1970 gloria,
320 1908 351 1953 et
365 1898 460 1968 gloria
472 1898 571 1952 elevat
584 1896 770 1953 intellectum
781 1915 877 1969 usque
893 1898 922 1952 in
938 1899 1035 1953 iucem
1050 1899 1142 1961 caeli:
1161 1916 1230 1953 nam

108 1975 280 2032 intelletlus
299 1979 378 2047 apud
398 1978 630 2049 unumquemvis
648 1977 802 2032 hominem
821 1978 975 2033 elevabilis
992 1988 1040 2032 est
1063 1979 1230 2033 secundum

108 2056 307 2129 cognitiones,
326 2057 379 2112 sed
398 2073 458 2111 non
478 2057 619 2111 voluntas
638 2057 695 2110 nisi
714 2072 768 2126 per
785 2056 878 2111 vitam
898 2058 1063 2111 secundum
1087 2058 1231 2114 ecclesiae

108 2146 138 2192 et
157 2135 286 2192 rationis
307 2152 394 2200 vera;
419 2135 489 2191 inde
510 2146 565 2198 εει,
578 2138 658 2206 quod
688 2136 744 2207 ipsi
763 2135 854 2198 athei,
877 2136 928 2207 qui
957 2137 986 2191 in
1013 2137 1109 2208 gloria
1133 2136 1230 2193 lamae

108 2227 177 2271 sunt
195 2232 234 2271 ex
252 2232 355 2270 amore
373 2215 428 2278 sui,
443 2225 475 2270 et
494 2215 563 2270 inde
579 2214 657 2270 lastu
678 2215 816 2286 propriae
835 2215 1060 2287 intelligentiae,
1079 2217 1230 2287 gaudeant

108 2295 312 2351 rationalitate
331 2295 512 2359 sublimiore,
530 2311 620 2366 quam
639 2295 726 2349 multi
745 2295 811 2357 alii:
838 2295 891 2350 sed
912 2306 985 2350 tunc
1004 2310 1072 2349 cum
1099 2295 1128 2349 in
1147 2297 1230 2367 cogi·

108 2375 223 2430 tatione
236 2375 407 2430 intellectus
420 2385 499 2436 sunt,
513 2390 573 2428 non
586 2385 686 2429 autem
700 2391 767 2429 cum
782 2375 811 2428 in
825 2373 986 2429 allectione
998 2375 1179 2438 voluntatis:
1198 2387 1229 2430 et

108 2453 227 2510 allectio
251 2455 417 2509 voluntatis
436 2454 571 2524 possidet
587 2454 737 2508 internum
763 2454 902 2516 hominis,
921 2464 953 2509 at
977 2454 1123 2526 cogitatio
1142 2455 1229 2509 intel·

108 2532 200 2590 letius
212 2544 371 2589 externum
385 2533 476 2604 ejus.'’
514 2533 609 2588 Porro
623 2533 699 2587 dixit
711 2533 835 2604 angelus
847 2549 976 2595 causam,
986 2550 1040 2587 cur
1052 2534 1144 2588 homo
1157 2550 1229 2589 con·

109 2613 195 2668 flatus
214 2622 262 2668 est
278 2629 316 2667 ex
334 2613 429 2667 tribus
444 2611 623 2684 supradietis
638 2613 799 2674 amoribus,
814 2613 956 2667 videlicet
974 2629 1010 2668 ex
1028 2629 1130 2667 amore
1148 2628 1228 2674 usus.

108 2708 259 2748 examore
272 2692 384 2755 mundi,
394 2702 426 2747 et
438 2709 475 2747 ex
487 2692 661 2754 amurcam:
680 2702 820 2762 quaeest,
833 2702 869 2747 ut
882 2692 974 2747 homo
983 2692 1097 2763 cogitet
1106 2709 1143 2747 ex
1154 2691 1228 2754 Deo,

109 2772 225 2828 tametsi
251 2773 330 2827 sicut
354 2788 391 2826 ex
414 2788 461 2827 se:
492 2771 569 2825 dixit
584 2771 666 2842 quod
693 2787 834 2841 suprema
857 2771 888 2824 in
913 2771 1034 2827 homine
1058 2788 1144 2827 versa
1167 2772 1229 2827 sint

110 2867 223 2907 sursum
240 2852 278 2906 ad
294 2851 400 2912 Deum,
414 2852 513 2906 media
525 2851 692 2906 extrorsum
705 2850 743 2904 ad
757 2851 911 2913 mundum,
924 2866 959 2905 ac
973 2850 1075 2906 infima
1087 2851 1226 2906 deorsum

109 2932 144 2985 ad
155 2947 188 2987 se
198 2949 205 2994 ς
221 2941 253 2985 et
263 2929 333 3001 quia
343 2930 417 2986 haec
427 2947 513 2986 versa
521 2941 593 2986 sunt
602 2931 751 2993 deorsum,
761 2929 875 3001 cogitat
885 2929 977 2986 homo
985 2931 1064 2987 sicut
1075 2946 1094 2985 a
1104 2946 1145 2995 se,
1158 2946 1227 2986 cum

110 3022 208 3066 tamen
220 3027 240 3066 a
254 3009 328 3065 Deo.

109 3145 204 3216 ηε.
225 3132 383 3196 Tertium
402 3131 627 3195 Memorabile
641 3151 696 3195 :—

157 3250 300 3325 Quodam
311 3267 398 3306 mane
408 3260 478 3320 post
490 3266 629 3305 somnum
641 3249 833 3320 profundavit
846 3266 878 3305 se
891 3249 1036 3322 cogitatio
1050 3267 1116 3306 mea
1130 3250 1160 3306 in
1173 3253 1227 3307 ali-

109 3348 164 3403 qua
173 3347 284 3387 arcana
292 3330 403 3385 amoris
414 3330 601 3400 coniugialis,
611 3341 642 3384 ει
652 3329 774 3384 demum
787 3330 815 3383 in
827 3330 892 3393 hoc,
902 3338 917 3359 ¹·
925 3331 963 3384 In
973 3347 1101 3400 quanam
1112 3334 1228 3403 regione

109 3415 208 3466 nentis
219 3411 368 3464 humanae
379 3409 483 3463 residet
494 3426 579 3463 arnor
585 3426 652 3462 vere
663 3410 847 3480 conjugialti,
857 3415 886 3462 c!
897 3410 965 3463 ritde
978 3411 1010 3462 in
1023 3426 1151 3479 quanam
1157 3413 1225 3482 sri-

108 3509 158 3563 gut
168 3489 374 3563 conj'ugtialet”
405 3489 483 3544 Scivi
496 3489 578 3560 quod
589 3489 725 3560 regiones
738 3489 847 3544 mentis
860 3489 1008 3544 humanae
1018 3490 1079 3544 sint
1087 3501 1156 3552 tres.
1167 3507 1227 3546 una

109 3587 195 3641 supra
206 3572 350 3632 alteram;
368 3579 398 3624 et
413 3568 495 3640 quod
511 3568 541 3623 in
557 3568 659 3623 infima
671 3569 793 3640 regione
805 3568 923 3623 habitet
936 3569 1078 3624 naturalis
1090 3586 1182 3632 amor,
1197 3572 1227 3624 in

109 3652 258 3723 superiore
271 3649 434 3720 spiritualis
450 3659 583 3711 amor,et
600 3649 629 3703 in
645 3665 785 3719 suprema
797 3649 934 3704 caelestis
949 3665 1040 3712 amor,
1051 3659 1083 3705 et
1097 3651 1179 3722 quod
1196 3651 1226 3704 in

109 3730 269 3801 unaquavis
280 3730 401 3800 regione
411 3729 450 3783 sit
457 3729 630 3800 conjugium
639 3728 710 3783 boni
719 3739 751 3783 et
760 3730 823 3784 veri
832 3747 843 3792 ;,
854 3740 884 3784 ει
892 3728 962 3801 quia
969 3731 1081 3785 bonum
1090 3740 1137 3784 est
1144 3746 1227 3784 amo·

110 3810 152 3873 ris,
162 3821 194 3865 et
203 3825 307 3865 verum
318 3819 364 3863 est
374 3808 547 3878 sapientiae,
558 3808 640 3879 quod
655 3808 685 3863 in
695 3810 861 3880 unaquavis
872 3809 994 3881 regione
1004 3810 1043 3864 sit
1052 3809 1225 3880 conjugium

109 3891 214 3947 moris
223 3901 255 3946 et
267 3889 450 3959 sapientiae;
468 3899 500 3944 et
512 3889 593 3959 quod
607 3889 847 3961 hocconjugium
861 3891 900 3945 sit
913 3891 993 3946 idem
1005 3907 1073 3945 cum
1084 3891 1227 3962 conjugio

111 3969 269 4026 voluntatis
280 3979 312 4024 et
322 3966 499 4030 intelletlus,
509 3968 650 4040 quoniam
661 3970 802 4024 voluntas
815 3981 862 4026 est
874 3971 1095 4042 receptaculum
1106 3971 1226 4033 amoris,

111 4065 141 4106 tc
152 4048 325 4107 intellectus
338 4050 558 4120 receptaculum
572 4049 745 4119 sapientiae.
1225 4075 1226 4079 ,

157 4131 235 4189 Cum
249 4133 279 4187 in
293 4132 446 4203 profundo
459 4133 549 4205 hujus
561 4134 755 4204 cogitationis
768 4148 857 4195 eram,
868 4148 937 4187 ecce
949 4131 1012 4187 vidi
1026 4131 1103 4187 duos
1112 4145 1225 4203 cygnos

113 4213 241 4270 volantes
250 4230 357 4269 versus
367 4214 611 4284 septentrionem,
622 4224 653 4269 et
665 4229 736 4269 mox
746 4214 821 4268 duas
830 4229 901 4268 aves
912 4211 1110 4283 paradisiacas
1119 4211 1225 4266 volan-

114 4300 152 4347 tes
160 4309 266 4349 versus
275 4293 440 4356 meridiem,
451 4303 482 4349 et
494 4310 615 4366 quoque
625 4293 702 4348 duos
712 4302 844 4348 turtures
853 4292 990 4347 volantes
1004 4291 1033 4345 in
1044 4290 1175 4353 oriente:
1194 4302 1225 4346 et

116 4385 173 4429 tum
186 4384 310 4431 secutus
325 4370 445 4442 aspei‘tu
461 4373 588 4437 volatus,
604 4373 666 4428 vidi
681 4373 762 4444 quod
782 4372 844 4427 bini
862 4372 951 4443 cygni
966 4369 1121 4427 fletierent
1139 4386 1224 4426 suam

119 4453 183 4511 dam
197 4470 216 4512 a
233 4453 441 4526 septentrione
456 4455 495 4510 ad
510 4455 667 4518 orientem,
682 4453 821 4509 similiter
836 4453 923 4509 binae
937 4469 1009 4508 aves
1025 4450 1225 4524 paradisiacae
