2782 5026
209 445 273 511 340
541 444 790 498 votumarus
813 447 999 501 msanma

207 614 332 677 laisum;
357 614 448 685 hujus
467 615 509 670 rei
528 617 632 670 eadem
652 627 698 671 est
719 633 818 679 causa.
838 618 989 682 nimirum,
1007 620 1081 692 quia
1098 637 1205 678 omnes
1225 623 1272 695 qui
1293 623 1318 677 in

206 693 327 751 inierno
339 705 419 756 sunt,
431 704 572 750 avertunt
585 712 617 750 sc
630 712 648 750 a
662 695 821 752 Domino.'’

263 773 320 829 His
334 774 454 835 auditis.
470 776 532 829 duo
548 775 590 829 illi
606 777 704 847 angeli
719 777 832 848 gratias
845 787 981 848 egerunt,
996 787 1029 834 et
1043 779 1197 843 dixerunt,
1233 779 1324 853 “Quia

208 869 289 908 nunc
300 854 453 909 meditaris
463 864 494 908 et
506 854 613 909 scribis
625 855 664 910 de
676 871 778 910 amore
788 857 882 912 amori
894 868 999 912 nostro
1007 859 1174 930 conjugiali
1184 862 1325 931 opposito,

206 947 243 988 ac
255 933 429 1002 oppositum
443 933 486 988 illi
501 934 596 989 amori
611 935 773 989 contristat
786 946 902 991 mentes
915 947 1043 999 nostras,
1057 939 1237 994 abibimus.”

263 1010 382 1066 Etcum
396 1012 544 1075 dixerunt.
558 1021 574 1041 ‘¹
585 1013 648 1068 Pax
660 1014 743 1075 tibi,”
757 1015 829 1085 petii
843 1032 881 1070 ne
895 1016 1008 1087 aliquid
1022 1018 1062 1071 de
1078 1017 1139 1072 hoc
1153 1034 1257 1073 amore
1269 1035 1328 1072 nar·

207 1101 275 1146 rent
284 1090 424 1148 fratribus
434 1101 465 1146 et
474 1093 628 1149 sororibus
635 1094 697 1149 suis
710 1094 741 1149 in
753 1094 846 1157 caelo,
855 1095 927 1166 quia
938 1094 1040 1150 laedet
1051 1096 1259 1153 innocentiam
1272 1098 1330 1153 illo·

209 1186 284 1225 rum.

261 1248 352 1320 Quod
372 1249 422 1311 illi.
443 1250 495 1321 qui
516 1251 684 1306 moriuntur
703 1250 842 1314 infantes,
861 1252 1036 1308 adolescant
1056 1253 1086 1308 in
1108 1254 1206 1316 caelo.
1219 1264 1250 1311 et
1268 1272 1331 1310 cum

207 1329 363 1399 attingunt
380 1329 418 1383 ad
443 1339 589 1384 staturam
619 1331 649 1384 in
668 1347 729 1402 qua
748 1332 777 1385 in
797 1331 912 1387 mundo
930 1343 1000 1386 sunt
1017 1333 1147 1403 juvenes
1165 1333 1330 1390 octodecim

207 1422 363 1470 annorum,
377 1424 412 1463 ac
424 1409 555 1479 virgines
567 1410 739 1480 quindecim
750 1427 905 1472 annorum,
916 1411 946 1466 in
961 1412 1010 1466 illa
1021 1413 1201 1475 subsistant.
1211 1423 1245 1469 et
1256 1414 1331 1485 quod

206 1502 226 1542 a
239 1485 372 1541 Domino
384 1498 458 1543 tunc
471 1488 529 1543 illis
542 1489 764 1559 prospiciantur
774 1490 932 1561 conjugia;
949 1501 1015 1545 tum
1026 1492 1111 1562 quod
1126 1491 1178 1554 illi,
1191 1504 1255 1548 tam
1268 1503 1333 1547 ante

207 1566 382 1636 conjugium
399 1582 487 1637 quam
505 1579 574 1638 post
590 1567 672 1630 illud,
689 1569 777 1638 plane
792 1569 927 1624 nesciant
941 1570 1015 1641 quid
1030 1571 1190 1635 scortatio,
1206 1583 1239 1628 et
1256 1572 1332 1644 quod

208 1646 317 1701 dabilis
329 1646 378 1710 sit,
392 1662 447 1716 pro
458 1658 544 1702 certo
556 1663 726 1703 asseverare
739 1664 871 1719 possum.

615 1924 918 1939 ἡ

695 2132 822 2221 [xus]

573 2324 631 2389 Du
655 2325 965 2390 Fonmcmonr.

270 2523 499 2594 444[secunn].
522 2508 585 2573 Per
606 2508 869 2573 fornicationem
891 2508 1099 2592 intelligitur
1117 2510 1228 2576 libido
1250 2512 1330 2577 ado·

206 2604 371 2669 lescentis
390 2626 450 2669 seu
465 2605 598 2687 juvenis
617 2624 694 2667 cum
712 2605 839 2668 femina
852 2605 996 2667 moecha
1014 2616 1096 2669 ante
1113 2606 1328 2688 conjugium

207 2700 314 2764 libido
332 2712 449 2765 autem
473 2720 549 2763 cum
572 2700 698 2764 femina
721 2720 789 2762 non
810 2700 966 2773 moecha,
985 2698 1051 2762 hoc
1075 2709 1142 2774 est,
1164 2721 1243 2764 cum
1267 2703 1329 2765 vir·

207 2797 287 2878 gine
307 2806 366 2859 aut
390 2816 466 2860 cum
490 2816 598 2859 uxore
618 2796 771 2870 alterius,
789 2815 857 2858 non
881 2804 935 2859 est
958 2795 1151 2869 fornicatio,
1172 2798 1235 2859 sed
1255 2815 1328 2860 cum

205 2891 338 2973 virgine
356 2901 409 2955 est
426 2901 592 2973 stuprum,
610 2900 645 2954 et
666 2910 742 2954 cum
759 2911 867 2955 uxore
883 2889 1023 2954 alterius
1039 2899 1094 2953 est
1110 2890 1328 2954 adulterium.

208 2985 394 3068 Quomodo
412 2985 497 3050 haec
518 2987 587 3049 duo
606 2987 737 3050 distant
757 3007 777 3050 a
794 2984 1034 3059 fornicatione,
1054 3004 1122 3047 non
1143 2993 1264 3067 potest
1287 2985 1329 3050 ab

207 3081 278 3143 ullo
297 3082 457 3144 rationali
475 3082 592 3155 videri,
614 3082 678 3144 nisi
697 3082 881 3162 perspiciat
901 3098 1056 3144 amorem
1076 3100 1183 3143 sexus
1205 3080 1243 3144 in
1264 3081 1331 3144 suis

206 3179 369 3260 gradibus
393 3188 429 3240 et
451 3178 720 3251 diversitatibus,
741 3186 777 3240 et
800 3177 845 3240 ab
867 3197 934 3239 una
956 3184 1053 3258 parte
1077 3175 1149 3257 ejus
1172 3184 1273 3240 casta
1294 3185 1329 3239 et

206 3275 250 3337 ab
273 3274 384 3337 altera
407 3272 478 3354 ejus
502 3274 645 3346 incasta,
670 3292 710 3335 ac
735 3273 909 3354 dispescat
934 3280 1112 3353 utramque
1134 3281 1274 3353 partem
1297 3272 1329 3333 in

206 3391 335 3454 genera
351 3379 387 3433 et
405 3370 438 3431 in
455 3370 596 3450 species,
611 3377 645 3430 et
661 3369 708 3430 sic
725 3367 937 3448 distinguat:
962 3366 1086 3448 alioqui
1102 3365 1137 3428 in
1154 3365 1331 3447 cujusdam

206 3467 283 3530 idea
307 3485 375 3528 uon
399 3474 538 3528 exstare
563 3473 680 3545 potest
705 3463 886 3526 discrimen
910 3463 1000 3526 inter
1022 3470 1154 3525 castum
1186 3460 1267 3545 plus
1296 3472 1333 3524 et

206 3564 329 3636 minus,
346 3572 383 3625 et
403 3561 491 3624 inter
508 3561 677 3622 incastum
695 3556 771 3640 plus
788 3567 823 3621 et
840 3558 969 3636 minus;
993 3566 1029 3620 et
1046 3557 1176 3639 absque
1191 3557 1246 3621 his
1263 3559 1332 3621 dis·

206 3656 428 3722 tinctionibus
448 3655 535 3737 perit
552 3656 665 3716 omnis
681 3653 815 3726 relatio,
830 3662 865 3716 et
885 3671 962 3715 cum
980 3651 1044 3714 hac
1062 3652 1278 3732 perspicacia
1295 3652 1330 3714 in

205 3754 306 3817 rebus
322 3752 448 3834 judicii,
468 3772 509 3814 ac
529 3749 715 3813 involvitur
732 3745 930 3812 intelledtus
950 3745 1011 3808 tali
1030 3745 1182 3819 umbrae,
1202 3755 1332 3809 utnon

206 3850 292 3912 sciat
315 3846 549 3911 discriminare
577 3845 840 3907 fornicationem
871 3841 915 3904 ab
944 3839 1124 3916 adulterio,
1148 3850 1186 3905 et
1218 3842 1333 3904 minus

205 3943 316 4007 adhuc
327 3941 562 4006 fornicationis
576 3939 672 4003 mitia
684 3960 703 4001 a
717 3938 876 4021 gravibus
889 3935 971 4016 ejus,
983 3935 1139 3998 similiter
1149 3935 1311 3999 adulterii
1323 3957 1331 4014 3

206 4039 254 4102 sic
283 4040 406 4102 miscet
429 4036 530 4111 mala,
554 4046 591 4100 et
619 4055 664 4098 ex
692 4033 836 4097 diversis
862 4030 944 4094 facit
971 4048 1076 4093 unum
1099 4027 1330 4113 pulmentum,

206 4145 242 4198 et
273 4156 318 4197 ex
345 4133 489 4197 diversis
512 4132 612 4196 bonis
635 4148 737 4192 unam
760 4137 905 4211 pastam.
950 4125 1002 4189 Ut
1031 4144 1116 4206 ergo
1138 4123 1331 4190 distindtirn

206 4239 369 4293 noscatur
392 4247 487 4291 amor
505 4247 609 4290 sexus
628 4224 741 4309 quoad
764 4223 859 4286 illam
877 4230 1012 4304 partem
1030 4240 1097 4302 qua
1119 4219 1268 4285 inclinat
1294 4232 1331 4284 et

207 4324 425 4406 progreditur
454 4323 496 4385 ad
528 4340 680 4384 amorem
704 4317 945 4382 scortatorium
969 4333 1108 4396 prorsus
1130 4315 1330 4398 oppositum

207 4421 315 4483 amori
345 4418 540 4501 conjugiali,
570 4416 723 4498 expedit,
752 4422 789 4478 ut
816 4410 1017 4497 principium
1046 4407 1130 4491 ejus,
1154 4412 1249 4495 quod
1275 4420 1332 4476 est
