2782 5026
131 419 190 484 128
476 429 658 481 saumas
681 429 912 481 semanima

127 620 145 661 e
156 614 212 660 tuo
225 601 339 658 mundo
352 600 502 663 hauriunt,
515 616 591 672 quas
604 611 701 656 status
714 600 898 657 mutationes
910 608 943 656 et
954 601 1163 660 successiones
1175 601 1297 660 subi‘

127 694 212 739 verat
221 694 253 738 et
265 683 364 737 adhuc
374 682 455 737 subit
464 681 620 751 sapientia,
630 680 655 735 si
666 680 711 736 vis
722 681 868 735 deducam
879 691 911 736 te
919 682 958 736 ad
969 682 1080 743 locum.
1091 684 1143 737 ubi
1156 685 1297 754 plures

127 779 165 819 ex
177 763 305 818 vetustis
317 761 429 832 sophis.
443 771 474 815 et
488 760 604 815 illorum
619 759 697 820 liliis.
710 760 768 815 hoc
781 771 835 821 est.
849 760 1005 832 discipulis
1018 762 1186 817 habitant”

182 841 220 897 Et
233 840 358 895 deduxit
371 856 418 894 me
432 840 462 893 in
475 838 639 893 confinium
655 839 733 894 inter
745 840 982 910 septentrionem
996 851 1028 895 et
1041 840 1206 901 orientem:
1223 852 1289 897 eu

127 921 200 975 dum
214 937 230 975 e
243 921 311 975 loco
324 919 408 975 edito
422 919 493 973 illuc
506 919 653 989 prospexi,
667 934 736 973 ecce
751 919 816 974 visa
828 930 875 974 est
887 921 966 980 urbs,
979 930 1011 974 et
1024 920 1063 974 ad
1079 937 1175 974 unum
1191 922 1253 991 ejus

127 1000 207 1056 latus
219 998 281 1054 duo
293 998 370 1060 clivi,
381 1009 412 1053 et
425 998 547 1068 propior
556 997 621 1051 urbi
636 997 778 1052 humilior
789 998 903 1060 altero:
921 1009 952 1053 et
961 998 1041 1054 dixit
1052 1000 1136 1061 mihi,
1151 999 1253 1056 “Urbs

129 1080 179 1135 illa
190 1089 316 1134 vocatur
329 1078 528 1139 Athenaeum,
544 1077 639 1132 clivus
652 1077 795 1132 humilior
808 1077 1007 1137 Parnassium.
1020 1089 1053 1133 et
1066 1079 1160 1134 altior
1173 1077 1254 1136 Heli·

127 1174 272 1220 coneum;
292 1158 333 1212 ita
347 1168 501 1217 vocantur.
515 1157 586 1226 quia
605 1157 634 1211 in
654 1157 727 1212 urbe
745 1168 777 1212 et
795 1157 906 1212 circum
928 1157 1007 1212 illam
1026 1171 1254 1215 commorantur

128 1248 245 1292 veteres
265 1237 415 1308 sapientes
435 1237 464 1290 in
484 1236 618 1297 Graecia.
633 1247 668 1291 ut
688 1235 883 1308 Pythagoras,
904 1236 1051 1299 Socrates.
1071 1238 1254 1310 Aristippus.

129 1316 312 1386 Xenophon,
324 1332 392 1370 cum
407 1315 561 1386 discipulis
574 1327 605 1370 et
617 1314 800 1386 tyronibus.''

183 1396 221 1452 Et
233 1396 366 1468 quaesivi
381 1398 419 1450 de
434 1395 561 1450 Platone
574 1405 605 1450 et
619 1396 791 1451 Aristotele.
829 1393 922 1458 Dixit,
935 1395 1015 1467 quod
1033 1395 1075 1450 illi
1089 1408 1122 1451 et
1136 1397 1253 1452 illorum

128 1477 259 1532 asseclae
273 1477 301 1530 in
318 1476 376 1530 alia
392 1476 514 1546 regione
530 1475 674 1536 habitent.
687 1475 759 1546 quia
773 1474 804 1529 hi
820 1476 988 1530 docuerunt
1003 1477 1166 1532 rationalia
1181 1493 1254 1549 quae

129 1556 299 1612 intellectus
312 1567 391 1619 sunt,
407 1557 449 1611 illi
461 1568 563 1611 autem
577 1556 702 1611 moralia
714 1571 791 1627 quae
803 1556 884 1610 vitae
897 1567 976 1611 sunt.

184 1637 276 1701 Dixit,
291 1638 372 1710 quod
387 1654 423 1692 ex
439 1637 511 1691 urbe
525 1637 685 1692 Athenaeo
701 1635 873 1708 frequenter
884 1637 1061 1708 ablegentur
1073 1637 1204 1694 studiosi
1217 1638 1254 1694 ad

128 1719 279 1774 litteratos
292 1735 328 1773 ex
342 1718 529 1778 Christianis.
543 1729 578 1771 ut
591 1728 712 1772 narrent
724 1717 797 1788 quid
813 1717 904 1772 hodie
916 1719 1053 1788 cogitant
1066 1719 1106 1772 de
1128 1718 1204 1782 Deo,
1217 1720 1253 1775 de

128 1798 281 1854 creatione
294 1797 434 1858 universi,
449 1797 487 1851 de
501 1797 727 1851 immortalitate
742 1796 868 1857 animae.
882 1798 919 1851 de
935 1807 1015 1851 statu
1032 1797 1168 1852 hominis
1183 1799 1254 1853 rela-

128 1878 193 1933 tivo
205 1878 243 1932 ad
257 1888 371 1932 statum
385 1876 557 1938 bestiarum,
567 1892 602 1930 ac
612 1876 650 1930 de
661 1878 748 1930 rebus
760 1875 826 1930 aliis
836 1892 913 1947 quae
924 1875 1075 1930 interioris
1088 1877 1254 1947 sapientiae

129 1968 215 2019 sunt;
233 1967 263 2012 et
274 1956 350 2011 dixit
359 1956 440 2027 quod
452 1971 559 2026 praeco
570 1955 661 2010 hodie
670 1955 893 2010 annuntiaverit
903 1965 1097 2015 conventum,
1109 1955 1254 2011 indicium

129 2037 210 2108 quod
224 2035 370 2091 emissarii
386 2051 482 2091 novos
494 2037 625 2090 advenas
637 2051 654 2090 e
669 2035 757 2090 terris
772 2033 963 2097 offenderint,
977 2050 995 2088 a
1007 2034 1118 2106 quibus
1131 2035 1254 2092 audive-

130 2128 201 2172 runt
213 2117 339 2171 curiosa.

185 2196 223 2251 Et
243 2195 375 2250 vidimus
396 2194 508 2248 multos
533 2204 677 2248 exeuntes
701 2209 738 2247 ex
763 2193 836 2248 urbe
860 2203 891 2247 et
916 2208 934 2247 a
955 2191 1081 2254 viciniis.
1104 2193 1255 2262 quosdam

131 2277 276 2330 habentes
289 2276 404 2329 laureas
415 2290 505 2344 super
513 2272 668 2343 capitibus,
679 2272 826 2342 quosdam
837 2282 976 2326 tenentes
989 2272 1104 2342 palmas
1119 2273 1148 2326 in
1161 2272 1256 2339 mani·

128 2357 193 2417 bus.
208 2356 360 2426 quosdam
382 2369 450 2407 cum
472 2351 555 2406 libris
574 2353 629 2406 sub
649 2351 735 2412 ulnis,
751 2361 782 2405 et
800 2352 946 2422 quosdam
967 2367 1035 2404 cum
1055 2351 1181 2406 calamis
1200 2351 1256 2406 sub

129 2435 241 2490 sinistri
254 2432 400 2504 temporis
409 2431 549 2486 crinibus.
587 2429 651 2485 Nos
666 2430 844 2485 inseruimus
857 2445 912 2484 nos
927 2429 991 2492 illis,
1002 2441 1033 2484 et
1045 2446 1106 2484 una
1119 2429 1257 2485 ascendi·

130 2531 205 2577 mus,
219 2526 249 2570 et
262 2530 331 2569 ecce
344 2528 434 2583 super
445 2512 524 2566 clivo
537 2511 679 2582 palatium
691 2509 882 2581 oilogonum,
893 2511 974 2580 quod
988 2521 1176 2564 vocaverunt
1190 2510 1257 2565 Pal-

130 2595 251 2657 ladium‚
267 2610 302 2649 ac
318 2593 508 2654 intravimus;
527 2603 557 2646 et
573 2604 642 2646 ecce
662 2591 701 2645 ibi
717 2589 788 2646 odio
804 2590 1019 2645 insinuationes
1034 2592 1256 2662 sexangulares

130 2675 160 2729 in
173 2690 299 2746 quarum
313 2672 478 2742 unaquavis
491 2682 556 2726 erat
572 2671 731 2731 librarium.
742 2681 773 2724 et
786 2686 905 2742 quoque
920 2685 1030 2730 mensa,
1041 2670 1078 2723 ad
1093 2686 1170 2741 quas
1184 2686 1257 2725 con·

131 2756 274 2809 sederunt
296 2752 435 2805 laureati:
462 2763 493 2805 et
516 2751 545 2804 in
569 2750 635 2820 ipso
659 2749 794 2804 Palladio
815 2749 880 2803 visa
901 2760 972 2804 sunt
993 2748 1099 2803 sedilia
1121 2765 1160 2804 ex
1182 2765 1257 2804 saxo

130 2833 293 2902 exsculpta,
307 2846 396 2900 super
409 2847 485 2901 quae
499 2830 603 2902 reliqui
617 2846 650 2883 se
663 2828 856 2883 demiserunt.

185 2911 223 2965 Et
238 2923 311 2965 tunc
326 2920 429 2979 aperta
441 2921 488 2964 est
503 2910 594 2980 janua
609 2909 646 2963 ad
660 2909 824 2970 sinistrum,
837 2925 891 2978 per
904 2923 993 2978 quam
1010 2907 1071 2961 duo
1086 2907 1224 2962 advenae
1239 2923 1257 2962 e

129 3003 209 3047 terra
223 2989 385 3046 introdudii
399 3001 484 3052 sunt;
503 3001 534 3044 et
547 3002 707 3061 postquam
722 2988 853 3051 salutati,
866 3005 943 3043 unus
956 3005 993 3042 ex
1008 2988 1152 3043 laureatis
1164 3005 1257 3060 quae·

129 3073 201 3128 sivit
215 3073 290 3133 illos.
304 3069 407 3142 “Quid
423 3071 492 3125 novi
506 3088 522 3125 e
536 3069 655 3125 terra?''

185 3153 222 3207 Et
233 3153 382 3212 dixerunt,
393 3151 536 3207 “Novum
549 3166 603 3212 est.
614 3150 696 3221 quod
711 3150 741 3204 in
754 3150 838 3205 silvis
849 3149 1016 3205 invenerint
1026 3149 1168 3205 homines
1177 3144 1257 3206 sicut

130 3234 250 3294 bestias.
264 3244 316 3287 aut
332 3232 443 3286 bestias
458 3233 535 3286 sicut
552 3232 698 3292 homines,
712 3243 744 3285 at
758 3233 839 3303 quod
855 3247 891 3286 ex
907 3231 981 3285 iacie
996 3241 1027 3284 et
1041 3246 1168 3300 corpore
1184 3247 1257 3303 cog·

131 3313 271 3369 noverint
291 3324 379 3367 natos
398 3329 464 3366 esse
486 3313 631 3375 homines,
651 3328 685 3366 ac
705 3312 838 3366 secundo
858 3323 911 3365 aut
931 3311 1020 3365 tertio
1042 3311 1152 3365 aetatis
1174 3327 1257 3366 anno

130 3395 257 3450 amissos
275 3405 327 3448 aut
347 3394 476 3447 omissos
498 3393 526 3446 in
546 3393 643 3447 silvis:
665 3393 804 3447 dixerunt
824 3392 904 3462 quod
928 3407 987 3445 non
1008 3391 1124 3460 possint
1145 3408 1257 3447 sonare

130 3474 242 3546 aliquid
252 3473 454 3545 cogitationis.
466 3489 520 3527 nec
531 3474 644 3527 discere
654 3472 811 3526 articulare
824 3488 930 3526 sonum
947 3472 974 3524 in
988 3470 1119 3541 aliquam
1131 3488 1256 3532 vocem:

129 3555 211 3626 quod
231 3569 286 3608 nec
304 3553 414 3608 scirent
429 3552 527 3606 cibum
548 3552 602 3606 sibi
623 3551 851 3606 convenientem
871 3552 949 3605 sicut
967 3550 1087 3611 bestiae,
1100 3550 1155 3604 sed
1171 3553 1255 3622 quod

130 3634 279 3689 silvestria
291 3643 352 3686 tam
366 3632 476 3685 munda
487 3648 576 3701 quam
592 3632 746 3684 immunda
760 3631 919 3700 injicerent
932 3631 960 3684 in
975 3630 1097 3683 buccam
1109 3647 1115 3691 ;
1135 3642 1257 3699 praeter

130 3713 241 3768 similia
255 3713 354 3782 plura;
373 3711 527 3781 exquibus
540 3711 631 3781 aliqui
642 3710 751 3765 eruditi
765 3712 844 3780 apud
859 3726 914 3764 nos
924 3709 1105 3770 divinarunt,
1116 3719 1148 3762 et
1161 3710 1254 3781 aliqui

130 3793 342 3848 concluserunt
356 3791 440 3860 plura
448 3791 486 3844 de
496 3801 576 3844 statu
588 3791 743 3844 hominum
756 3791 880 3844 relativo
891 3789 927 3843 ad
939 3800 1049 3844 statum
1062 3788 1256 3844 bestiarum.'’

186 3871 243 3928 His
255 3871 373 3930 auditis.
384 3869 595 3940 quaesiverunt
607 3869 699 3940 aliqui
713 3886 749 3924 ex
762 3869 889 3924 vetustis
902 3869 1013 3939 sophis,
1025 3875 1040 3896 ¹·
1049 3866 1130 3939 Quid
1144 3885 1184 3924 ex
1197 3869 1256 3926 illia

131 3951 269 4007 divinant
281 3960 312 4004 et
324 3949 509 4003 concludunt
518 3947 548 4003 ?''

186 4031 224 4086 Et
243 4031 304 4084 duo
320 4029 453 4082 advenae
470 4027 697 4097 responderunt.
708 4025 788 4097 quod
805 4026 896 4097 plura,
910 4042 986 4097 quae
1002 4036 1103 4080 tamen
1119 4026 1158 4081 ad
1179 4026 1257 4084 haec

132 4119 259 4182 possunt
272 4107 374 4163 reierri
384 4121 452 4161 :-1.
467 4105 556 4177 Quod
570 4105 662 4161 bomo
675 4123 711 4161 ex
724 4122 778 4160 sua
791 4117 906 4167 natura.
918 4116 949 4160 et
962 4121 1081 4177 quoque
1094 4122 1131 4161 ex
1145 4107 1257 4162 nativi·

130 4201 202 4251 tate.
216 4188 299 4244 omni
312 4187 408 4241 bestia
420 4185 570 4256 stupidior
582 4196 614 4239 et
627 4185 696 4240 inde
706 4185 794 4239 vilior
803 4185 857 4247 sit:
876 4195 906 4239 et
916 4186 998 4255 quod
1012 4185 1150 4239 similiter
1163 4186 1217 4240 fiat
1229 4187 1256 4242 si

132 4285 194 4324 non
205 4267 370 4322 instruitur.
403 4280 427 4320 2.
447 4263 537 4336 Quod
550 4264 655 4318 instrui
669 4265 763 4335 possit
773 4265 844 4336 quia
853 4265 958 4318 didicit
967 4264 1123 4318 articulate
1136 4281 1256 4330 sonare.

132 4359 163 4402 et
173 4347 243 4401 inde
253 4346 344 4416 loqui,
355 4356 387 4400 et
396 4344 477 4415 quod
491 4360 544 4414 per
554 4343 582 4397 id
595 4344 737 4414 inceperit
748 4360 921 4415 expromere
931 4343 1140 4415 cogitationes.
1149 4355 1182 4399 et
1196 4345 1257 4402 hoc

132 4426 299 4484 successive
315 4425 381 4497 plus
394 4435 426 4480 et
441 4424 516 4496 plus,
530 4439 623 4495 usque
639 4434 672 4478 ut
691 4434 793 4496 posset
805 4424 971 4496 exprimere
990 4424 1070 4495 leges
1088 4424 1257 4491 societatis,
