2782 5026
157 435 218 503 ιω
498 447 682 500 baucias
704 446 933 498 sarrsurran

206 621 256 679 Ad
268 619 342 676 haee
354 629 415 677 tres
426 619 560 676 advenae
572 619 681 675 blande
691 618 823 675 ridentes
833 619 982 680 dixerunt.
993 618 1077 690 quod
1089 615 1190 691 aliquid
1221 567 1306 641 ΔΩ

151 700 381 757 autumaverint.
1288 727 1320 781 ᾖ,

207 779 245 835 Et
255 790 327 834 tunc
337 794 510 849 responsum
520 789 567 833 est
577 777 642 839 illis,
653 775 757 849 “Quid
770 777 886 847 gaudia.
896 789 927 831 et
941 776 1075 837 deliciae.
1085 788 1116 832 et
1128 775 1191 831 inde
1200 744 1329 862 (leon

152 858 235 920 citas,
247 874 405 913 commune
421 858 532 912 habent
546 873 614 911 cum
629 855 716 910 otio?
754 855 798 910 Ex
813 856 878 910 otio
892 856 1051 910 collabitur
1064 870 1147 911 mens
1160 865 1189 910 et
1311 901 1337 940 m

151 936 337 1007 expanditur.
348 951 399 990 seu
413 934 608 989 mortificatur
616 935 709 989 homo
721 945 752 989 et
765 951 825 988 non
835 934 1012 989 vivificatur.
1052 935 1134 990 Pone
1143 905 1311 1005 aliqud
1334 993 1344 1006 ‚

151 1015 306 1070 sedentem
320 1015 350 1068 in
362 1015 451 1085 pleno
460 1014 532 1074 otio.
543 1013 673 1068 remissis
683 1014 827 1073 manibus
838 1012 964 1082 dejectis
976 1023 1029 1068 aut
1038 1013 1189 1068 subduclis
1197 984 1352 1099 obus,

151 1093 197 1156 lis.
209 1104 241 1150 et
250 1109 328 1164 pone
342 1105 375 1148 ut
388 1094 436 1148 ille
449 1093 536 1148 simul
550 1092 806 1148 circumfundatur
816 1109 888 1146 aura
901 1092 1039 1155 laetitiae,
1053 1109 1163 1147 numne
1175 1066 1332 1161 vetdss¹
1350 1125 1360 1177 ιι

152 1188 210 1227 nus
230 1183 390 1242 occuparet
410 1182 442 1227 et
462 1182 551 1242 caput
573 1181 605 1226 et
625 1187 734 1241 corpus
755 1173 829 1240 ejus,
847 1188 882 1225 ac
903 1171 1003 1225 viralis
1023 1172 1167 1241 expansio
1186 1152 1300 1226 iaci?
1316 1143 1366 1262 ’ξε

152 1251 332 1311 concideret.
346 1261 377 1305 et
395 1252 516 1304 tandem
537 1250 586 1304 ille
605 1250 743 1304 relaxatis
756 1250 837 1304 fibris
851 1262 970 1304 nutaret
987 1261 1019 1305 et
1038 1261 1166 1311 nutaret,
1179 1238 1311 1320 usqi!

150 1330 223 1384 dum
233 1330 352 1385 mderet
363 1330 392 1383 in
404 1327 533 1385 terram?
570 1327 650 1401 Quid
664 1329 694 1382 in
704 1330 884 1398 expansione
894 1339 926 1383 et
938 1330 1075 1384 tensione
1085 1341 1170 1385 tenet
1179 1303 1376 1422 totitxae‘ffss3

152 1408 289 1480 corporis
301 1419 437 1479 systema.
450 1424 539 1479 quam
553 1407 682 1462 intensio
694 1406 806 1461 animi?
824 1418 855 1462 et
868 1408 948 1463 unde
962 1408 1093 1463 intensio
1102 1409 1203 1468 animi.
1213 1407 1291 1462 nib
1299 1393 1339 1439 ¹
1346 1387 1356 1424 ¹

153 1504 192 1544 ex
208 1487 458 1543 administraturis
472 1498 503 1542 et
517 1486 624 1557 operis.
639 1486 711 1540 dum
727 1486 803 1540 fiunt
817 1503 856 1541 ex
869 1486 1023 1556 jucundo?
1060 1486 1161 1558 Quare
1175 1465 1382 1542 dicafl'sl

151 1567 239 1622 vobis
250 1582 360 1621 notum
374 1583 391 1621 e
404 1566 494 1626 caelo.
505 1566 586 1637 quod
600 1565 640 1619 ibi
653 1566 712 1619 sint
722 1566 1002 1629 administrationes,
1013 1565 1186 1629 ministeria,
1195 1560 1293 1638 jud1‘1
1310 1531 1386 1597 fib

152 1645 200 1703 cia
212 1646 325 1716 majora
336 1656 368 1700 et
381 1645 503 1705 minora,
518 1655 583 1698 tum
595 1643 721 1698 artificia
733 1655 764 1698 et
776 1645 911 1714 operae”

205 1725 280 1780 Tres
292 1725 507 1784 advenae‚cum
521 1723 701 1777 audiverunt
710 1724 792 1792 quod
803 1723 833 1777 in
843 1723 927 1777 caelo
934 1733 1034 1778 essent
1040 1723 1156 1795 judicia
1162 1716 1366 1794 ιιιειῑοιῖἰ
1382 1730 1384 1733 ’

151 1813 184 1859 et
196 1803 318 1864 minora.
332 1803 479 1863 dicebant,
494 1801 579 1858 “Cur
591 1801 662 1856 illa?
679 1818 778 1856 annon
792 1818 898 1856 omnes
910 1802 940 1856 in
953 1803 1037 1857 caelo
1050 1804 1232 1874 inspirantur
1242 1817 1275 1858 er
1285 1797 1364 1847 9

152 1883 303 1938 ducuntur
320 1898 338 1936 a
357 1881 431 1942 Deo,
444 1892 475 1936 et
493 1880 563 1936 inde
575 1881 675 1936 sciunt
686 1881 758 1952 quid
771 1881 884 1950 justum
902 1891 935 1937 et
952 1880 1089 1936 redium?
1109 1882 1184 1953 quid
1203 1866 1391 1938 tunofl

152 1977 229 2032 opus
240 1960 390 2030 judicibus
398 1959 429 2014 ?”
1318 2017 1351 2033 Ι
1366 2009 1377 2037 1,

207 2039 245 2095 Et
258 2039 412 2109 respondit
424 2038 470 2092 vir
483 2037 671 2109 majorennis,
685 2045 701 2067 ‘⁴
710 2036 745 2092 ln
758 2037 816 2092 hoc
829 2039 943 2094 mundo
953 2038 1129 2094 instruimur
1141 2049 1173 2096 et
1187 2040 1312 2094 disciae
1325 2033 1362 2073 ί
1371 2027 1388 2062 ¹⁸

153 2135 221 2175 mus
231 2119 303 2190 quid
318 2120 429 2172 bonum
442 2128 473 2172 et
485 2133 600 2178 verum,
610 2127 674 2171 tum
688 2117 760 2188 quid
772 2118 886 2186 justum
899 2128 930 2172 et
942 2134 1080 2188 aequum.
1091 2119 1230 2174 similiter
1241 2121 1318 2174 u&
1336 2100 1384 2183 ξ’

154 2198 185 2253 in
196 2198 309 2251 mundo
319 2197 461 2258 naturali;
476 2207 507 2250 et
517 2196 590 2250 haec
599 2196 742 2250 discimus
751 2212 811 2250 non
822 2196 993 2251 immediate
1002 2212 1022 2251 a
1031 2196 1106 2258 Deo.
1117 2199 1171 2253 sed
1182 2199 1335 2254 medi-²
1349 2186 1384 2224 ¹⁸

152 2287 202 2333 ate
214 2293 267 2348 per
278 2276 366 2337 alios:
384 2287 415 2330 et
427 2275 526 2330 omnis
537 2275 669 2345 angelus.
678 2275 758 2329 sicut
769 2275 868 2329 omnis
880 2275 981 2335 homo,
993 2275 1107 2347 cogitat
1121 2292 1235 2338 verum,
1244 2271 1347 2331 ει)
1360 2257 1382 2299 '²

153 2353 225 2411 iacit
237 2357 348 2410 bonum
362 2354 440 2409 sicut
457 2369 476 2409 a
493 2370 534 2415 se,
546 2364 578 2408 et
592 2354 651 2408 hoc
662 2354 827 2408 secundum
840 2365 952 2408 statum
964 2354 1062 2425 angeli
1076 2366 1125 2420 est
1138 2356 1272 2417 mixtum,
1292 2378 1341 2404 a
1363 2365 1377 2385 't

153 2444 186 2490 et
200 2451 260 2489 non
276 2450 400 2504 purum:
418 2443 449 2487 et
463 2448 584 2503 quoque
599 2432 677 2486 inter
689 2433 812 2504 angelos
825 2433 936 2486 dantur
947 2433 1098 2503 simplices
1112 2444 1145 2490 et
1160 2435 1273 2505 sapien·
1299 2431 1384 2465 l

153 2524 207 2575 tea.
217 2524 248 2568 et
260 2512 409 2584 sapientes
417 2512 602 2582 judicabunt,
613 2512 685 2565 dum
695 2511 844 2582 simplices
853 2527 890 2565 ex
900 2511 1090 2582 simplicitate
1099 2523 1133 2567 et
1144 2529 1183 2569 ex
1193 2513 1274 2585 igno·
1311 2510 1381 2539 f

153 2592 249 2647 tantia
257 2591 413 2662 ambigunt
426 2591 464 2645 de
476 2591 565 2660 justo.
576 2600 628 2644 aut
640 2592 751 2644 abeunt
763 2591 801 2643 ab
814 2590 874 2644 illo.
910 2590 970 2645 Sed
982 2607 1045 2652 vos.
1056 2591 1129 2662 quia
1141 2604 1274 2649 recentes
1331 2577 1379 2621 ⁶

152 2671 252 2725 adhuc
267 2671 297 2725 in
313 2671 371 2724 hoc
386 2670 500 2724 mundo
511 2669 592 2730 estis.
605 2669 629 2723 si
644 2669 684 2723 sit
699 2669 877 2738 beneplaciti
890 2669 990 2731 vestri,
1002 2670 1165 2741 sequimini
1181 2687 1230 2727 me
1244 2672 1273 2725 in
1365 2682 1374 2692 ·

153 2750 256 2804 urbem
270 2760 412 2810 nostram.
425 2758 456 2803 et
470 2748 701 2802 monstrabimus
712 2747 840 2802 omnia”

208 2827 247 2882 Et
258 2828 415 2882 exiverunt
425 2826 584 2887 auditorio.
594 2838 625 2880 et
634 2826 724 2897 aliqui
734 2842 772 2880 ex
784 2826 951 2882 senioribus
959 2827 1050 2882 etiam
1061 2827 1131 2884 illos
1139 2830 1274 2884 comitati

153 2918 239 2970 sunt;
257 2918 289 2961 et
301 2907 429 2977 primum
443 2905 473 2960 in
487 2905 699 2960 bibliothecam
712 2921 859 2976 magnam.
869 2921 947 2977 quae
958 2907 1124 2961 secundum
1135 2909 1275 2963 scientias

153 2984 294 3041 distinfia
308 2996 371 3039 erat
387 2985 417 3039 in
433 2984 551 3039 libraria
566 2984 689 3039 minora
727 2984 802 3039 Tres
817 2984 859 3038 illi
874 2986 1016 3047 advenae.
1031 2986 1106 3041 visis
1120 2996 1170 3042 tot
1184 2988 1274 3050 libris.

153 3062 351 3135 obstupefacii
361 3074 438 3123 sunt.
449 3074 480 3118 et
490 3063 636 3123 dixerunt.
648 3072 663 3092 ⁸⁴
673 3063 750 3118 Sunt
759 3066 849 3119 etiam
860 3064 890 3119 in
900 3066 959 3119 hoc
969 3066 1083 3120 mundo
1092 3066 1178 3131 libri;
1196 3068 1275 3124 unde

154 3145 341 3201 membranae
353 3155 385 3198 et
396 3145 525 3206 chartae,
537 3144 616 3199 unde
628 3145 734 3199 calami
747 3156 778 3200 et
790 3145 1026 3201 atramentum?”

207 3223 257 3278 Ad
282 3224 355 3277 haec
373 3223 513 3278 dixemnt
534 3224 673 3285 seniores.
693 3232 709 3252 ‘⁴
718 3224 902 3294 Percipimus
925 3226 1007 3296 quod
1031 3226 1223 3284 credideritis
1246 3229 1276 3283 in

154 3303 268 3358 mundo
281 3302 372 3372 priori
385 3303 467 3372 quod
483 3302 532 3357 hic
544 3304 674 3358 mundus
686 3319 798 3357 uacuus
810 3304 857 3365 sit,
869 3305 940 3375 quia
951 3304 1128 3375 spiritualis:
1148 3318 1182 3362 et
1193 3309 1276 3378 quod

154 3380 213 3437 boc
230 3381 424 3441 credideritis.
438 3392 485 3437 est
503 3381 573 3453 quia
587 3381 684 3436 ideam
703 3383 741 3437 de
759 3382 905 3453 spirituali
924 3383 1041 3438 fovistis
1058 3385 1241 3441 abstradlam
1259 3403 1277 3442 a

155 3457 299 3513 materiali
311 3476 317 3520 ;
336 3470 367 3512 et
378 3457 559 3513 abstractum
572 3476 591 3513 a
603 3460 747 3514 materiali
757 3460 895 3530 apparuit
904 3461 990 3516 vobis
1001 3462 1080 3516 sicut
1089 3462 1228 3525 nihilum,
1237 3465 1278 3525 ita

154 3537 232 3592 sicut
241 3553 385 3599 vacuum;
399 3554 467 3592 cum
478 3549 578 3592 tamen
589 3537 638 3592 hic
647 3550 693 3593 est
703 3539 860 3609 plenitudo
869 3540 1020 3594 omnium:
1033 3551 1105 3595 sunt
1114 3541 1167 3597 hic
1176 3544 1278 3597 omnia

152 3616 357 3679 minutiolis
372 3629 404 3671 et
419 3634 479 3671 non
496 3617 665 3675 materialia.
679 3628 710 3672 et
724 3618 889 3672 materialia
902 3635 986 3673 suam
999 3619 1147 3690 originem
1161 3622 1277 3677 ducunt

154 3711 192 3750 ex
210 3696 469 3757 substantialibus;
494 3712 549 3750 nos
567 3697 618 3766 qui
638 3697 686 3750 bic
705 3714 817 3757 sumus.
834 3697 971 3752 homines
985 3698 1157 3769 spirituales
1173 3716 1278 3756 sumus

155 3774 228 3846 quia
246 3775 464 3836 substantiales
485 3786 516 3830 et
537 3792 599 3829 non
621 3777 804 3837 materiales;
833 3777 903 3831 inde
921 3788 976 3838 est,
994 3778 1075 3847 quod
1097 3777 1148 3833 hic
1166 3780 1279 3835 dentur

156 3854 258 3910 omnia
276 3870 353 3924 quae
373 3854 404 3908 in
423 3855 537 3909 mundo
555 3855 690 3917 naturali.
710 3855 740 3909 in
759 3871 816 3910 sua
835 3855 1026 3927 perledlione.
1044 3856 1136 3912 etiam
1156 3858 1227 3914 libri
1246 3869 1278 3913 et

154 3933 326 4004 scripturae.
339 3945 371 3988 et
384 3934 481 3989 multo
494 3934 604 4004 plura⁰

208 4013 282 4068 Tres
300 4013 433 4068 advenae
451 4030 519 4067 cum
538 4014 717 4067 audiverunt
736 4013 882 4068 nominari
896 4014 1278 4088 uiuantrblr'mogitave·

155 4101 226 4147 runt
238 4093 319 4164 quod
333 4091 375 4148 ita
386 4093 434 4153 sit.
447 4104 508 4147 tam
521 4093 593 4162 quia
604 4093 745 4147 uiderunt
756 4093 850 4147 libros
861 4094 996 4164 scriptos.
1005 4109 1094 4164 quam
1107 4094 1182 4164 quia
1191 4097 1279 4151 audi·

155 4181 263 4226 vemnt
281 4170 396 4225 ditium
419 4173 500 4242 quod
520 4173 662 4227 materiae
680 4172 839 4243 originitus
857 4172 920 4227 sint
944 4188 983 4263 ει
1009 4173 1197 4230 substantiis,
1235 4174 1279 4230 Ut

154 4250 253 4306 adhuc
265 4253 304 4305 de
320 4251 366 4305 his
376 4251 630 4313 confirmarentur.
641 4252 731 4306 delati
744 4263 816 4305 sunt
829 4252 869 4306 ad
882 4251 1033 4306 domicilia
1042 4251 1217 4315 scribamm.
1225 4255 1277 4325 qui

155 4329 361 4385 exscribebant
375 4332 555 4402 exemplaria
569 4348 588 4386 a
602 4332 787 4402 sapientibus
800 4331 882 4385 urbis
895 4331 1073 4401 conscripta.
1085 4341 1118 4385 et
1136 4332 1279 4403 inspicie·

155 4410 228 4464 bant
246 4410 414 4481 scripturas,
429 4423 460 4466 et
480 4410 577 4466 mirati
595 4422 665 4466 sunt
679 4412 761 4484 quod
780 4421 843 4465 tam
862 4411 976 4466 nitidae
989 4421 1022 4464 et
1039 4409 1152 4483 politae
1165 4424 1278 4471 essent.
