2782 5026
140 435 205 502 134
488 431 670 482 amnas
692 430 922 480 surm-ar

136 614 283 683 πετριε
296 600 394 662 sirei
408 618 553 662 rozaz:
565 599 678 662 Hom:
708 601 763 661 :211
778 620 852 680 cap.
863 601 883 661 ἰ
895 616 936 677 3,·
949 622 959 665 :
978 620 1055 682 cap.
1067 602 1111 663 iii.
1121 600 1229 675 2244*-

137 714 200 777 ρετ
221 716 324 758 unam
354 715 492 758 tatem
521 698 626 757 etia:
657 693 870 774 significate:
897 715 985 757 ’anus
1016 695 1147 761 Homo.
1170 706 1291 777 quoa

136 804 237 873 patet
252 811 298 853 ex
315 791 399 853 locis
416 792 449 851 iu
464 789 592 853 verso.
606 792 663 852 :hi
678 791 802 851 dicizur
815 792 956 851 ”omnis
971 791 1087 855 caros
1099 812 1160 872 per
1170 798 1291 872 quod

135 885 344 967 intelligitur
361 888 473 947 omnis
493 886 598 947 itomo

185 1016 236 1068 tl't
248 1019 310 1067 aa.
326 1022 359 1065 τέ.
376 1031 413 1069 :2
428 1032 465 1078 τῃ
482 1031 520 1069 τ’,
535 1032 580 1079 13:
598 1019 672 1067 Lai.
685 1018 720 1066 τῖ.
735 1031 757 1077 3.
769 1020 800 1064 ἐ·
817 1033 873 1079 ας.
885 1020 948 1065 ιὶι
959 1021 989 1067 τὲ
1003 1035 1009 1067 ;
1026 1035 1086 1080 cap.
1098 1020 1162 1068 ini
1175 1021 1209 1069 16.
1219 1024 1291 1079 2μὲ

267 1096 318 1159 ιι]
339 1086 434 1148 Jeren.
447 1098 570 1161 ¹3:3¹³
587 1088 794 1147 mensim:
811 1099 865 1146 ²²?-
876 1086 1291 1147 121.5;„¹:e.·'ms3;np,=

267 1163 398 1208 neas.
415 1163 535 1198 etun.

134 1274 227 1358 Quid
249 1292 365 1341 autern
389 1280 594 1359 intelligitur
615 1302 677 1361 per
695 1294 859 1342 '‘costarn
882 1282 975 1345 viris
994 1302 1083 1362 quae
1106 1283 1141 1343 in
1162 1282 1254 1344 muli·
1269 1312 1291 1324 ⁴

133 1393 227 1436 erens
256 1374 440 1437 aedificata
465 1390 531 1437 est.
554 1377 635 1457 quid
662 1396 723 1456 per
746 1376 940 1437 ”carnem'
960 1397 1049 1456 quae
1080 1377 1161 1439 loco
1190 1376 1256 1456 ejus
1271 1391 1291 1429 ε

133 1468 267 1531 inclusa
282 1482 349 1539 est.
365 1484 402 1532 et
418 1472 465 1532 sic
482 1471 561 1551 quid
581 1490 642 1550 per
658 1486 727 1531 ”os
742 1492 788 1531 ex
804 1472 939 1531 ossibus
955 1474 1040 1532 meis
1059 1485 1097 1533 et
1114 1493 1195 1533 caro
1213 1492 1255 1533 ex
1286 1488 1291 1525 ῑ

132 1583 238 1627 carne
264 1565 371 1631 mea?
393 1566 533 1646 etquid
560 1586 621 1646 per
643 1580 809 1645 ”patrem
832 1580 867 1626 et
895 1566 1075 1631 matrem?
1097 1587 1184 1647 quos
1209 1567 1256 1627 uir
1282 1582 1291 1591 ·

133 1670 213 1741 post
236 1658 432 1739 conjugium
451 1660 632 1740 relinquet.
651 1672 688 1721 et
711 1660 791 1740 quid
815 1680 876 1740 per
893 1660 1111 1721 ”adhaerere
1132 1660 1256 1727 uxori.”
1288 1658 1291 1665 '

131 1765 311 1816 ostensum
328 1767 383 1817 est
402 1755 437 1816 in
453 1754 604 1816 ,lrcanis
621 1753 652 1817 C
650 1753 839 1819 aelestiius.
856 1755 913 1815 ubi
929 1756 997 1815 duo
1014 1755 1102 1819 libri.
1122 1755 1256 1818 Genesis

131 1858 169 1911 et
181 1846 333 1919 Erodus.
345 1849 459 1931 quoad
472 1868 609 1910 sensum
622 1850 833 1929 spiritualem
847 1849 1015 1929 explicati
1027 1860 1121 1911 sunt.
1155 1849 1255 1928 Quod

131 1963 202 2006 non
221 1955 322 2006 costa
344 1964 406 2026 per
425 1944 621 2009 “costam.”
639 1963 703 2005 nec
726 1963 808 2004 caro
831 1964 891 2024 per
911 1943 1112 2009 ‘'carnem''
1131 1964 1194 2005 nec
1217 1965 1255 2006 os

130 2058 193 2119 per
205 2038 304 2107 “0ss
315 2058 426 2119 neque
441 2038 630 2100 adhaerere
645 2058 706 2119 per
720 2037 967 2101 “adhaereres
978 2034 1159 2098 intellec‘ia
1175 2039 1253 2106 sint,

131 2134 192 2195 sed
215 2133 414 2214 spiritualia.
439 2153 526 2214 quae
548 2133 615 2195 illis
638 2134 921 2213 correspondent.
945 2142 980 2192 et
1009 2132 1089 2192 inde
1113 2152 1176 2211 per
1198 2130 1255 2192 illa

129 2224 377 2307 significantur,
400 2229 446 2290 ibi
468 2228 743 2289 demonstratum
767 2240 841 2288 est:
866 2227 957 2307 quod
981 2224 1162 2288 intellecia
1188 2226 1254 2287 sint

129 2322 331 2403 spiritualia.
355 2342 442 2404 quae
464 2342 485 2383 a
507 2323 641 2384 duobus
666 2321 793 2383 iaciunt
816 2341 920 2382 unum
945 2320 1133 2387 hominem.
1159 2330 1255 2402 patet

129 2436 175 2479 ex
194 2438 248 2487 eo,
267 2417 359 2499 quod
378 2437 475 2479 amor
493 2415 694 2496 conjugialis
712 2416 900 2495 conjungat
919 2414 1007 2479 illos,
1027 2427 1063 2475 et
1082 2435 1182 2477 amor
1198 2414 1254 2477 ille

128 2523 183 2574 est
203 2512 398 2594 spiritualis.
443 2510 545 2592 Quod
564 2532 662 2573 amor
676 2512 866 2591 sapientiae
882 2511 943 2572 viri
963 2510 1194 2590 transcriptus
1212 2511 1253 2571 sit

128 2603 1252 2688 immmmmmmmffimmawmffimi

128 2701 203 2774 bus,
216 2722 303 2784 quae
319 2702 407 2764 hanc
422 2713 619 2783 sequuntur.
634 2699 766 2782 plenius
779 2699 1055 2769 confirmabitur:
1081 2719 1171 2761 nunc
1186 2719 1251 2761 non

128 2795 210 2860 licet
230 2816 251 2859 a
266 2798 410 2859 materia
428 2796 482 2858 hic
499 2796 677 2877 proposita
693 2795 797 2866 abire,
815 2806 850 2857 et
867 2796 914 2856 sic
931 2794 1076 2873 digredi,
1094 2813 1183 2875 quae
1199 2804 1251 2855 est

128 2891 173 2953 de
196 2887 436 2971 conjunliione
462 2891 604 2953 duorum
628 2890 812 2970 conjugum
835 2890 868 2950 in
896 2907 997 2949 unam
1028 2907 1170 2949 carnem
1194 2909 1252 2969 per

128 2986 288 3049 unionem
307 2986 497 3048 animarum
516 2997 552 3048 et
576 2987 753 3048 mentium.
797 2983 865 3046 Sed
889 2983 975 3046 haec
999 2983 1080 3044 unio
1099 2982 1250 3046 elucida-

127 3079 220 3145 bitur
238 3081 271 3142 in
291 3080 356 3144 hoc
376 3082 496 3145 ordine
508 3102 561 3144 :-

306 3213 349 3281 (i.)
377 3212 463 3283 Quod
473 3231 492 3265 a
511 3216 656 3267 creatione
668 3215 759 3265 insita
778 3214 818 3264 sit
836 3214 953 3279 utrique
969 3214 1056 3264 sexui
1066 3213 1209 3282 facultas
1224 3218 1252 3265 et

446 3284 606 3343 inclinatio,
628 3290 661 3336 ut
679 3285 793 3354 possint
804 3289 832 3335 et
850 3284 942 3335 velint
961 3285 1106 3353 conjungi
1121 3287 1200 3336 sicut
1218 3286 1250 3335 in

448 3371 545 3408 unum.

295 3423 348 3492 (ii.)
376 3424 462 3494 Quod
470 3441 553 3476 amor
564 3424 741 3495 conjugialis
752 3425 912 3495 conjungat
923 3423 998 3476 duas
1009 3425 1128 3476 animas
1142 3430 1171 3476 et
1185 3424 1252 3477 inde

445 3502 550 3547 mentes
561 3497 593 3546 in
607 3512 705 3548 unum.

282 3564 347 3633 (iii.)
375 3565 461 3635 Quod
469 3565 604 3617 voluntas
616 3568 717 3618 uxoris
730 3581 759 3617 se
772 3566 932 3634 conjungat
943 3581 1008 3616 cunt
1021 3563 1168 3617 cistellcclu
1179 3568 1249 3626 viri.

446 3642 474 3688 et
483 3636 550 3687 inde
561 3635 718 3688 intelletlus
729 3637 794 3686 vr'ri
803 3651 867 3686 curn
880 3635 1031 3687 voluntate
1042 3638 1154 3689 uxoris

284 3705 349 3776 (iv.)
376 3705 461 3777 Quod
470 3705 625 3758 inclinatio
634 3707 677 3758 art
686 3705 842 3757 uniendum
852 3705 1015 3757 sibivirurn
1028 3706 1068 3756 sit
1077 3712 1213 3759 constans
1223 3713 1252 3759 ct

440 3779 583 3845 perpetua
603 3776 686 3845 apud
698 3791 824 3836 uxorem,
837 3775 887 3827 secl
902 3777 1068 3828 inconstans
1085 3781 1114 3827 et
1131 3777 1249 3830 alterna

445 3846 529 3916 apud
536 3849 645 3900 vc'rurn.

297 3918 349 3988 (v.)
377 3917 462 3988 Quod
466 3916 626 3987 conjunllio
634 3918 869 3986 inspireturvira
877 3916 913 3968 ab
926 3932 1016 3968 nexare
1023 3916 1180 3970 secundum
1189 3920 1252 3988 ejas

446 4004 580 4047 amarem,
593 3993 620 4040 et
634 3989 799 4056 recipiatur
813 4003 832 4038 a
847 3988 913 4038 vira
927 3986 1081 4038 secundum
1094 3988 1159 4056 φιτ
1170 3991 1251 4058 sapi·

445 4060 563 4111 entiam.

283 4128 345 4198 (vi.)
374 4128 458 4199 Quod
464 4127 624 4212 conjuntlia
636 4127 688 4180 illa
696 4128 756 4191 fiat
764 4128 915 4180 successive
926 4144 945 4178 a
953 4128 1063 4195 primis
1073 4127 1175 4181 diebus
1186 4145 1250 4182 can-

436 4199 531 4269 jrcgti.
545 4205 572 4250 et
590 4198 673 4267 apud
682 4199 753 4258 allas,
766 4200 821 4265 qui
837 4200 868 4249 in
887 4214 984 4249 amore
1001 4212 1067 4248 vere
1084 4199 1255 4269 conjugiali

444 4275 519 4328 sunt.
530 4271 662 4338 penitius
673 4275 700 4322 et
707 4271 840 4337 penitius
852 4270 884 4320 in
897 4274 1055 4319 aeternum.

277 4339 351 4411 (vil.)
379 4339 464 4411 Quod
473 4340 632 4408 consuntitis
642 4341 743 4390 uxoris
754 4355 818 4390 cum
831 4340 975 4407 sapientia
986 4336 1134 4389 rationali
1144 4341 1256 4392 mariti

437 4410 499 4480 fiat
505 4409 541 4462 ab
549 4411 639 4469 entra,
648 4409 698 4461 scri
702 4425 766 4461 cum
774 4411 918 4478 sapientia
928 4408 1036 4460 creorali
1040 4409 1103 4477 ejus
1110 4409 1147 4461 ab
1153 4416 1251 4464 extra.
