2850 5026
390 450 440 501 us
464 448 599 500 suoru
622 446 942 515 comodum-«u.
963 430 1034 514 265.
1207 448 1270 517 207

205 620 295 693 264.
322 618 397 674 Post
409 619 485 674 haee
498 619 604 673 iterum
618 617 736 689 aperuit
748 633 780 673 se
793 628 881 679 terra,
892 617 944 672 sed
958 617 995 671 ad
1009 615 1156 677 dextrum,
1168 627 1200 672 et
1213 617 1275 673 vidi

152 711 359 773 exsurgentem
376 700 466 754 alium
483 700 646 760 diabolum,
660 715 751 769 super
765 698 851 768 cujus
869 699 967 768 capite
985 708 1050 753 erat
1065 697 1143 752 sicut
1158 698 1275 761 cidaris,

152 781 369 837 circumvoluta
380 780 469 851 spiris
480 790 624 850 tanquam
637 779 760 840 colubri,
773 779 865 850 cujusl
875 789 965 849 caput
980 795 998 833 e
1009 778 1122 833 vertice
1137 780 1274 835 eminuit.

153 861 256 916 Facies
264 861 293 915 ei
303 871 367 915 erat
376 861 495 931 leprosa
504 876 522 914 a
531 859 631 914 fronte
640 860 678 913 ad
689 869 833 919 mentum,
843 870 874 913 et
883 874 1004 928 quoque
1015 869 1141 928 utraque
1152 874 1257 914 manus
1268 877 1275 922 ;

151 941 245 994 lumbi
257 950 344 994 erant
357 941 429 994 nudi
441 949 473 994 et
485 939 541 994 atri
554 939 632 993 sicut
645 937 747 1009 fuligo,
761 954 916 1008 perquam
931 937 1008 1009 ignis
1021 939 1100 993 sicut
1115 937 1173 993 loci
1189 937 1274 993 furve

151 1019 342 1089 transpanrit,
356 1030 387 1073 et
399 1019 452 1073 tali
466 1020 577 1089 pedum
591 1018 669 1072 sicut
683 1019 759 1072 duae
771 1018 901 1088 viperae.

205 1098 292 1152 Prior
313 1098 450 1153 diabolus
473 1098 532 1152 hoc
554 1098 622 1152 viso
643 1097 776 1167 conjecit
798 1112 830 1151 se
851 1112 943 1166 super
960 1112 1065 1168 genua,
1085 1106 1117 1151 et
1137 1096 1274 1151 adoravit

151 1176 244 1231 illum.
282 1175 433 1248 Quaesivi,
448 1185 464 1206 ‘⁶
473 1176 536 1231 Cur
548 1177 590 1231 ita
598 1176 629 1231 ?''

206 1255 297 1315 Dixit,
312 1257 390 1310 uEst
404 1256 453 1311 ille
467 1255 549 1310 Deus
561 1255 635 1309 caeli
648 1266 679 1309 et
694 1265 800 1315 terrae,
813 1265 919 1324 estque
931 1254 1151 1325 omnipotens.''

206 1335 244 1389 Et
256 1345 330 1390 tunc
342 1336 477 1405 quaesivi
491 1335 579 1396 hunc,
593 1343 608 1364 ⁴⁴
618 1333 699 1406 Quid
713 1346 746 1389 tu
761 1335 836 1389 dicis
848 1335 885 1388 ad
901 1332 997 1388 hoc?''

206 1414 384 1485 Respondit,
396 1414 500 1485 “Quid
515 1414 634 1468 dicam?
654 1425 700 1468 est
714 1413 786 1467 mihi
801 1414 899 1467 omnis
914 1423 1047 1483 potestas
1059 1429 1149 1484 super
1158 1413 1272 1468 caelum

151 1503 182 1549 et
195 1493 354 1554 infernum,
368 1510 432 1548 sors
446 1494 581 1547 omnium
594 1494 761 1547 animarum
775 1502 822 1547 est
836 1493 866 1546 in
881 1509 947 1546 mea
960 1493 1079 1548 manu.”

206 1573 245 1628 Et
266 1573 400 1642 quaesivi
421 1573 538 1634 iterum,
554 1573 741 1644 “Quomodo
764 1583 866 1642 potest
889 1573 946 1633 ille,
965 1571 1017 1642 qui
1039 1581 1086 1627 est
1111 1571 1275 1642 imperator

152 1652 374 1724 imperatorum,
389 1654 430 1707 ita
443 1670 476 1708 se
488 1654 673 1715 submittere,
687 1663 717 1707 et
730 1663 763 1706 tu
777 1653 983 1707 adorationem
999 1652 1167 1722 recipere?'’

206 1733 383 1802 Respondit,
394 1734 471 1787 “Est
481 1749 575 1802 usque
586 1749 670 1787 meus
680 1749 799 1794 servus;
816 1733 888 1802 quid
901 1733 1064 1802 imperator
1071 1749 1173 1787 coram
1185 1732 1273 1787 Deo?

151 1823 196 1868 est
210 1812 239 1866 in
253 1813 359 1866 dextra
371 1829 439 1866 mea
451 1811 566 1866 lulmen
579 1811 886 1866 excommunicandi.”

205 1890 244 1945 Et
253 1902 326 1946 tunc
337 1892 398 1945 dixi
410 1892 460 1953 illi,
471 1890 658 1963 “Quomodo
669 1903 755 1961 potes
766 1892 808 1944 ita
819 1891 969 1946 insanire?
997 1891 1106 1946 Fueras
1117 1891 1148 1945 in
1158 1893 1274 1946 mundo

150 1970 247 2025 solum
259 1971 437 2033 canonicus:
453 1981 485 2026 et
494 1972 566 2041 quia
576 1970 890 2041 phantasialaborasti,
898 1972 979 2040 quod
990 1971 1044 2024 tibi
1053 1971 1143 2026 etiam
1152 1970 1274 2026 fuerunt

151 2050 258 2112 claves,
272 2067 307 2104 ac
321 2051 390 2104 inde
406 2060 540 2120 potestas
559 2050 671 2121 ligandi
686 2059 718 2104 et
733 2050 878 2111 solvendi,
888 2050 1025 2119 spiritum
1041 2060 1125 2104 tuum
1143 2050 1173 2103 in
1193 2051 1273 2105 hunc

150 2131 275 2202 gradum
289 2130 428 2184 vesaniae
441 2146 590 2191 everteras,
603 2139 637 2183 ut
651 2145 729 2183 nunc
741 2130 845 2184 credas
859 2130 939 2199 quod
954 2129 994 2184 sis
1008 2129 1071 2198 ipse
1085 2128 1193 2184 Deus.”

205 2209 254 2264 Ad
274 2210 349 2263 haec
370 2210 541 2280 indignatus
556 2209 668 2278 juravit
683 2209 764 2279 quod
783 2209 832 2270 sit,
847 2220 878 2262 et
896 2209 978 2278 quod
1002 2209 1134 2264 Domino
1153 2225 1213 2263 non
1233 2209 1273 2264 sit

151 2289 250 2359 aliqua
264 2300 397 2359 potestas
408 2289 437 2342 in
449 2289 540 2350 caelo,
552 2296 568 2317 ⁴⁴
576 2289 648 2358 quia
656 2304 776 2343 omnem
787 2289 982 2342 transtulerat
996 2289 1025 2342 in
1037 2305 1106 2350 nos;
1125 2304 1186 2342 non
1196 2305 1273 2358 opus

152 2368 305 2429 habemus,
327 2384 416 2438 quam
438 2378 472 2422 ut
494 2370 678 2429 mandemus,
697 2383 732 2421 ac
749 2368 864 2422 caelum
884 2377 915 2422 et
934 2367 1082 2422 infernum
1102 2379 1273 2423 reverenter

151 2448 316 2510 obediuot;
335 2448 359 2502 si
374 2448 523 2502 mittimus
532 2448 661 2518 aliquem
674 2447 703 2501 in
718 2446 874 2508 infernum,
885 2447 996 2501 diaboli
1010 2448 1111 2502 statim
1125 2448 1272 2519 recipiunt

152 2526 246 2589 illum,
260 2528 397 2581 similiter
409 2528 507 2598 angeli
525 2528 609 2581 illum
622 2543 711 2597 quem
726 2527 873 2581 mittimus
887 2527 915 2581 in
930 2527 1073 2582 caelum.’'

204 2604 346 2679 Quaesivi
361 2623 459 2676 porro,
473 2606 581 2678 “Quot
594 2607 666 2661 estis
680 2605 709 2660 in
720 2606 864 2661 societate
877 2607 1013 2662 vestrai''

205 2685 298 2748 Dixit,
313 2693 328 2715 ¹¹
337 2686 486 2748 Trecenti,
501 2696 532 2740 et
547 2702 653 2740 omnes
673 2685 713 2740 ibi
732 2702 836 2740 sumus
851 2687 902 2748 dii,
918 2702 975 2757 ego
989 2696 1089 2741 autem
1106 2686 1180 2741 deus
1199 2687 1271 2742 deo·

153 2765 247 2819 rum?

207 2844 281 2898 Post
293 2843 367 2898 haec
380 2843 497 2914 aperuit
510 2860 542 2899 se
555 2853 635 2899 terra
647 2844 703 2898 sub
719 2844 845 2914 pedibus
858 2843 1061 2913 utriusque.et
1072 2844 1272 2899 subsederunt

152 2922 300 2993 profunde
323 2923 353 2976 in
375 2939 429 2978 sua
452 2922 583 2985 inferna;
605 2934 636 2978 et
654 2924 758 2977 datum
778 2933 824 2977 est
843 2924 953 2985 videre,
972 2926 1054 2993 quod
1072 2924 1128 2978 sub
1148 2923 1271 2979 inlernis

152 3002 269 3056 illorum
283 3014 385 3057 essent
398 3003 558 3073 ergastula,
574 3003 602 3055 in
616 3019 693 3072 quae
706 3002 881 3056 deciderent
895 3002 944 3063 illi,
957 3002 1008 3072 qui
1022 3003 1132 3056 damna
1144 3003 1210 3058 aliis
1226 3004 1270 3057 in·

152 3080 265 3143 ierunt:
284 3083 379 3136 cuivis
392 3083 472 3136 enim
494 3082 522 3135 in
540 3080 656 3136 inferno
672 3081 850 3151 relinquitur
862 3098 915 3136 sua
928 3081 1093 3151 phantasia,
1107 3092 1138 3136 et
1150 3098 1270 3152 quoque

150 3161 289 3232 gloriatio
304 3162 332 3215 in
348 3161 406 3222 illa,
419 3163 471 3216 sed
486 3178 546 3214 non
563 3161 633 3215 licet
646 3161 757 3215 malum
773 3160 870 3215 iacere
883 3161 978 3216 alteri.
1014 3159 1104 3232 Quod
1119 3162 1194 3216 tales
1210 3162 1271 3216 sint

152 3240 200 3301 ibi,
213 3250 259 3294 est
272 3241 342 3310 quia
355 3241 447 3295 homo
462 3251 534 3295 tunc
550 3251 596 3294 est
613 3241 642 3293 in
659 3256 715 3294 suo
730 3240 847 3310 spiritu,
861 3256 896 3294 ac
908 3240 1039 3310 spiritus,
1053 3252 1210 3311 postquam
1225 3258 1270 3296 se-

151 3329 271 3389 paratus
284 3331 330 3374 est
342 3336 362 3385 a¹
375 3336 508 3389 corpore,
521 3320 606 3374 venit
618 3321 648 3373 in
665 3320 782 3389 plenam
798 3320 965 3374 libertatem
980 3320 1089 3390 agendi
1104 3322 1269 3375 secundum

150 3399 216 3469 ejus
228 3397 402 3453 affedliones
415 3409 446 3453 et
460 3400 529 3453 inde
542 3400 750 3470 cogitationes.

206 3478 316 3532 Postea
328 3478 431 3532 datum
444 3489 490 3533 est
507 3479 652 3549 inspicere
668 3479 698 3532 in
718 3479 836 3532 illonrm
850 3477 981 3541 inferna;
999 3495 1034 3533 ac
1048 3477 1205 3541 infernum.
1218 3480 1268 3533 ubi

150 3567 235 3611 erant
251 3558 445 3627 imperatores
461 3558 674 3627 imperatorum
693 3573 728 3612 ac
743 3573 828 3628 reges
841 3574 952 3627 regum,
966 3568 1030 3612 erat
1050 3559 1171 3628 plenum
1187 3559 1268 3613 omni

151 3637 349 3697 immunditie,
368 3653 403 3691 ac
423 3637 464 3690 illi
483 3637 540 3691 visi
560 3647 630 3691 sunt
649 3636 727 3691 sicut
745 3637 844 3691 variae
865 3636 944 3691 ferae
962 3638 1140 3692 truculentis
1159 3637 1270 3692 oculis:

149 3715 287 3770 similiter
300 3716 329 3768 in
348 3716 445 3770 altero
464 3715 590 3777 inferno,
603 3716 653 3769 ubi
666 3728 752 3770 erant
767 3716 809 3770 dii
828 3727 858 3771 et
874 3717 948 3771 deus
963 3718 1105 3777 deorum;
1123 3725 1154 3770 et
1167 3716 1196 3768 in
1211 3716 1269 3770 hoc

149 3805 352 3864 apparuerunt
364 3795 446 3850 dirae
458 3810 528 3850 aves
542 3794 646 3856 noctis,
657 3811 733 3865 quae
742 3806 889 3850 vocantur
901 3797 992 3850 ochr'm
1002 3806 1033 3850 et
1045 3797 1122 3865 rjr‘m,
1132 3796 1269 3849 volantes

148 3874 261 3928 circum
275 3875 359 3937 illos;
379 3875 524 3946 imagines
540 3875 715 3945 phantasiae
731 3875 850 3930 illorum
867 3876 909 3929 ita
924 3875 997 3930 mihi
1010 3875 1092 3929 visae
1106 3884 1186 3930 sunt.
1224 3873 1268 3928 Ex

150 3952 197 4008 his
209 3953 316 4024 patuit,
329 3955 426 4024 qualis
438 3964 485 4009 est
497 3969 583 4008 amor
595 3954 640 4008 sui
654 3955 803 4024 politicus,
813 3964 844 4010 et
853 3955 949 4025 qualis
962 3965 1008 4008 est
1021 3970 1106 4008 amor
1114 3953 1160 4008 sui
1174 3953 1269 4009 eccle·

148 4033 294 4094 siasticus,
308 4035 389 4103 quod
410 4033 459 4088 hic
480 4033 520 4087 sit
538 4044 572 4086 ut
586 4033 681 4087 velint
700 4050 765 4088 esse
783 4035 833 4095 dii,
850 4034 898 4100 ille
916 4043 1017 4088 autem
1038 4042 1072 4086 ut
1090 4032 1185 4086 velint
1202 4048 1268 4087 esse

149 4111 359 4182 imperatores:
378 4124 409 4166 et
421 4114 502 4183 quod
517 4113 559 4167 ita
570 4112 673 4174 velint,
686 4122 717 4167 et
730 4129 850 4185 quoque
862 4110 1012 4175 afleflent,
1025 4121 1170 4183 quantum
1184 4111 1269 4167 irena

148 4191 300 4246 amoribus
315 4192 379 4246 istis
391 4192 568 4247 relaxantur.

202 4271 294 4342 263.
320 4272 428 4326 Postea
438 4282 573 4341 apertum
588 4282 635 4326 est
648 4271 806 4333 infernum,
819 4272 869 4326 ubi
882 4271 944 4326 vidi
958 4273 1041 4333 duos,
1055 4287 1148 4326 unum
1161 4271 1268 4327 seden-

148 4359 210 4404 tem
230 4366 320 4420 super
331 4367 463 4413 scamno,
476 4361 630 4407 tenentem
653 4353 744 4422 pedes
762 4352 792 4406 in
811 4352 942 4407 canistro
962 4354 1051 4422 pleno
1069 4351 1266 4422 serpentibus,

148 4429 200 4491 oui
219 4429 275 4486 visi
293 4440 364 4484 sunt
384 4447 501 4486 sursum
521 4447 575 4498 per
593 4429 697 4502 petius
715 4447 810 4503 usque
824 4432 862 4486 ad
881 4431 992 4487 collum
1007 4432 1217 4504 subrepentes}
1234 4441 1267 4486 et
