2782 5026
222 445 283 525 338
529 452 801 515 ,vonuurnrss
824 454 1009 505 mssumc

217 643 254 684 ex
267 627 419 683 creatione
429 635 484 687 est,
492 625 545 681 sed
558 625 649 680 etiam
662 635 770 680 contra
781 625 975 687 creationem.
985 635 1033 680 est
1045 625 1168 681 dabilis:
1186 642 1237 683 nos
1247 638 1306 696 spec

219 718 320 763 tamus
332 706 474 777 opposita
491 705 636 760 creationi
650 716 685 758 ut
696 703 816 775 objetla
829 705 940 759 nullius
953 705 1023 760 rei.”

274 785 331 840 His
343 785 439 846 dietis,
452 785 582 840 laetatus
594 792 659 839 sum
673 785 764 839 corde
774 784 856 854 quod
870 785 975 839 datum
990 784 1030 839 sit
1045 785 1129 856 loqui
1140 801 1210 840 cum
1224 779 1320 865 augelis

218 865 286 922 talis
300 864 498 927 innocentiae,
508 863 559 935 qui
575 879 697 934 prorsus
711 863 884 918 nesciebant
897 862 969 934 quid
983 864 1143 927 scortatio:
1162 878 1250 936 quare
1258 864 1327 919 solut

217 960 252 1000 os
270 955 302 999 et
316 943 416 1005 docui,
429 943 542 1004 dicens,
556 941 692 997 “Nonne
708 941 791 997 scitis
803 943 885 1012 quod
899 942 988 996 detur
1001 944 1115 997 bonurn
1131 954 1162 998 et
1177 937 1332 1005 malumet

217 1025 299 1095 quod
313 1025 425 1077 bonum
440 1023 479 1077 sit
490 1038 510 1076 a
521 1021 682 1083 creatione.
693 1038 753 1075 non
766 1032 866 1075 autem
883 1020 1017 1075 malum?
1035 1032 1067 1076 et
1080 1036 1175 1093 usque
1186 1023 1289 1076 malum
1299 1023 1342 1075 it*

217 1119 251 1158 ee
264 1101 433 1173 spectatum
445 1118 506 1156 non
516 1112 563 1156 est
576 1101 659 1163 nihil,
669 1100 790 1155 tametsi
801 1109 850 1156 est
868 1101 943 1155 nihil
956 1101 1043 1156 boni:
1061 1117 1080 1156 a
1091 1102 1245 1157 creatione
1252 1088 1363 1157 dett(

218 1183 340 1242 bonum,
353 1193 385 1235 et
397 1197 518 1251 quoque
532 1182 644 1234 bonum
661 1181 691 1234 in
707 1181 801 1250 gradu
815 1180 946 1235 maximo
961 1191 992 1235 et
1008 1180 1038 1234 in
1053 1182 1149 1251 gradu
1163 1182 1293 1242 minimo.
1303 1189 1344 1235 ec

216 1277 285 1316 curn
300 1261 357 1314 hoc
371 1259 527 1313 minimum
544 1259 578 1313 fit
594 1259 677 1321 nihil.
691 1260 824 1331 exsurgit
839 1261 878 1314 ab
893 1261 987 1315 altera
1002 1271 1086 1330 parte
1100 1261 1232 1315 malurn:
1249 1277 1332 1332 quare

217 1356 278 1394 non
291 1339 380 1393 datur
392 1339 498 1393 relatio
511 1353 566 1393 nec
580 1338 749 1409 progressio
761 1337 832 1393 boni
848 1339 886 1393 ad
903 1340 1022 1400 malum,
1035 1338 1088 1393 sed
1105 1340 1214 1393 relatio
1228 1351 1259 1395 et
1274 1356 1333 1411 pro-

215 1419 330 1489 gressio
343 1417 414 1472 boni
430 1418 467 1471 ad
483 1417 582 1487 majus
595 1428 626 1471 et
642 1418 741 1471 minus
754 1418 876 1479 bonurn,
889 1434 924 1472 ac
940 1418 1009 1472 mali
1025 1418 1063 1472 ad
1078 1418 1178 1489 majus
1194 1429 1226 1474 et
1242 1421 1335 1474 minus

217 1498 338 1558 malum,
352 1506 423 1551 sunt
438 1496 518 1551 enim
534 1497 675 1566 opposita
691 1496 720 1549 in
736 1497 877 1551 omnibus
892 1507 924 1551 et
939 1497 1078 1568 singulis:
1096 1506 1129 1552 et
1144 1500 1217 1569 quia
1230 1501 1335 1553 bonum

215 1589 248 1631 et
263 1577 374 1630 malum
390 1587 461 1630 sunt
475 1576 624 1645 opposita,
637 1577 726 1630 datur
741 1575 961 1637 intermedium.
974 1587 1006 1631 et
1021 1576 1062 1630 ibi
1077 1578 1297 1648 aequilibrium,
1310 1578 1335 1632 in

217 1672 279 1727 quo
293 1657 403 1709 malum
417 1655 479 1726 agit
491 1666 598 1710 contra
610 1657 739 1717 bonum;
758 1656 810 1710 sed
823 1656 894 1726 quia
910 1672 970 1711 non
985 1657 1145 1726 praevalet.
1159 1659 1300 1714 subsistit
1310 1658 1337 1713 in

216 1744 337 1789 conatu.
375 1734 482 1789 Omnis
499 1734 590 1789 homo
616 1735 646 1788 in
666 1734 724 1788 hoc
739 1734 916 1804 aequilibrio
930 1735 1089 1798 educatur:
1107 1737 1191 1807 quod
1208 1739 1279 1808 quia
1296 1749 1339 1793 est

217 1813 297 1868 inter
315 1815 428 1868 bonum
447 1823 478 1868 et
497 1815 617 1874 malum,
631 1830 684 1868 seu
703 1815 784 1884 quod
801 1813 889 1874 idem,
903 1814 981 1868 inter
995 1814 1111 1868 caelum
1132 1825 1163 1869 et
1183 1814 1338 1879 inlernum.

216 1902 263 1947 est
276 1893 485 1963 aequilibrium
496 1891 659 1963 spirituale,
669 1894 760 1963 quod,
770 1893 849 1963 apud
863 1892 931 1947 illos
941 1892 993 1963 qui
1007 1893 1037 1947 in
1048 1893 1101 1948 illo
1112 1904 1193 1958 sunt,
1203 1896 1341 1965 producit

215 1972 350 2026 liberum.
389 1971 538 2026 Dominus
551 1988 587 2026 ex
601 1972 660 2026 boc
671 1972 848 2042 aequilibrio
861 1980 966 2027 omnes
978 1972 1071 2028 trahit
1083 1973 1121 2027 ad
1137 1971 1186 2036 Se,
1200 1986 1233 2029 et
1246 1974 1340 2030 bomi-

216 2067 293 2110 nem.
302 2051 353 2120 qui
364 2067 400 2105 ex
410 2051 505 2106 libero
515 2051 658 2121 sequitur.
667 2051 769 2106 educit
781 2067 798 2105 e
808 2052 887 2105 malo
898 2051 927 2105 in
939 2053 1061 2112 bonum.
1071 2062 1103 2107 et
1115 2052 1160 2107 sic
1173 2054 1206 2108 in
1218 2056 1340 2110 osclum.

217 2129 320 2184 Simile
330 2141 377 2184 est
389 2145 456 2183 cum
470 2146 579 2191 amore,
589 2130 735 2199 imprimis
744 2146 811 2184 cum
822 2145 923 2184 amore
934 2132 1103 2201 coniugiali.
1113 2143 1146 2186 et
1158 2149 1230 2188 cum
1241 2150 1339 2190 amore

216 2209 411 2269 scortatorioz
431 2209 479 2263 hic
494 2225 579 2263 amor
593 2221 639 2264 est
658 2210 778 2270 malum,
796 2209 845 2264 ille
861 2221 963 2264 autem
979 2211 1109 2273 bonum;
1129 2213 1233 2268 omnis
1249 2214 1340 2269 homo

215 2288 266 2358 qui
275 2304 380 2342 vocem
394 2288 514 2342 Domini
523 2290 616 2350 audit,
624 2299 655 2343 et
668 2305 705 2343 ex
714 2288 810 2343 libero
817 2289 961 2360 sequitur.
970 2289 1019 2344 ille
1029 2306 1047 2344 a
1058 2290 1193 2347 Domino
1204 2293 1339 2349 introdu-

216 2367 295 2421 citur
311 2368 340 2421 in
356 2384 489 2422 amorem
506 2368 716 2438 conjugialem,
733 2378 764 2422 et
783 2368 812 2421 in
832 2368 934 2422 omnia
948 2367 1082 2438 jucunda
1096 2382 1129 2424 et
1144 2371 1247 2427 fausta
1261 2374 1340 2442 ejus:

216 2457 248 2502 at
262 2448 314 2519 qui
332 2464 393 2502 non
410 2448 495 2502 audit
514 2459 545 2502 et
564 2465 623 2503 non
637 2449 781 2519 sequitur,
795 2449 844 2503 ille
859 2460 954 2503 semet
970 2450 1134 2505 introducit
1155 2453 1184 2505 in
1205 2468 1337 2508 amorem

216 2528 437 2588 scortatorium,
451 2539 482 2582 et
498 2528 625 2597 primum
640 2530 669 2582 in
683 2529 748 2599 ejus
760 2530 900 2599 jucunda,
913 2541 944 2584 at
957 2540 1063 2600 postea
1075 2530 1106 2584 in
1121 2531 1297 2600 injucunda,
1309 2543 1338 2588 et

216 2607 337 2662 demum
353 2607 381 2660 in
396 2606 553 2661 inlausta.”

270 2685 327 2740 llis
339 2684 436 2746 dietis.
447 2686 508 2739 bini
523 2685 564 2739 illi
577 2686 674 2756 angeli
685 2686 905 2757 quaesiverunt
916 2685 1102 2758 “Quomodo
1114 2689 1216 2759 potuit
1227 2692 1336 2746 malum

214 2764 350 2826 existere,
364 2766 485 2834 quando
501 2782 560 2819 non
578 2765 634 2819 nisi
650 2782 739 2835 quarn
756 2767 868 2820 bonum
884 2783 902 2820 a
917 2767 1068 2821 creatione
1080 2768 1260 2825 exstiterat?
1297 2769 1337 2826 Ut

214 2844 326 2914 aliquid
343 2845 462 2905 existat.
478 2845 535 2899 erit
550 2845 636 2915 origo
653 2846 734 2914 ejus:
753 2846 865 2898 bonum
881 2862 942 2899 non
959 2847 1058 2915 potuit
1073 2848 1162 2918 origo
1176 2849 1250 2903 mali
1264 2865 1336 2913 esse,

214 2923 286 2991 quia
305 2923 415 2976 malum
435 2934 482 2977 est
503 2923 577 2976 nihil
596 2923 676 2985 boni,
693 2934 739 2977 est
760 2924 839 2977 enim
864 2925 1042 2993 privativum
1063 2937 1095 2980 et
1116 2927 1336 2984 destrutlivum

214 3002 305 3064 boni:
320 3012 351 3056 at
364 3018 458 3072 usque
468 3002 539 3073 quia
551 3003 640 3057 datur
651 3013 683 3057 et
695 3001 832 3064 sentitur.
846 3018 906 3057 non
920 3015 967 3058 est
982 3005 1065 3068 nihil.
1079 3008 1132 3062 sed
1142 3018 1189 3063 est
1202 3009 1333 3081 aliquid:

214 3082 264 3136 dic
276 3097 349 3151 ergo
362 3082 443 3135 unde
456 3081 514 3136 hoc
526 3082 639 3153 aliquid
656 3081 772 3136 exstitit
780 3091 849 3151 post
861 3082 1015 3139 nihilum.”

269 3161 318 3215 Ad
333 3161 407 3215 haec
416 3162 565 3231 respondi,
576 3169 590 3191 ‘⁴
603 3161 671 3215 Hoc
683 3176 824 3215 arcanum
839 3178 900 3216 non
913 3161 1020 3232 aperiri
1033 3172 1136 3232 potest
1146 3163 1204 3218 nisi
1216 3165 1337 3227 sciatur,

215 3241 296 3311 quod
313 3241 412 3295 nullus
426 3242 523 3295 bonus
536 3240 576 3295 sit
588 3257 678 3311 quam
689 3241 771 3294 solus
783 3240 872 3301 Deus,
882 3251 913 3295 et
925 3241 1007 3312 quod
1021 3257 1080 3295 non
1094 3241 1210 3313 aliquid
1224 3245 1336 3299 bonum

215 3318 255 3373 sit
267 3320 348 3390 quod
363 3320 392 3373 in
406 3335 438 3373 se
452 3321 563 3373 bonum
574 3330 627 3380 est.
639 3319 695 3373 nisi
708 3336 726 3373 a
741 3319 822 3382 Deo;
840 3336 933 3391 quare
943 3320 994 3390 qui
1007 3319 1123 3390 spectat
1135 3323 1174 3375 ad
1189 3320 1298 3385 Deum,
1307 3335 1338 3378 et

215 3398 280 3453 vult
291 3398 359 3453 duci
370 3415 388 3452 a
403 3398 477 3460 Deo,
488 3398 537 3452 ille
550 3399 580 3452 in
591 3401 673 3453 bono
682 3408 744 3462 est;
762 3410 794 3453 at
804 3399 856 3469 qui
866 3400 976 3453 avertit
986 3416 1018 3453 se
1030 3415 1049 3453 a
1062 3398 1137 3461 Deo,
1148 3411 1181 3455 et
1192 3403 1260 3456 vult
1270 3403 1338 3457 duci

215 3492 233 3531 a
245 3488 349 3540 semet,
364 3477 413 3532 ille
427 3494 487 3531 non
502 3478 531 3531 in
544 3479 626 3532 bono
637 3488 692 3538 est,
707 3495 775 3532 nam
787 3480 897 3532 bonum
909 3479 990 3549 quod
1004 3477 1082 3540 lacit,
1093 3490 1141 3533 est
1153 3481 1201 3534 vel
1216 3492 1338 3552 propter

214 3572 254 3616 se.
269 3557 316 3610 vel
337 3567 460 3626 propter
475 3558 629 3617 mundum,
643 3557 685 3611 sic
704 3567 751 3611 est
769 3557 816 3611 vel
836 3558 1029 3618 meritorium,
1044 3558 1092 3612 vel
1108 3558 1338 3624 simulatorium,

214 3635 261 3690 vel
278 3635 512 3705 hypocriticum:
536 3652 572 3690 ex
591 3636 700 3706 quibus
713 3645 797 3706 patet
809 3638 890 3707 quod
907 3637 969 3706 ipse
985 3638 1076 3691 homo
1095 3637 1135 3692 sit
1150 3639 1239 3710 origo
1252 3641 1338 3700 mali;

215 3730 275 3768 non
289 3716 370 3784 quod
385 3715 470 3785 origo
485 3715 533 3769 illa
546 3731 582 3768 ex
596 3716 746 3770 creatione
760 3716 874 3769 homini
892 3715 986 3770 indita
998 3715 1095 3776 luerit,
1109 3717 1162 3771 sed
1176 3720 1261 3787 quod
1275 3720 1338 3790 ipse

215 3810 267 3863 per
281 3794 508 3849 conversionem
527 3811 544 3847 a
565 3794 685 3848 Deo'ad
704 3805 800 3848 semet
815 3795 870 3848 sibi
890 3795 1032 3848 indiderit
1046 3795 1136 3850 illam.
1173 3796 1271 3869 Origo
1290 3800 1339 3854 illa

215 3873 284 3926 mali
299 3890 358 3927 non
373 3873 429 3928 luit
443 3874 472 3927 in
488 3874 606 3928 Adamo
620 3884 652 3928 et
664 3874 728 3942 ejus
741 3888 848 3936 uxore;
864 3874 918 3928 sed
931 3874 1053 3945 quando
1065 3890 1191 3945 serpens
1202 3877 1291 3940 dixit.

257 4008 262 4026 ·
271 4003 328 4061 Quo
337 4004 377 4108 dile
389 4003 541 4123 c)omederitis
551 4004 582 4050 de
592 4004 679 4050 arbore
687 4003 800 4049 scientiae
809 4002 869 4048 boni
880 4010 904 4049 et
914 4003 978 4060 mall,
987 4038 994 4054 .
1003 4038 1009 4052 .
1019 4037 1025 4051 .
1034 4003 1099 4050 eritis
1108 4004 1172 4052 sieut
1180 4005 1257 4054 Deus'
1264 4006 1336 4068 (Gen.

335 4077 351 4109 u
361 4099 367 4111 .
378 4076 392 4121 5
414 4079 420 4111 z

213 4201 244 4245 et
257 4201 329 4244 tunc
341 4190 412 4260 quia
421 4199 595 4245 averterunt
607 4206 640 4244 se
652 4206 670 4244 a
685 4189 759 4251 Deo.
769 4199 801 4245 et
812 4199 1025 4246 converterunt
1038 4192 1121 4246 seed
1135 4203 1242 4258 semet,
1251 4205 1287 4250 ut
1299 4196 1335 4250 ed

213 4269 311 4330 deum,
325 4269 461 4324 lecerunt
475 4269 504 4322 in
521 4286 552 4324 se
565 4269 712 4339 originem
727 4269 807 4324 mali.
843 4269 955 4324 ‘Edere
969 4286 1006 4324 ex
1023 4269 1073 4324 illa
1087 4273 1210 4328 arbore'
1223 4274 1337 4347 signifi-

213 4350 300 4482 cgbat
313 4351 434 4405 credere
444 4350 525 4419 quod
535 4349 610 4405 sciat
623 4350 734 4405 bouum
749 4361 781 4405 et
793 4350 904 4404 malum
917 4365 952 4404 ac
964 4349 1059 4420 sapiat
1072 4366 1110 4405 ex
1122 4368 1165 4415 se.
1178 4366 1211 4409 et
1223 4371 1286 4412 non
1300 4371 1336 4411 ex

245 4428 310 4482 eo...
