2782 5026
127 414 190 496 380
457 421 705 475 vouuarnras
728 422 914 473 msanrna

126 598 237 665 omnis
254 595 390 679 generis
408 594 551 659 luxuriis
569 603 605 658 et
628 593 888 676 voluptatibus;
911 595 946 659 hi
970 595 1108 678 proprie
1127 595 1254 662 intelli·

126 706 253 779 guntur
282 714 343 776 per
368 691 566 755 sensuales:
601 689 635 752 in
666 692 771 754 tertio
800 691 910 771 gradu
940 701 1033 766 sunt,
1059 693 1117 774 qui
1146 693 1255 757 solum

126 801 246 855 amant
261 810 298 852 se
314 791 417 870 ipsos,
433 785 595 869 ponendo
611 785 719 849 corin
736 786 868 849 ambitu
880 786 1043 863 honoris;
1068 786 1104 850 hi
1121 789 1256 870 proprie

126 886 366 967 intelliguntur
383 902 443 966 per
461 900 665 962 corporeos3
690 899 792 943 causa
810 890 876 956 est,
901 881 981 963 quia
998 883 1117 945 omnia
1135 882 1257 947 volun·

127 983 210 1047 tatis
240 990 276 1045 et
306 979 385 1042 inde
408 972 604 1039 intelledlus
629 976 839 1057 immergunt
862 977 1008 1056 corpori,
1029 996 1071 1040 ac
1095 988 1193 1042 retro
1215 979 1257 1042 ab

126 1078 202 1141 aliis
220 1096 257 1139 se
274 1070 445 1155 spestant,
464 1081 501 1134 et
518 1071 655 1152 propria
673 1090 737 1133 sua
755 1071 927 1135 duntaxat
945 1083 1089 1149 amant;
1114 1094 1257 1137 sensua-

127 1174 179 1238 les
197 1182 313 1235 autem
333 1169 447 1232 omnia
465 1167 654 1230 voluntatis
672 1177 709 1231 et
728 1167 807 1230 inde
826 1165 1022 1231 intellectus
1044 1169 1258 1252 immergunt

127 1266 297 1332 illecebris
313 1273 348 1329 et
365 1263 505 1327 fallaciis
518 1281 689 1336 sensuum,
703 1261 756 1325 his
772 1262 881 1325 solum
894 1261 1132 1344 indulgendo;
1158 1277 1259 1330 natu·

127 1364 217 1429 rales
239 1370 356 1424 autem
379 1358 495 1422 omnia
517 1357 707 1421 voluntatis
730 1366 766 1422 et
795 1354 994 1421 intellectus
1017 1357 1201 1424 effundunt
1224 1361 1258 1423 in

129 1458 305 1530 mundum,
325 1474 426 1518 avare
445 1463 481 1517 et
503 1452 737 1516 fraudulenter
755 1453 990 1534 conquirendo
1009 1474 1107 1536 opes,
1128 1466 1167 1519 et
1190 1475 1258 1520 non

128 1552 231 1618 aliurn
248 1569 345 1614 usum
361 1567 463 1632 quam
475 1548 701 1629 possessionis
725 1549 758 1610 in
775 1547 842 1610 illis
858 1557 893 1610 et
910 1568 956 1611 ex
973 1549 1041 1612 illis
1054 1548 1258 1631 spectando.

62 1668 64 1675 ·
129 1646 314 1712 Adulteria
337 1643 618 1725 supranominata
641 1652 782 1706 vertunt
805 1643 962 1706 homines
995 1644 1030 1706 in
1064 1646 1259 1726 degeneres

128 1743 194 1807 hos
220 1741 358 1825 gradus,
382 1757 485 1801 unum
515 1738 549 1799 in
580 1737 681 1812 hunc,
706 1737 852 1801 alterum
875 1738 909 1801 in
933 1738 1041 1814 illum,
1066 1741 1260 1822 quemlibet

130 1838 317 1903 secundum
338 1835 502 1918 placitum
522 1833 657 1915 volupe,
678 1853 723 1895 ex
743 1853 810 1914 quo
829 1831 867 1897 fit
887 1835 1009 1913 genius
1027 1835 1111 1915 ejus.

192 1943 293 2014 497.
318 1927 419 2012 (xvi.)
445 1927 542 2005 Quod
556 1927 590 1990 in
609 1936 750 1999 tantum,
769 1936 806 1989 ut
823 1927 957 1990 tandem
974 1929 1090 1992 omnia
1106 1931 1261 1996 ecclessiae

129 2038 162 2093 et
179 2026 351 2108 religionis
370 2045 392 2087 a
409 2043 446 2087 se
462 2020 772 2107 rejiciant-Quod
791 2022 938 2087 adulteri
957 2045 1003 2086 ex
1022 2026 1206 2106 proposito
1223 2036 1260 2093 et

130 2147 176 2190 ex
195 2121 396 2188 confirmato
414 2120 531 2183 omnia
549 2118 716 2182 ecclesiae
735 2127 771 2181 et
794 2117 967 2199 religionis
989 2140 1011 2183 a
1033 2141 1071 2183 se
1091 2121 1259 2203 rejiciant.

131 2230 185 2285 est
208 2219 287 2302 quia
308 2235 404 2278 amor
422 2212 570 2294 conjugii
592 2222 628 2276 et
651 2232 748 2276 amor
766 2212 924 2276 adulterii
943 2216 1095 2296 oppositi
1115 2218 1187 2281 sint
1212 2217 1260 2301 (n.

130 2315 222 2398 425),
234 2323 269 2378 et
289 2332 384 2375 amor
399 2309 548 2390 conjugii
564 2327 642 2371 curn
658 2307 806 2372 ecclesia
823 2319 860 2372 et
879 2308 1045 2390 religione
1063 2331 1169 2374 unum
1185 2314 1261 2395 agit

134 2411 182 2494 (n.
197 2425 266 2491 130,
280 2418 316 2471 et
332 2406 442 2471 ubivis
454 2404 535 2468 alibi
551 2405 583 2467 in
602 2403 702 2467 Parte
716 2402 859 2484 priore);
883 2404 962 2467 inde
975 2424 1073 2468 amor
1085 2406 1258 2483 adulterii,

131 2507 209 2590 quia
225 2503 414 2587 oppositus,
428 2520 505 2564 cum
521 2500 587 2563 illis
604 2520 690 2582 quae
707 2510 828 2563 contra
844 2499 1026 2563 ecclesiam
1043 2511 1136 2576 sunt,
1154 2523 1259 2567 unum

131 2603 215 2684 agit.
260 2599 363 2682 Quod
382 2596 529 2660 adulteri
549 2595 597 2658 illi
616 2596 732 2659 omnia
751 2595 918 2659 ecclesiae
938 2605 973 2660 et
992 2595 1064 2676 ejus
1083 2597 1260 2679 religionis

132 2719 153 2762 a
182 2719 219 2761 se
245 2694 409 2776 rejiciant,
427 2702 481 2756 est
511 2692 589 2773 quia
618 2710 714 2754 arnor
737 2690 884 2771 conjugii
914 2701 950 2754 et
979 2710 1076 2754 amor
1098 2693 1261 2756 adulterii

132 2792 282 2875 oppositi
301 2798 391 2863 sunt,
412 2789 500 2851 sicut
519 2785 714 2867 conjugium
734 2786 815 2849 boni
839 2795 874 2849 et
898 2787 968 2848 veri
986 2788 1186 2867 oppositum
1206 2799 1262 2853 est

133 2887 304 2953 connubio
321 2883 400 2947 mali
417 2893 451 2946 et
471 2881 545 2944 salsi
567 2881 614 2963 (n.
630 2896 704 2961 427,
720 2881 823 2963 428);
847 2901 886 2944 ac
906 2880 1102 2962 conjugium
1123 2884 1206 2946 boni
1225 2895 1261 2950 et

132 2984 203 3048 veri
214 2991 267 3045 est
281 2978 436 3049 ecclesia.
449 2987 485 3040 at
495 2977 701 3041 connubium
716 2977 795 3039 mali
808 2988 842 3040 et
856 2976 931 3039 salsi
944 2987 997 3039 est
1009 2978 1262 3043 anti-ecclesia.

134 3077 237 3162 Quod
254 3075 400 3140 adulteri
418 3073 466 3136 illi
485 3093 505 3135 a
523 3093 559 3136 se
579 3072 732 3153 rejiciant
749 3073 863 3135 omnia
879 3072 1047 3136 ecclesiae
1063 3083 1100 3136 et
1121 3073 1264 3156 religio·

134 3177 196 3250 nis,
215 3182 268 3238 est
287 3171 365 3254 quia
384 3187 481 3232 amor
499 3166 647 3248 conjugii
666 3177 701 3231 et
721 3187 817 3230 amor
833 3167 991 3231 adulterii
1011 3179 1091 3231 sunt
1107 3170 1263 3250 oppositi

133 3271 221 3335 sicut
244 3266 377 3331 caelum
400 3274 436 3327 et
459 3264 624 3326 infernum
647 3262 694 3343 (n.
717 3262 817 3344 429);
849 3274 883 3326 et
908 3264 940 3325 in
964 3263 1062 3326 caelo
1085 3273 1141 3327 est
1164 3285 1265 3330 amor

134 3366 286 3432 omnium
310 3361 488 3434 ecclesiae,
513 3369 548 3422 at
576 3360 608 3421 in
632 3358 764 3421 inferno
783 3368 836 3422 est
860 3359 974 3421 odium
999 3369 1122 3421 contra
1145 3362 1265 3424 omnia

135 3460 313 3528 ecclesiae.
358 3455 460 3538 Quod
480 3453 648 3517 adulteria
667 3454 726 3517 illa
745 3454 859 3516 omnia
877 3453 1045 3517 ecclesiae
1063 3464 1099 3516 et
1120 3455 1264 3537 religio·

135 3559 187 3622 nis
217 3577 237 3620 a
266 3575 303 3617 se
333 3551 497 3633 rejiciant,
522 3557 575 3612 est
606 3570 740 3631 quoque
767 3550 845 3630 quia
863 3547 1098 3629 jucunditates
1123 3549 1263 3614 illorum

134 3653 298 3719 inchoant
321 3668 341 3713 a
364 3666 477 3720 carne,
497 3656 533 3709 et
553 3645 643 3727 quod
663 3645 731 3708 sint
752 3644 862 3707 carnis
881 3645 986 3707 etiam
1010 3645 1044 3707 in
1068 3646 1191 3725 spiritu
1212 3644 1263 3728 (n.

135 3765 209 3831 440,
232 3743 333 3826 441);
366 3752 402 3806 et
432 3762 511 3805 caro
534 3750 588 3804 est
618 3749 738 3803 contra
762 3740 927 3820 spiritum,
952 3738 1017 3802 hoc
1048 3750 1115 3814 est,
1141 3753 1265 3806 contra

135 3841 322 3928 spiritualia
338 3836 525 3902 ecclesiae:
550 3837 629 3898 inde
649 3835 753 3897 etiarn
770 3833 1003 3914 jucunditates
1020 3835 1147 3897 amoris
1166 3855 1265 3900 scor·

136 3939 254 4005 tatorii
280 3945 448 3998 vocantur
469 3931 667 4012 voluptates
691 3930 853 3992 insaniae.
897 3928 933 3992 Si
963 3929 1171 3993 desideratis
1200 3931 1265 3994 de·

137 4033 415 4102 monstrationes‚
428 4029 521 4092 adite
532 4047 658 4110 quaeso
669 4027 755 4099 illos,
768 4044 853 4107 quos
866 4025 974 4087 nostis
985 4025 1075 4089 tales
1086 4026 1264 4090 adulteros

138 4152 225 4205 esse,
249 4138 285 4192 et
312 4126 464 4210 quaerite
494 4124 527 4187 in
558 4122 707 4197 occulto,
731 4120 812 4203 quid
842 4121 1000 4201 cogitant
1031 4122 1075 4184 de
1107 4120 1194 4197 Deo,
1219 4122 1263 4185 de

138 4225 295 4297 ecclesia,
321 4233 356 4286 et
382 4222 425 4284 de
447 4221 521 4283 vita
543 4228 694 4292 aeterna,
719 4227 754 4281 et
778 4216 933 4280 audietis.
978 4215 1137 4281 Genuina
1161 4237 1265 4281 causa

138 4331 204 4395 est,
225 4320 303 4402 quia
321 4318 407 4380 sicut
427 4335 523 4378 amor
542 4312 741 4394 conjugialis
761 4312 871 4393 aperit
890 4312 1053 4374 interiora
1070 4314 1209 4390 mentis,
1226 4322 1264 4378 et

140 4417 187 4480 sic
207 4414 322 4478 elevat
346 4411 404 4477 illa
423 4429 524 4492 supra
542 4407 713 4473 sensualia
731 4409 883 4489 corporis
903 4427 1008 4489 usque
1031 4407 1065 4470 in
1090 4407 1201 4473 lucem
1225 4417 1260 4472 et
