2782 5026
132 453 175 538 5⁶
477 470 661 522 naucraa
683 470 914 523 samum

131 654 224 711 num,
244 645 280 702 et
299 637 522 703 divortiorum
541 639 575 703 in
594 661 656 704 suo
678 641 798 705 ordine
816 642 1045 724 detegentur;
1068 642 1247 724 exquibus

131 731 313 806 videbitur,
333 733 424 815 quod
439 734 529 815 apud
548 734 730 819 plerosque
752 736 854 800 hodie
874 738 923 800 ita
938 736 1119 800 aboleatur
1137 738 1248 818 imago

130 825 191 889 illa
208 828 334 890 amoris
352 826 564 910 conjugialis,
583 840 620 893 et
638 850 717 894 cum
738 830 799 894 illa
817 832 983 913 cognitio,
1004 852 1109 914 usque
1126 842 1164 895 ut
1185 851 1248 894 non

130 922 258 984 sciatur
274 922 382 1004 qualis
397 933 461 998 est,
478 932 515 987 et
531 925 590 986 vix
606 925 698 1007 quod
717 926 773 988 sit.
818 925 950 988 Notum
965 936 1020 990 est
1032 926 1125 1008 quod
1142 927 1249 989 omnis

130 1014 248 1092 homo,
268 1016 349 1078 dum
372 1017 535 1092 nascitur,
559 1020 604 1082 sit
626 1039 720 1082 mere
743 1039 937 1100 corporeus,
957 1029 993 1082 et
1017 1021 1110 1102 quod
1133 1041 1155 1083 a
1178 1040 1250 1084 cor·

131 1130 237 1194 poreo
255 1109 315 1175 fiat
335 1111 499 1176 naturalis
514 1114 656 1177 interior
670 1125 706 1179 et
724 1116 875 1187 interior,
892 1117 993 1179 etsie
1010 1114 1201 1190 rationalis,
1218 1126 1251 1178 et

131 1205 269 1268 demum
286 1207 492 1288 spiritualis:
516 1208 607 1291 quod
631 1209 682 1271 ita
703 1213 931 1292 progressive,
951 1221 1005 1274 est
1028 1212 1108 1293 quia
1130 1230 1251 1292 corpo·

130 1321 225 1366 reurn
244 1311 298 1364 est
317 1303 404 1365 sicut
423 1302 556 1378 humus,
576 1304 629 1365 cui
646 1305 826 1378 naturalia,
846 1305 1038 1379 rationalia,
1059 1316 1096 1368 et
1115 1306 1251 1387 spiritu-

132 1395 199 1460 alia
227 1397 262 1459 in
285 1417 346 1459 suo
369 1398 487 1460 ordine
509 1399 722 1476 inseruntur;
751 1399 801 1462 ita
823 1398 862 1463 fit
890 1400 995 1463 homo
1017 1399 1095 1480 plus
1118 1409 1154 1462 et
1178 1399 1253 1482 plus

130 1490 246 1554 homo.
291 1491 402 1554 Paene
414 1491 523 1555 simile
536 1490 574 1554 fit
590 1510 666 1555 curn
679 1493 742 1555 init
756 1493 969 1575 conjugium:
994 1504 1076 1557 tunc
1093 1492 1132 1556 fit
1147 1493 1252 1557 homo

130 1585 264 1668 plenior
289 1585 405 1662 homo,
433 1587 512 1668 quia
533 1584 753 1668 conjungitur
774 1607 851 1650 curn
881 1597 1055 1662 consorte,
1080 1606 1159 1650 curn
1187 1606 1253 1669 qua

132 1699 236 1743 unum
251 1679 425 1742 hominem
437 1689 520 1760 agat
533 1700 541 1757 ;
565 1680 626 1743 sed
641 1680 706 1744 hoc
719 1679 758 1744 fit
774 1682 808 1744 in
824 1682 933 1762 primo
945 1692 1040 1745 statu
1055 1682 1090 1744 in
1103 1681 1251 1764 quadam

131 1775 290 1856 imagine,
309 1773 353 1837 de
372 1795 440 1856 quo
458 1775 568 1855 prius;
591 1774 747 1838 similiter
763 1786 844 1839 tunc
868 1775 1008 1839 inchoat
1030 1796 1051 1838 a
1074 1794 1251 1857 corporeo,

131 1877 168 1932 et
187 1869 342 1950 procedit
365 1869 399 1931 in
422 1868 589 1943 naturale,
609 1869 670 1931 sed
688 1870 801 1951 quoad
825 1867 1053 1951 conjugialem
1076 1871 1198 1945 vitam,
1216 1878 1252 1933 et

131 1963 210 2027 inde
229 1961 504 2044 conjund‘tionem
520 1964 554 2025 in
570 1982 693 2041 unum;
716 1963 765 2026 illi
782 1964 837 2046 qui
853 1974 934 2026 tunc
951 1974 1070 2026 amant
1087 1983 1253 2046 corporea

131 2057 311 2131 naturalia,
334 2067 370 2120 et
393 2057 505 2120 solum
528 2057 708 2121 rationalia
730 2079 775 2120 ex
798 2056 877 2132 illis,
901 2076 970 2120 non
1000 2068 1146 2138 possunt
1170 2078 1252 2121 con·

127 2150 225 2235 jungi
243 2152 395 2215 consorti
418 2153 507 2215 sicut
529 2153 564 2214 in
587 2171 702 2225 unum,
723 2152 786 2214 nisi
805 2152 918 2234 quoad
941 2162 1090 2215 externa
1112 2151 1195 2231 illa;
1217 2162 1253 2216 et

131 2264 208 2309 cum
227 2255 373 2309 externa
389 2245 564 2320 deficiunt,
581 2247 713 2309 invadit
731 2247 866 2310 interna
883 2246 998 2328 frigus,
1016 2246 1108 2328 quod
1127 2247 1254 2310 amoris

130 2339 219 2403 illius
234 2340 384 2422 jucunda
401 2342 490 2404 sicut
508 2362 529 2403 a
547 2350 664 2405 ruente
682 2342 731 2405 ita
750 2361 770 2404 a
788 2361 941 2423 corpore,
961 2360 1002 2403 ac
1020 2351 1146 2420 postea
1165 2342 1255 2405 sicut

130 2454 151 2497 a
169 2455 311 2518 corpore
327 2436 377 2498 ita
395 2455 416 2499 a
434 2443 562 2510 mente,
580 2435 743 2512 discutit;
766 2445 802 2498 et
821 2434 887 2497 hoc
903 2454 946 2497 eo
962 2455 1067 2517 usque
1085 2436 1167 2498 dum
1184 2455 1255 2499 non

130 2524 287 2611 superest
309 2530 436 2613 aliquid
464 2551 509 2593 ex
536 2530 789 2592 reminiscentia
812 2529 855 2592 de
882 2539 977 2592 statu
1002 2530 1180 2611 primaevo
1204 2531 1255 2593 sui

130 2623 289 2705 conjugii,
314 2634 566 2706 consequenter
588 2644 650 2686 nec
674 2624 829 2705 cognitio
852 2624 895 2686 de
922 2622 993 2686 illo.
1049 2622 1150 2688 Nunc
1174 2627 1257 2708 quia

130 2720 180 2783 ita
198 2719 236 2783 fit
254 2720 357 2782 hodie
375 2719 465 2800 apud
484 2718 673 2800 plerosque,
694 2727 790 2799 patet
810 2717 901 2801 quod
919 2737 1016 2781 amor
1033 2739 1113 2782 vere
1133 2719 1254 2801 conju·

130 2814 229 2895 gialis
252 2833 321 2876 non
345 2814 472 2875 sciatur
493 2811 603 2893 qualis
621 2821 687 2886 est,
711 2823 746 2875 et
766 2814 826 2875 vix
849 2812 941 2894 quod
963 2812 1019 2875 sit.
1072 2811 1192 2876 Aliter
1215 2812 1255 2878 fit

130 2906 197 2970 illis
217 2907 273 2989 qui
291 2906 484 2987 spirituales
502 2916 581 2968 sunt
597 2925 604 2983 ;
629 2905 681 2968 his
700 2915 753 2969 est
776 2908 903 2987 primus
922 2914 1036 2969 status
1053 2905 1253 2971 initiamen-

131 3010 204 3065 tum
234 3000 277 3062 ad
307 3001 502 3063 laustitates
529 3009 722 3081 perpetuas,
751 3020 838 3082 quae
861 2999 1006 3080 gradum
1032 3011 1254 3081 promovent,

130 3096 217 3158 sicut
237 3094 412 3176 spirituale
433 3092 602 3158 rationale
623 3094 761 3168 mentis,
782 3104 882 3156 etex
905 3093 971 3157 hoc
995 3094 1153 3158 naturale
1171 3116 1254 3160 sen·

131 3190 224 3253 suale
241 3191 401 3272 corporis,
415 3190 512 3252 unius
528 3208 604 3252 cum
620 3189 761 3252 alterius
776 3209 813 3253 se
829 3187 1042 3270 conjungunt
1054 3198 1090 3253 et
1107 3190 1254 3270 uniunt;

131 3285 190 3349 sed
209 3284 244 3347 hi
263 3286 327 3346 rari
346 3295 435 3347 sunt.

193 3382 271 3444 6⁰.
302 3377 364 3460 (ii.)
391 3377 487 3456 Quod
501 3377 594 3441 illius
612 3376 741 3441 amoris
759 3376 857 3459 urago
878 3375 926 3439 sit
945 3397 989 3439 ex
1002 3375 1153 3460 corpicgio
1175 3376 1255 3442 boni

128 3483 162 3537 et
174 3471 404 3554 vert—Quod
423 3473 537 3535 omnia
555 3473 589 3536 in
607 3473 763 3535 universo
780 3493 818 3535 se
837 3472 985 3534 reserant
1002 3471 1046 3533 ad
1065 3471 1194 3535 bonurn
1215 3484 1252 3537 et

129 3587 258 3641 verum,
282 3567 326 3630 ab
347 3568 441 3630 omni
463 3567 603 3630 homine
626 3566 843 3647 intelligente
866 3566 1075 3647 agnoscitur,
1093 3566 1172 3647 quia
1196 3579 1252 3631 est

130 3661 320 3727 universale
339 3681 478 3738 verum;
501 3662 591 3744 quod
611 3662 716 3724 etiam
734 3663 768 3724 in
787 3660 944 3723 omnibus
960 3670 995 3722 et
1014 3659 1158 3740 singulis
1175 3660 1250 3723 uni·

129 3757 218 3820 versi
247 3757 373 3820 bonum
400 3757 444 3820 sit
473 3753 692 3837 conjundlum
723 3776 813 3830 vero,
838 3775 878 3817 ac
907 3774 1025 3818 verum
1048 3755 1151 3828 bono,
1179 3774 1250 3818 non

130 3861 247 3934 potest
265 3871 333 3912 non
352 3851 505 3932 agnosci,
526 3851 604 3933 quia
626 3850 691 3913 hoc
711 3850 814 3911 etiam
834 3858 887 3912 est
907 3846 1099 3911 universale
1117 3867 1249 3922 verum,

129 3947 221 4031 quod
234 3946 395 4009 cohaeret
410 3965 485 4009 curn
502 3945 623 4009 altero.
668 3943 788 4019 Causa,
803 3944 894 4026 quod
910 3944 1024 4006 omnia
1040 3944 1074 4004 in
1091 3941 1250 4005 universo

129 4062 167 4105 se
185 4042 333 4105 referant
351 4041 394 4103 ad
418 4039 544 4103 bonum
564 4049 600 4103 et
623 4059 751 4113 verum,
772 4048 808 4101 et
827 4038 918 4120 quod
942 4037 1070 4100 bonurn
1094 4037 1139 4099 sit
1164 4056 1248 4100 con·

126 4133 279 4218 jundlum
297 4155 391 4208 vero,
410 4144 447 4197 et
466 4136 650 4216 reciproce,
670 4146 723 4197 est
746 4133 824 4215 quia
845 4140 1025 4213 utrumque
1048 4130 1206 4211 procedit
1228 4151 1249 4195 a

130 4228 290 4302 Domino,
311 4249 351 4292 ac
371 4229 561 4311 procedunt
577 4229 621 4292 ab
639 4230 714 4309 ipso
731 4237 767 4289 ut
787 4244 911 4288 unum:
935 4226 1003 4288 duo
1022 4246 1109 4307 quae
1126 4247 1249 4309 proce·

129 4323 216 4387 dunt
239 4343 259 4385 a
282 4324 441 4396 Domin0,
465 4332 544 4384 sunt
567 4342 664 4386 amor
686 4331 722 4385 et
746 4321 925 4402 sapientia,
949 4321 1027 4402 quia
1053 4320 1138 4383 haec
1167 4331 1248 4385 sunt

131 4416 221 4499 lpse,
245 4418 296 4481 ita
316 4418 361 4482 ab
387 4417 487 4499 lpso;
517 4426 553 4481 et
575 4416 691 4480 omnia
719 4435 805 4498 quae
828 4423 908 4477 sunt
932 4413 1056 4476 amoris
1078 4424 1248 4480 vocantur
