2782 5026
160 419 203 483 80
508 432 692 486 nnurcrnu
713 433 943 488 ειιιιιιιτιιιιι

125 626 130 643 ι
158 597 234 654 fides
246 597 380 655 salvifica
392 600 432 655 stt
444 601 612 656 crederem
628 600 747 674 Ipsum:
773 604 837 672 (iii)
858 603 947 678 Quod
967 604 1113 679 fugienda
1124 610 1278 676 srntrnrla,

156 679 228 749 quia
240 689 312 733 sunt
323 679 436 733 diaboli
449 690 481 735 et
494 697 513 735 a
527 681 666 738 diabolo:
694 683 756 752 (iv.)
777 681 866 755 Quod
886 684 1023 741 iacienda
1034 689 1097 744 sint
1112 690 1202 753 bona,
1214 692 1283 765 quin

156 768 228 812 sunt
242 757 299 812 Dei
315 769 346 812 et
360 774 378 812 a
394 757 478 814 Deo:
506 761 557 829 (v)
577 761 666 852 Quod
686 761 911 818 haeciacienda
925 765 985 819 sint
1000 768 1039 820 ab
1053 767 1180 824 homine
1195 781 1229 825 ut
1244 772 1282 826 ab

146 887 149 893 .
156 853 269 971 :Ipso
224 838 295 900 ,sed
304 838 387 908 quod
397 839 580 894 credendum
592 841 639 903 sit,
650 842 732 912 quod
746 842 807 898 sint
819 859 838 897 a
851 843 984 899 Domino
992 847 1073 915 apud
1086 847 1174 902 illum
1186 861 1219 904 et
1231 867 1282 922 per

191 915 269 971 um.'⁰

211 994 268 1050 His
280 994 391 1050 auditis
404 1011 458 1066 per
468 996 584 1068 aliquot
597 1008 752 1053 momenta
764 1000 886 1055 recessit
898 1001 964 1071 ejus
977 1000 1076 1066 luror3
1098 1015 1131 1059 at
1147 1017 1218 1076 post
1230 1008 1281 1062 ali·

155 1089 246 1144 quam
259 1074 528 1131 deliberationem
521 1087 629 1131 iterum
646 1094 694 1132 me
711 1088 800 1133 torvo
812 1081 898 1134 vultu
914 1082 1040 1152 aspexit,
1054 1083 1190 1148 dicens‘
1192 1085 1284 1143 Sunt

156 1153 231 1208 haec
245 1153 378 1225 quinque
391 1165 559 1227 praecepta,
572 1156 750 1212 dotlrinalia
762 1157 831 1213 fidei
844 1169 877 1213 et
888 1161 1045 1216 charitatis
1059 1161 1168 1219 Novae
1182 1165 1282 1222 Eccle-

155 1233 255 1289 siae?”

181 1312 249 1377 Et
260 1314 429 1386 respondi
431 1312 551 1370 Sunt?

210 1392 248 1447 Et
262 1402 336 1447 tunc
348 1409 452 1486 aspere
466 1393 689 1465 interrogavit·
692 1393 871 1467 Quomodo
887 1407 974 1467 potes
986 1399 1197 1458 demonstrare
1211 1407 1281 1474 pri·

155 1488 243 1535 mum,
257 1471 361 1544 Quod
375 1473 414 1528 sit
429 1490 507 1528 unus
521 1473 633 1536 Deus,'
626 1491 655 1528 ιιι
671 1491 732 1545 quo
748 1485 794 1530 est
809 1474 918 1531 Divina
930 1478 1070 1542 Trinitas,
1084 1491 1117 1535 et
1130 1484 1213 1552 quod
1230 1483 1282 1540 Ille

154 1551 195 1607 sit
209 1551 357 1608 Dominus
368 1552 456 1626 Jesus
469 1552 662 1609 Christus?'”

210 1631 288 1696 Dixi,
304 1632 536 1687 “Demonstro
529 1644 587 1687 tta:
613 1633 705 1689 Estne
724 1650 802 1689 unus
819 1645 852 1690 et
870 1635 1044 1693 individuus
1064 1638 1172 1696 Deus?
1196 1654 1282 1699 estne

154 1710 308 1766 Trinitas?
339 1711 370 1767 Si
384 1729 461 1767 unus
474 1723 505 1767 et
521 1713 693 1769 individuus
707 1713 797 1776 Deus,
810 1726 897 1770 estne
910 1733 970 1771 una
984 1719 1139 1776 Persona?
1175 1720 1207 1777 Si
1221 1740 1281 1778 una

156 1789 296 1855 Persona,
311 1801 397 1847 estne
411 1792 544 1847 Trinitas
559 1792 589 1847 in
606 1793 676 1848 illa?
707 1792 796 1866 Quod
813 1795 853 1849 sit
867 1794 1016 1851 Dominus
1027 1797 1117 1870 Jesus
1130 1799 1279 1866 Christus,

146 1885 192 1936 ¹ex
204 1870 260 1935 his,

381 1967 456 2026 Quod
472 1973 604 2027 conseptus
615 1968 645 2014 sit
655 1982 671 2014 a
680 1968 736 2015 Deo
747 1969 818 2015 Patre
829 1969 901 2028 (Luc.
912 1970 929 2018 l.
939 1983 977 2029 34,
988 1970 1046 2031 35);

154 2087 186 2133 et
197 2094 241 2134 src
254 2078 335 2149 quod
349 2077 449 2149 quoad
463 2094 594 2132 animam
607 2078 648 2133 srt
662 2078 760 2143 Deus3
778 2088 811 2134 et
822 2080 901 2143 inde
914 2080 993 2135 sicut
1007 2080 1075 2153 Ipse
1088 2083 1174 2148 dicit,
1233 2056 1236 2060 Δ

112 2224 116 2231 ,
200 2189 274 2248 Quod
286 2190 357 2236 Pater
366 2196 390 2235 et
403 2190 458 2248 lpse
468 2203 545 2236 unum
555 2189 602 2235 sint
612 2188 686 2252 (Jolt
698 2203 721 2237 x
732 2190 792 2251 3o)3

198 2251 274 2308 Quod
285 2252 340 2310 lpse
350 2252 375 2296 ln
385 2251 454 2297 Patre
464 2258 487 2296 et
500 2251 585 2296 Pater'
579 2264 604 2295 ιιι
615 2251 672 2309 Ipso
683 2249 934 2312 (Jol.xiv.ro,11)3

199 2311 274 2370 Quod
283 2325 324 2370 qur
319 2312 400 2357 'videt
411 2312 494 2371 Ipsum
505 2318 529 2358 et
539 2312 663 2370 cognoscit
679 2312 762 2371 Ipsum
773 2312 853 2359 videat
863 2320 886 2358 et
896 2320 1026 2372 cognoseat
1036 2313 1133 2361 Patrem
1142 2313 1218 2379 (Jok.
1231 2317 1276 2367 xiv.

198 2431 273 2492 Quod
275 2372 357 2478 ⁷ne⁹1210
367 2432 447 2479 videat
457 2438 481 2478 et
491 2437 622 2492 eognosmt
633 2432 736 2486 Patrem,
747 2431 792 2479 nisi
809 2432 865 2492 lpse
875 2434 917 2492 qui
933 2435 958 2480 in
974 2435 1029 2480 sinu
1045 2435 1123 2483 Patris
1132 2444 1169 2483 ert
1178 2436 1251 2500 (Μ.
1261 2437 1277 2487 ἰ.

198 2553 274 2612 Quod
277 2494 367 2600 grim
378 2553 453 2599 Patris
462 2553 509 2598 sint
520 2552 600 2611 Ipsius
610 2551 702 2614 (Johss
695 2553 727 2601 rii.
738 2564 783 2610 353
802 2566 855 2611 αιρ.
866 2554 913 2600 xvi
925 2552 980 2613 15)3

199 2615 274 2672 Quod
276 2615 316 2721 2¹,
317 2615 379 2733 V613
366 2614 474 2667 ,Veritas
486 2621 511 2659 et
518 2614 582 2666 Vita,
589 2622 613 2658 et
620 2614 688 2672 quod
695 2627 768 2659 nemo
776 2614 894 2660 veniatad
902 2615 1027 2660 Patrem'
1004 2615 1048 2661 rusi
1056 2629 1100 2676 per
1109 2616 1194 2677 Ipsum
1204 2618 1276 2681 (Jok.

155 2773 198 2830 ita
209 2776 247 2830 ab
257 2772 337 2844 Ipso,
350 2773 421 2845 quia
433 2782 480 2828 est
493 2773 524 2828 in
539 2772 609 2844 Ipso
620 2790 626 2836 3
645 2782 676 2828 et
688 2773 855 2829 secundum
867 2773 1002 2838 Paulum,

215 2872 290 2931 Quod
300 2872 378 2918 omnis
388 2871 513 2930 plenitudo
524 2870 660 2916 Diviniutis
669 2870 695 2917 iu
706 2870 763 2930 Ipso
773 2872 928 2931 corporaliter
937 2872 1027 2918 hubltet
1038 2869 1139 2933 (Colors.
1151 2875 1175 2922 ll.
1186 2873 1227 2936 9):

154 2987 190 3028 ac
202 2983 363 3044 praeterea,

259 3071 335 3130 Quod
347 3070 396 3128 Ipsi
406 3070 437 3116 sit
446 3076 552 3129 potestas
562 3069 640 3115 omnls
650 3069 726 3116 usmis
738 3069 810 3132 (Joh.
823 3071 878 3118 xvii.
890 3070 933 3132 ῆς

260 3132 292 3178 Et
302 3133 371 3191 quod
381 3132 430 3190 lpsi
440 3132 471 3177 sit
480 3132 559 3178 omnis
568 3137 673 3190 potestas
684 3133 708 3177 in
719 3133 786 3178 eaelo
794 3139 819 3177 et
828 3132 854 3178 in
864 3140 927 3178 terra
936 3132 1038 3194 (Marta.
1049 3133 1131 3182 xxviii.
1144 3134 1202 3197 18);

154 3241 312 3314 exquibus
324 3241 468 3313 sequitur,
481 3239 562 3311 quod
576 3240 616 3296 sit
631 3240 712 3296 Deus
725 3241 799 3296 caeli
813 3252 844 3296 et
856 3241 981 3297 terrae.”

209 3322 320 3378 Postea
338 3321 541 3392 interrogavit,
557 3321 711 3392 quomodo
729 3322 905 3378 demonstro
920 3323 1054 3386 alterum,
1069 3322 1186 3396 “Quod
1202 3325 1275 3382 fides

153 3400 287 3458 salvifica
298 3401 338 3456 sit
351 3401 474 3456 credere
488 3400 518 3454 in
533 3399 662 3471 Ipsum.’'

209 3479 289 3544 Dixi,
303 3480 511 3536 “Demonstro
525 3495 578 3551 per
590 3479 665 3535 haec
681 3478 779 3550 Ipsius
793 3478 915 3534 Domini
928 3480 1036 3536 verba.

199 3592 284 3639 Haec
293 3598 329 3639 ert
338 3592 451 3638 voluntat
467 3591 549 3645 Patris,
559 3599 587 3638 ut
596 3591 715 3647 omnis.
724 3591 782 3649 ‚qui
792 3593 867 3638 eredit
877 3591 902 3638 in
913 3592 1008 3647 Filium,
1018 3591 1107 3638 habent
1117 3593 1194 3640 vitam
1202 3600 1279 3642 ueter-

200 3712 286 3761 ‘Adeo
275 3651 593 3764 dilexitJssheugimsndum.
603 3718 632 3758 ut
643 3712 729 3758 Filium
740 3724 811 3758 suunt
821 3712 978 3771 Unigenitum
989 3712 1088 3765 dederit,
1099 3719 1127 3758 ut
1137 3715 1225 3769 omnis,
1236 3714 1281 3774 qul

275 3775 385 3820 oreditln
397 3774 487 3832 ipsum,
498 3773 873 3832 nonperestsedltubeetvitam
883 3772 1019 3819 aetemsm'
1032 3772 1123 3844 (Μ’
1116 3775 1200 3832 tiits,
1177 3773 1280 3884 5ι6ὲι

200 3834 265 3895 ‘Qui
276 3835 367 3881 eredit'
361 3848 385 3880 ιιι
395 3835 489 3887 Filium,
497 3835 571 3880 habet
581 3835 653 3879 vitam
661 3840 797 3886 aeternam,
813 3835 920 3891 quivero
929 3847 979 3879 non
988 3835 1063 3880 eredit
1074 3833 1143 3881 Filio.
1151 3847 1203 3883 non
1211 3849 1235 3882 rt

274 3896 310 3943 bit
320 3897 402 3950 vitam,
411 3896 456 3941 sed
465 3895 500 3941 ira
511 3895 558 3940 Dei
568 3902 650 3940 manet
659 3907 732 3954 super
742 3894 796 3941 illo'
807 3893 821 3911 '⁸
835 3892 909 3955 (Joh.
921 3895 953 3942 iii.
965 3894 1015 3953 36).

208 4005 417 4068 Posteadixit,
430 4012 447 4034 ‘⁸
456 4005 638 4060 Demonstra
650 4003 741 4059 etiam
754 4007 884 4066 termam,
897 4013 928 4059 et
940 4002 1124 4075 sequentia.”

209 4085 248 4142 Et
269 4085 418 4158 respondi,
432 4083 536 4156 “Quid
558 4100 635 4154 opus
653 4093 700 4139 est
718 4082 932 4145 demonstrare,
947 4084 1029 4155 quod
1050 4082 1195 4155 fugienda
1215 4085 1281 4144 sint

155 4167 240 4228 mala,
254 4166 325 4237 quia
340 4175 412 4220 sunt
427 4164 538 4218 diaboli
554 4174 586 4218 et
604 4179 622 4218 a
640 4162 783 4218 diabolo?
804 4164 946 4234 quodque
962 4162 1099 4218 iacienda
1112 4162 1175 4219 sint
1189 4165 1280 4228 bona,

132 4245 224 4317 ··quia
236 4255 306 4300 sunt
317 4242 374 4299 Dei
386 4253 418 4299 et
430 4259 449 4298 a
462 4241 549 4298 Deo?
568 4251 634 4297 tum
649 4243 730 4313 quod
747 4242 821 4297 haec
834 4241 970 4297 iacienda
983 4241 1043 4296 sint
1054 4244 1093 4296 ab
1106 4242 1231 4300 homine
1245 4255 1280 4301 ut

154 4326 193 4380 ab
206 4325 280 4395 ipso,
293 4324 345 4378 sed
358 4323 440 4395 quod
453 4322 635 4377 credendum
649 4322 696 4384 sit,
709 4322 791 4392 quod
803 4321 864 4376 sint
876 4337 894 4376 a
908 4319 1040 4376 Domino
1051 4321 1132 4390 apud
1148 4321 1234 4379 illum
1248 4334 1281 4380 et

157 4418 210 4477 per
225 4401 331 4459 illum?
367 4400 458 4474 Quod
473 4401 548 4457 haec
563 4401 621 4456 tria
636 4418 706 4457 vera
720 4401 788 4465 sint,
800 4400 959 4457 confirmat
975 4400 1112 4456 universa
1125 4399 1282 4475 Scriptura
