2782 5026
141 466 181 549 58
488 477 669 529 naucum
692 477 921 530 sumamma

137 650 336 729 hominem
370 648 564 732 conjugium
591 651 681 715 enim
708 652 788 715 boni
816 661 852 716 et
879 653 950 717 veri
979 661 1034 718 est
1064 654 1158 720 idem
1185 670 1255 723 cum

138 745 299 828 conjugio
315 745 492 808 charitatis
514 754 549 808 et
570 744 658 820 fidei,
676 748 836 829 quoniam
860 748 987 811 bonum
1007 758 1061 813 est
1081 750 1257 816 charitatis

137 850 174 906 et
192 859 312 904 verum
330 850 384 903 est
403 838 502 903 fidei:
527 841 617 922 quod
640 840 705 904 hoc
725 841 920 923 conjugium
943 843 1046 906 saciat
1066 844 1257 920 ecclesiam,

137 955 206 999 non
237 944 356 1021 potest
385 954 455 997 non
485 936 637 1015 agnosci,
661 937 740 1018 quia
768 946 823 999 est
851 938 1042 1000 universale
1070 960 1202 1016 verum,
1225 950 1259 1004 et

136 1049 238 1095 omne
268 1029 459 1092 universale
488 1049 605 1093 verum
634 1032 846 1111 agnoscitur,
871 1042 909 1094 ut
935 1034 1082 1114 primum
1113 1035 1257 1109 auditur,

136 1125 226 1207 quod
244 1134 298 1187 est
317 1144 363 1187 ex
386 1123 515 1186 influxu
538 1124 677 1187 Domini
695 1135 731 1189 et
755 1126 854 1188 simul
878 1127 1145 1192 confirmatione
1163 1130 1257 1192 caeli.

135 1217 235 1281 Nunc
252 1219 412 1301 quoniam
429 1217 574 1281 ecclesia
589 1228 643 1281 est
659 1218 797 1281 Domini
814 1221 892 1302 quia
907 1241 927 1283 a
944 1221 1106 1297 Domino,
1122 1233 1158 1287 et
1175 1245 1258 1306 quo-

136 1313 226 1375 niam
256 1332 352 1376 amor
375 1313 576 1394 coniugialis
604 1315 852 1394 correspondet
875 1315 1034 1397 conjugio
1059 1317 1202 1382 Domini
1225 1328 1259 1383 et

134 1407 325 1481 Ecclesiae,
347 1409 499 1491 sequitur
514 1408 604 1489 quod
628 1409 686 1471 ille
705 1429 802 1472 amor
820 1410 864 1473 sit
885 1430 905 1473 a
925 1410 1086 1474 Domino.

197 1503 271 1585 63·
302 1501 486 1583 Quomodo
509 1512 625 1565 autem
649 1502 796 1566 ecclesia
818 1523 839 1566 a
868 1503 1019 1567 Domino
1049 1507 1142 1585 apud
1173 1507 1258 1571 duos

134 1595 297 1678 conjuges
315 1597 488 1671 formatur,
509 1607 545 1659 et
564 1597 735 1678 perillam
754 1616 850 1661 amor
868 1598 1082 1680 conjugialis,
1104 1601 1138 1663 in
1158 1622 1258 1683 para·

133 1691 276 1774 grapho,
294 1691 336 1754 de
355 1711 423 1774 quo
441 1711 551 1773 supra,
570 1691 810 1755 illustrabitur:
835 1692 889 1755 hic
907 1693 1018 1757 solum
1034 1696 1128 1776 quod
1144 1696 1258 1760 eccle·

134 1785 184 1848 sia
209 1806 229 1849 a
257 1785 407 1849 Domino
433 1785 597 1849 formetur
620 1786 709 1867 apud
736 1786 857 1859 virum,
882 1796 918 1850 et
948 1808 1009 1869 per
1031 1791 1142 1853 virum
1166 1791 1258 1874 apud

133 1900 296 1958 uxorem;
320 1890 356 1944 et
380 1879 471 1962 quod
494 1890 675 1962 postquam
699 1881 789 1962 apud
813 1891 995 1964 utrumque
1018 1883 1167 1947 formata
1191 1895 1256 1960 est,

132 1974 280 2038 ecclesia
298 1974 400 2057 plena
419 1975 481 2053 sit;
505 1973 542 2037 fit
562 1975 652 2038 enim
677 1983 758 2038 tunc
781 1975 883 2058 plena
902 1976 1096 2058 conjunctio
1116 1978 1199 2041 boni
1221 1987 1257 2044 et

131 2069 213 2145 veri,
234 2080 269 2134 et
289 2067 483 2150 conjunctio
505 2070 585 2132 boni
609 2079 645 2133 et
664 2069 734 2132 veri
758 2080 811 2133 est
830 2071 987 2135 ecclesia.
1033 2070 1137 2153 Quod
1157 2074 1256 2137 incli-

131 2165 227 2228 natio
250 2162 476 2246 conjundtiva,
497 2184 584 2246 quae
606 2174 660 2227 est
683 2185 779 2227 amor
798 2166 1010 2247 coniugialis,
1031 2168 1077 2230 sit
1096 2168 1130 2229 in
1154 2168 1257 2251 simili

130 2261 239 2342 gradu
262 2280 339 2324 cum
363 2258 604 2341 conjunctione
626 2261 707 2323 boni
730 2269 767 2322 et
789 2262 981 2343 veri,‘quae
1012 2272 1067 2325 est
1094 2263 1256 2338 ecclesia,

131 2355 341 2437 argumentis
360 2355 642 2419 demonstrativis
664 2355 698 2416 in
721 2355 943 2437 sequentibus
966 2357 1000 2418 in
1024 2357 1111 2420 serie
1130 2357 1257 2421 confir·

131 2449 289 2513 mabitur.

194 2544 270 2627 64.
301 2543 375 2628 (iv.)
402 2543 499 2622 Quod
513 2543 570 2607 ille
583 2564 679 2607 arnor
691 2565 735 2606 ex
749 2564 812 2607 sua
833 2542 973 2626 origine,
989 2554 1023 2608 et
1042 2566 1086 2608 ex
1101 2567 1166 2609 sua
1180 2568 1255 2610 cor·

130 2639 375 2720 respondentia,
407 2640 455 2702 sit
482 2639 641 2714 caelestis,
669 2639 872 2719 spiritualis,
900 2640 1048 2716 sanlius,
1072 2650 1199 2721 purus,
1223 2651 1258 2705 et

129 2733 273 2797 mundus
290 2744 378 2815 prae
395 2734 487 2796 omni
501 2754 622 2806 amore,
643 2735 703 2815 qui
721 2755 743 2796 a
764 2734 906 2796 Domino
927 2743 979 2797 est
999 2736 1095 2816 apud
1113 2735 1256 2818 angelos

129 2827 214 2891 caeli
229 2837 262 2890 et
278 2828 373 2908 apud
391 2827 537 2889 homines
555 2826 857 2908 ecclessiae—Quod
877 2849 973 2892 amor
988 2828 1192 2910 conjugialis
1209 2850 1255 2893 ex

129 2943 191 2986 sua
214 2924 355 3004 origine,
380 2942 467 3005 quae
496 2932 550 2985 est
581 2921 775 3003 conjugium
805 2923 886 2986 boni
913 2933 949 2987 et
978 2925 1060 2998 veri,
1085 2924 1131 2987 sit
1158 2925 1254 3001 talis,

129 3036 213 3080 mox
232 3037 333 3099 supra
353 3018 469 3098 paucis
492 3016 730 3080 confirmatum
755 3028 818 3093 est,
839 3018 901 3080 sed
923 3018 968 3081 ibi
991 3017 1103 3082 solum
1127 3021 1254 3100 praeli·

128 3111 271 3190 batum;
302 3111 458 3174 similiter
480 3113 571 3192 quod
599 3131 694 3174 amor
718 3111 776 3174 ille
804 3112 883 3174 talis
907 3113 951 3174 sit
977 3133 1023 3175 ex
1046 3133 1254 3195 correspon-

130 3209 248 3271 dentia
267 3206 337 3289 ejus
357 3227 433 3270 curn
453 3205 612 3288 conjugio
636 3206 774 3270 Domini
792 3215 828 3270 et
849 3207 1046 3270 Ecclesiae:
1071 3208 1159 3272 haec
1184 3211 1254 3274 duo

129 3301 297 3384 conjugia,
315 3323 360 3365 ex
373 3303 493 3383 quibus
510 3312 547 3364 ut
564 3301 715 3364 surculus
730 3302 911 3365 descendit
927 3322 1023 3365 amor
1035 3303 1252 3385 conjugialis,

129 3407 208 3460 sunt
226 3398 319 3479 ipsae
339 3394 565 3474 sanctitatem
589 3416 693 3478 quare
712 3397 739 3458 si
758 3398 918 3479 recipitur
936 3418 981 3459 ex
1001 3418 1063 3460 suo
1083 3397 1252 3476 Auctore,

129 3490 185 3574 qui
201 3500 255 3553 est
272 3490 449 3564 Dominus,
467 3492 618 3574 sequitur
634 3488 800 3553 sanctitas
816 3512 861 3553 ex
879 3492 969 3572 Ipso,
983 3512 1070 3572 quae
1087 3495 1255 3558 continue

129 3586 295 3650 decantat
315 3597 351 3649 et
370 3585 525 3669 purificat
545 3586 661 3663 illum;
686 3587 713 3648 si
737 3596 817 3648 tunc
842 3588 876 3648 in
900 3588 1048 3650 hominis
1067 3589 1254 3655 voluntate

129 3689 183 3744 est
202 3680 405 3744 desiderium
425 3689 461 3743 et
483 3681 575 3743 nisus
594 3681 638 3742 ad
661 3680 767 3753 illum,
788 3680 826 3744 fit
849 3681 905 3744 ille
929 3701 1024 3744 amor
1044 3684 1193 3747 mundus
1216 3696 1254 3749 et

128 3794 232 3856 purus
260 3775 369 3839 indies
399 3776 432 3838 in
465 3783 677 3857 perpetuum.
733 3774 844 3838 Amor
874 3775 1076 3857 conjugialis
1105 3790 1254 3843 vocatur

129 3869 288 3934 caelestis
311 3881 346 3933 et
370 3870 565 3953 spiritualis
589 3870 667 3951 quia
689 3879 743 3932 est
767 3871 856 3950 apud
887 3872 1031 3952 angelos
1054 3873 1252 3954 caelorum;

128 3964 219 4047 apud
235 3964 378 4045 angelos
392 3965 538 4046 supremi
552 3963 637 4026 caeli
650 3963 819 4038 caelestis,
833 3967 910 4048 quia
927 3966 975 4029 illi
991 3967 1108 4048 angeli
1121 3989 1252 4032 vocan-

128 4068 185 4122 tur
203 4058 392 4136 caelestes3
416 4069 451 4121 et
470 4059 559 4139 apud
579 4058 723 4139 angelos
742 4060 826 4122 infra
849 4060 932 4122 illud
955 4060 1090 4124 caelum
1114 4071 1169 4127 est
1193 4064 1252 4127 ille

128 4152 324 4236 spiritualis,
344 4153 422 4234 quia
441 4152 475 4216 hi
495 4154 609 4233 angeli
628 4164 796 4217 vocantur
814 4154 1028 4237 spirituales:
1053 4157 1100 4219 ita
1119 4178 1252 4222 vocan-

128 4256 185 4311 tur
197 4247 245 4311 illi
258 4248 383 4328 angeli,
393 4246 471 4328 quia
485 4247 652 4310 caelestes
665 4257 743 4311 sunt
757 4269 891 4313 amores
904 4261 939 4313 et
952 4251 1031 4313 inde
1044 4254 1249 4333 sapientiae,

128 4361 168 4404 ac
188 4340 381 4423 spirituales
404 4351 483 4403 sunt
508 4343 695 4422 sapientiae
719 4353 755 4405 et
778 4344 857 4408 inde
880 4364 1036 4420 amores;
1060 4347 1172 4411 simile
1195 4356 1249 4411 est

128 4434 321 4515 conjugiale
340 4435 486 4499 illorum.
531 4435 629 4499 Nunc
653 4436 730 4520 quia
749 4456 844 4501 amor
863 4439 1063 4520 conjugialis
1083 4452 1138 4505 est
1158 4442 1249 4524 apud
