2782 5026
302 108 353 159 ns
376 107 511 159 narona
534 106 895 161 semmuro—n.
917 113 986 181 505.
1142 105 1204 186 ‘387

60 282 202 348 amoris
217 267 431 363 coniugialis,
445 272 484 346 et¹
497 281 589 365 quod
605 281 702 363 virgo
718 281 778 358 illi,
792 283 846 346 cui
862 282 955 348 illam
968 282 1118 365 addicat,
1132 293 1206 356 ani·

62 398 168 444 mam
188 387 226 443 et
244 378 354 440 vitam
370 394 465 439 suam
482 377 642 455 addicet;
668 376 818 442 amicitia
834 376 1034 462 conjugialis
1053 392 1089 447 et
1107 383 1206 466 hujus

60 472 301 547 confidentia,
322 490 422 554 super
440 472 499 536 illa
516 473 623 536 etiam
641 472 824 536 fundatur:
856 484 892 538 et
915 495 1048 559 quoque
1067 477 1204 556 femina,

58 590 87 634 a
104 569 243 634 talibus
253 566 432 641 deflorata,
447 577 633 650 postquam
649 567 715 631 hoc
728 569 853 632 ostium
867 572 992 634 amoris
1005 572 1206 655 coniugialia

61 673 278 748 perruptum
301 671 366 737 est,
391 661 495 725 solvit
519 663 696 744 pudorem,
721 673 756 727 et
788 662 825 726 fit
856 668 1031 742 meretrix,
1056 669 1089 731 in
1112 669 1206 750 cujus

59 778 181 824 causa
193 759 299 822 etiam
316 756 502 838 praedator
517 755 575 820 ille
593 767 659 821 est.
705 756 773 839 ipsi
792 757 840 820 illi
859 760 1061 840 praedones,
1079 763 1106 826 si
1126 774 1206 845 post

58 851 221 918 exaustas
239 853 303 915 lras
322 853 508 932 satyriases
529 861 566 914 et
590 851 844 933 profanationes
863 856 1074 932 castitatum,
1095 858 1204 939 appli-

60 960 159 1014 cant
192 949 342 1012 animum
372 946 415 1009 ad
447 945 652 1028 conjugium,
678 966 746 1010 non
776 947 868 1011 aliud
899 961 1017 1013 mente
1047 952 1203 1028 volvunt,

59 1063 180 1128 quam
199 1043 331 1107 futurae
348 1041 502 1123 conjugis
518 1043 777 1123 virginitatem
800 1064 902 1125 quam
918 1057 1101 1129 postquam
1119 1047 1203 1111 liba·

59 1147 211 1213 verant,
224 1147 337 1201 torum
354 1146 390 1200 et
408 1135 600 1201 thalamum
612 1136 802 1212 fastidiunt,
817 1139 921 1202 immo
937 1140 1054 1215 etiam,
1068 1152 1205 1223 praeter

60 1232 220 1317 puellas,
240 1241 355 1296 totum
374 1251 496 1296 sexum
517 1230 736 1295 femininum:
768 1243 804 1297 et
827 1235 906 1315 quia
925 1234 1012 1298 tales
1032 1249 1110 1301 sunt
1129 1239 1202 1301 vio·

59 1330 206 1394 latores
219 1326 377 1408 conjugii,
395 1336 431 1390 et
448 1324 671 1409 despec'iores
687 1348 790 1391 sexus
806 1329 968 1405 feminini,
983 1340 1018 1394 et
1035 1333 1081 1395 sic
1099 1332 1203 1397 latro·

59 1444 136 1490 nes
149 1422 356 1506 spirituales,
368 1431 465 1503 patet
478 1421 570 1503 quod
583 1423 730 1485 nemesis
744 1423 867 1486 Divina
880 1424 956 1488 illos
971 1437 1201 1510 persequatur.

65 1537 70 1545 ·
136 1532 242 1603 5⁰5·
266 1515 341 1599 (iv.)
368 1515 467 1594 Quod
479 1535 556 1579 sors
573 1514 720 1592 illorum,
741 1517 801 1598 qui
815 1519 912 1598 apud
929 1541 964 1582 se
984 1521 1201 1604 confirmave-

59 1623 158 1678 nmt
185 1611 355 1674 libidinem
381 1609 608 1694 dqiuratiom's
635 1630 698 1673 non
727 1632 799 1675 esse
820 1613 945 1677 malum
965 1616 1102 1695 peccati,
1122 1627 1204 1697 post

59 1717 216 1773 mrtem
230 1706 354 1788 gravis
372 1704 556 1798 sia—Sors
572 1705 708 1769 illorum
725 1716 779 1769 est
798 1707 894 1782 haec,
910 1709 1000 1791 quod
1018 1721 1201 1793 postquam

63 1806 106 1868 in
132 1803 264 1865 mundo
286 1802 464 1882 spirituum
484 1811 678 1882 exegerunt
702 1810 837 1882 tempus
856 1804 1011 1883 primum,
1032 1807 1123 1887 quod
1146 1818 1200 1871 est

64 1898 271 1964 modestiae
289 1906 326 1960 et
345 1895 561 1971 moralitatis,
582 1896 661 1978 quia
679 1896 712 1959 in
731 1898 913 1960 consortiis
932 1919 1007 1961 cum
1027 1901 1200 1980 spiritibus

61 1992 252 2076 angelicis,
273 2002 396 2074 postea
418 1994 462 2055 ab
485 1993 640 2056 externis
664 1993 732 2055 suis
755 1993 985 2056 immittantur
1007 1996 1040 2057 in
1065 1997 1200 2060 interna

62 2110 146 2164 sua,
167 2098 204 2152 et
224 2098 305 2151 tunc
329 2089 362 2150 in
382 2087 689 2169 concupiscentias,
709 2088 829 2169 quibus
849 2090 990 2152 inescati
1009 2089 1142 2154 fuerant
1165 2093 1198 2154 in

62 2184 216 2258 mundo,
241 2192 277 2246 et
299 2182 334 2245 hi
357 2177 390 2245 in
414 2203 503 2256 suas,
524 2191 665 2263 propter
687 2180 800 2258 linem,
826 2193 863 2246 ut
887 2195 1050 2266 appareat
1075 2187 1106 2248 in
1131 2206 1199 2267 quo

62 2281 184 2364 gradu
201 2278 356 2356 fuerant;
380 2288 415 2342 et
435 2279 512 2340 siin
532 2278 652 2341 minori
671 2279 789 2359 gradu,
811 2289 848 2342 ut
867 2290 1048 2362 postquam
1068 2282 1102 2343 in
1122 2280 1198 2344 illas

61 2375 216 2441 immissi
238 2374 383 2448 fuerint,
398 2374 613 2447 emittantur,
638 2384 674 2436 et
701 2371 939 2438 suffundantur
961 2375 1099 2456 pudore.
1145 2376 1197 2440 At

62 2473 121 2535 illi
140 2470 198 2553 qui
217 2470 251 2532 in
271 2468 422 2550 maligna
440 2469 505 2532 hac
526 2463 665 2531 libidine
684 2468 829 2543 fuerant,
849 2470 883 2532 in
902 2480 1038 2533 tantum
1063 2481 1099 2534 ut
1121 2492 1197 2553 per-

64 2564 244 2630 senserint
256 2562 327 2644 ejus
344 2562 502 2627 delicium
516 2563 681 2638 eminens,
695 2572 729 2626 et
746 2563 884 2644 gloriati
897 2575 976 2628 sunt
988 2586 1090 2648 super
1101 2566 1198 2629 furtis

63 2661 139 2725 illis
162 2661 251 2723 sicut
273 2678 374 2740 super
397 2658 515 2741 spoliis
537 2659 670 2740 opimis,
691 2679 760 2722 non
784 2659 960 2741 patiuntur
989 2681 1025 2722 se
1055 2661 1196 2739 abduci;

66 2776 178 2841 quare
194 2754 399 2820 emittuntur
417 2755 450 2816 in
468 2773 565 2817 suum
582 2754 736 2829 liberum,
754 2764 789 2818 et
807 2764 887 2818 tunc
904 2754 995 2818 illico
1008 2757 1196 2818 circumva-

68 2862 210 2935 gantur,
222 2861 257 2915 et
270 2850 442 2933 inquirunt
456 2849 641 2933 lupanaria,
653 2860 689 2913 et
702 2849 771 2924 illa,
785 2851 864 2912 dum
879 2850 1079 2923 indicantur,
1091 2853 1196 2914 etiam

68 2949 226 3025 intrant3
261 2955 340 3009 sunt
362 2945 447 3009 haec
471 2965 492 3007 a
515 2944 679 3008 lateribus
701 2944 842 3022 inferni;
873 2945 933 3007 sed
956 2964 1033 3007 cum
1057 2946 1102 3009 ibi
1126 2965 1195 3009 non

69 3042 137 3107 nisi
159 3060 261 3124 quarn
284 3039 475 3122 prostibula
497 3038 686 3115 offendunt,
710 3039 850 3114 abeunt,
875 3050 910 3104 et
941 3040 1112 3122 inquirunt
1139 3038 1195 3104 ubi

69 3148 152 3202 sunt
172 3137 339 3219 virgines;
366 3145 401 3199 et
420 3145 503 3199 tunc
522 3133 674 3199 feruntur
692 3135 735 3197 ad
755 3145 882 3209 scorta,
899 3155 986 3217 quae
1006 3155 1066 3217 per
1085 3135 1195 3218 phan-

69 3236 196 3299 tasiam
215 3231 278 3296 sibi
295 3231 456 3295 inducere
474 3240 618 3313 possunt
637 3231 949 3312 supereminentem
968 3231 1195 3311 pulchritudi-

70 3348 163 3404 nem,
187 3347 227 3392 ac
257 3326 412 3391 floridum
435 3327 587 3407 puellare
610 3326 725 3400 decus,
750 3336 786 3390 et
812 3323 939 3407 jaclare
970 3345 1005 3388 se
1033 3326 1193 3407 virgines,

70 3426 115 3489 ad
128 3445 211 3509 quas
223 3422 379 3487 similiter
395 3432 432 3486 ut
448 3423 482 3485 in
499 3422 628 3485 mundo
643 3418 765 3485 ardent
778 3442 786 3500 3
809 3442 911 3504 quare
925 3440 1001 3484 cum
1017 3420 1069 3483 his
1082 3422 1193 3502 pacis-

70 3532 204 3595 cuntur,
223 3518 284 3583 sed
308 3538 386 3582 cum
409 3518 550 3600 potituri
573 3528 653 3581 sunt
676 3514 788 3601 padio
810 3517 991 3599 phantasia
1013 3514 1152 3580 inducia
1174 3539 1194 3581 e

72 3615 168 3695 caelo
190 3616 349 3690 aufertur,
369 3626 405 3679 et
428 3625 510 3678 tunc
530 3615 680 3696 virgines
703 3614 782 3678 illae
802 3621 968 3696 apparent
992 3612 1026 3675 in
1050 3634 1109 3675 sua
1132 3614 1193 3675 de·

72 3708 256 3786 formitate,
276 3721 492 3776 monstrosae
516 3722 552 3775 et
575 3711 702 3785 furvae,
722 3712 844 3793 quibus
867 3719 982 3773 tamen
1006 3709 1193 3772 adhaerere

74 3808 115 3870 ad
136 3807 293 3873 horulam
311 3810 502 3889 coguntur;
534 3816 650 3871 scorta
672 3806 731 3871 illa
754 3815 921 3871 vocantur
940 3805 1077 3868 sirenes.
1123 3803 1191 3868 Sed

75 3903 101 3966 si
122 3924 181 3987 per
204 3902 294 3968 tales
315 3903 558 3967 fascinationes
582 3922 651 3966 non
675 3903 849 3983 patiuntur
872 3922 908 3965 se
939 3921 958 3963 a
984 3914 1111 3965 vesana
1133 3899 1193 3965 illa

76 3996 209 4065 libidine
232 3997 366 4074 abduci,
389 3997 592 4079 dejiciuntur
614 3998 648 4061 in
672 3997 848 4071 infernum,
872 3994 962 4078 quod
986 3993 1020 4058 in
1044 3991 1191 4059 confinio

78 4096 222 4162 meridiei
241 4104 278 4160 et
300 4094 491 4160 occidentis
514 4095 577 4159 sub
599 4092 732 4158 inferno
750 4093 967 4157 meretricum
985 4090 1190 4154 astutiorum
