2782 5026
341 111 392 160 DE
416 110 551 163 AMORE
574 109 892 177 CONJUGIALL-N.
914 114 985 180 291.
1159 115 1219 182 225

159 280 261 347 288.
294 277 409 362 (xvii.)
437 277 535 357 Quod
549 279 619 346 sint
627 289 771 361 propter
784 280 1010 345 excusationes
1028 302 1218 358 naevorum,

97 385 126 439 et
139 377 221 440 e'rrde
233 376 430 439 evitationes
445 375 783 456 infamiae—Naevi,
798 386 938 459 propter
953 398 1039 459 quos
1056 375 1220 459 conjuges

98 473 225 535 timent
249 470 435 545 infamiam,
457 480 536 534 sunt
560 470 684 553 plures,
704 471 843 553 quidam
866 472 1003 547 sontici,
1027 481 1063 535 et
1082 473 1219 554 quitiam

98 587 171 631 nonv
183 567 333 643 sontici;
357 575 437 629 sunt
457 566 555 629 naevi
575 568 712 641 mentis,
731 577 766 630 et
785 567 885 630 naevi
905 566 1057 649 corporis
1075 566 1221 631 leviores

98 662 308 726 enumeratis
332 662 366 725 in
390 662 503 744 capite
532 662 632 743 priori
658 660 705 743 (n.
729 676 790 742 252
814 671 850 726 et
874 661 963 744 253),
987 683 1073 745 quae
1097 682 1220 727 causae

98 755 326 836 separationis
349 766 450 833 sunt;
474 777 578 839 quare
600 756 843 838 intelliguntur
865 759 975 832 naevi,
999 758 1055 840 qui
1079 767 1221 839 propter

98 850 272 913 infamiam
299 851 344 913 ab
367 850 478 915 altero
505 849 650 933 conjuge
674 852 813 915 silentio
836 862 1053 934 premuntur:
1084 861 1221 934 praeter

99 944 169 1019 hos,
190 945 285 1028 apud
308 945 440 1028 aliquos
459 955 539 1010 sunt
561 947 802 1027 contingentia
821 948 973 1021 crimina,
993 967 1081 1028 quae
1100 947 1220 1028 poenis

99 1040 193 1121 legis,
214 1041 244 1103 si
263 1040 516 1121 evulgarentur,
537 1039 689 1121 subjecta
708 1052 809 1119 sunt;
834 1051 872 1105 ut
891 1051 1049 1105 taceatur
1068 1039 1221 1105 defectus

98 1134 227 1214 copiae,
246 1154 291 1196 ex
309 1154 376 1217 qua
392 1136 452 1198 viri
472 1157 516 1199 ex
537 1136 640 1199 solito
656 1136 856 1218 gloriantur.
903 1134 1005 1217 Quod
1021 1135 1138 1199 talium
1156 1156 1219 1198 ex·

97 1229 294 1292 cusationes
313 1230 356 1292 ad
377 1230 577 1294 evitandum
597 1231 781 1304 infamiam,
798 1231 868 1294 sint
887 1250 1011 1294 causae
1027 1229 1219 1294 simulatio·

97 1325 161 1405 nis,
180 1327 310 1388 amoris
342 1334 379 1388 et
408 1326 580 1389 amicitiae
610 1344 687 1389 cum
714 1323 870 1407 conjuge,
899 1325 1028 1408 absque
1058 1324 1220 1389 ulteriore

92 1419 359 1483 confirmatione
378 1429 488 1501 patet.

156 1517 259 1594 289·
291 1511 416 1597 (xviii.)
444 1513 542 1592 Quod
549 1515 618 1579 seir!
628 1524 772 1598 propter
782 1512 1218 1598 reconciliatrbnes.—Quod

84 1610 185 1673 inter
209 1609 385 1691 conjuges,
406 1612 462 1692 qui
486 1612 686 1676 discordant
710 1612 883 1675 mentibus
902 1633 947 1674 ex
971 1611 1072 1674 variis
1096 1609 1218 1684 causis,

73 1695 164 1770 ¹sint
188 1705 345 1769 alternae
369 1706 592 1770 dissidentiae
616 1717 651 1770 et
678 1706 920 1779 confidentiae,
944 1706 1219 1769 abalienationes

77 1811 123 1864 et
161 1798 431 1882 conjundiiones,
456 1804 560 1865 immo
583 1803 775 1865 rixationes
805 1813 841 1866 et
865 1802 1146 1883 compositiones,
1170 1802 1219 1865 ita

74 1895 415 1973 reconciliationes;
449 1889 522 1960 tum
553 1898 657 1960 etiam
688 1897 780 1980 quod
810 1907 1016 1979 apparentes
1046 1897 1218 1960 amicitiae

75 1989 331 2066 reconcilient,
351 1993 385 2054 in
410 1992 680 2055 mundonotum
703 2002 767 2055 est.
813 1992 948 2055 Dantur
971 1993 1076 2054 etiam
1096 2010 1218 2054 recon-

73 2083 298 2160 ciliationes,
316 2107 404 2168 quae
420 2085 504 2149 fiunt
524 2096 604 2168 post
621 2086 860 2163 discessiones,
877 2108 962 2170 quae
982 2106 1051 2150 non
1070 2096 1149 2150 sunt
1168 2086 1219 2150 ita

74 2175 251 2244 alternae
270 2190 306 2244 et
327 2182 555 2245 transitoriae.

162 2289 261 2356 ηε).
293 2273 398 2358 (xix.)
425 2273 522 2350 Quod
544 2275 579 2340 si
601 2276 696 2358 apud
717 2297 853 2340 uxorem
878 2296 941 2339 non
967 2283 1076 2339 cessat
1094 2276 1215 2355 favor,

74 2358 177 2432 dum
192 2370 349 2450 facultas
372 2371 467 2451 apud
491 2371 615 2445 vz‘rrrm,
626 2368 713 2455 fieri
730 2371 843 2453 possit
868 2370 1017 2434 amicitia
1045 2371 1217 2435 aemulans

73 2465 313 2546 conjugalem
328 2486 400 2528 cum
422 2467 807 2529 senescunt.—Primaria
826 2485 1005 2529 causarum
1024 2467 1217 2547 separatio·

73 2550 147 2617 ¹¹58
178 2562 368 2625 animorum
398 2562 489 2625 inter
518 2560 694 2642 conjuges,
725 2572 779 2625 est
808 2562 904 2626 favor
935 2560 1097 2625 deficiens
1126 2562 1217 2645 apud

72 2657 250 2729 uxorem,
275 2665 437 2719 cessante
465 2655 633 2719 facultate
662 2656 752 2738 apud
781 2657 901 2729 virum,
926 2666 962 2719 et
991 2656 1071 2719 inde
1100 2674 1217 2734 amor3

71 2750 177 2812 nam
205 2750 364 2814 similiter
387 2752 476 2814 sicut
499 2750 632 2814 calores
654 2752 911 2814 communicant
934 2751 1024 2814 inter
1046 2772 1094 2827 se,
1112 2751 1217 2815 etiam

69 2825 240 2923 frigora:
265 2846 358 2929 quod
381 2866 427 2909 ex
450 2843 585 2910 defeilu
612 2847 737 2910 amoris
766 2846 857 2926 apud
887 2855 1079 2927 utrumque,
1104 2855 1218 2910 cesset

68 2940 147 2998 ³¹¹1
155 2941 257 3016 icitia,
274 2952 311 3005 et
327 2941 355 3003 si
371 2942 538 3023 pernicies
555 2941 601 3004 rei
617 2941 790 3004 familiaris
806 2941 839 3003 in
856 2940 960 3003 domo
976 2960 1045 3002 non
1062 2942 1215 3014 timetur,

67 3026 199 3099 etiam
218 3037 324 3111 favor,
346 3057 366 3100 a
385 3037 518 3100 ratione
538 3045 574 3099 et
597 3037 641 3098 ab
659 3035 875 3118 experientia
897 3044 1046 3098 constat.
1092 3032 1127 3098 Si
1149 3035 1218 3098 ita·

66 3130 163 3194 ‘er
179 3132 229 3196 vir
244 3134 351 3197 tacite
372 3131 435 3195 sibi
454 3131 601 3213 imputat
620 3150 770 3204 causam,
788 3139 823 3193 et
840 3149 946 3212 usque
962 3150 1049 3192 uxor
1067 3130 1218 3192 incasto

65 3204 209 3314 s{vore
228 3247 311 3308 erga
330 3225 426 3289 illum
446 3234 657 3308 perseverat,
677 3234 795 3308 potest
818 3225 898 3288 inde
914 3224 1081 3288 resultare
1099 3224 1217 3287 amici·

66 3309 154 3389 ³¹².
185 3343 272 3405 quae
304 3322 383 3405 quia
417 3332 470 3386 est
500 3323 590 3386 inter
618 3320 792 3402 conjuges,
823 3328 968 3402 apparet
1001 3321 1088 3384 sicut
1121 3339 1220 3383 amor

66 3413 272 3481 aetrrulans
310 3415 549 3498 conjugialem.
609 3415 710 3497 Quod
746 3416 897 3478 amicitia
928 3423 1093 3497 tanquam
1126 3412 1217 3477 illius

67 3509 219 3574 “noris
234 3512 337 3575 detur
352 3512 441 3574 inter
457 3509 621 3592 conjuges
637 3531 747 3583 senes,
761 3531 807 3574 ex
823 3509 958 3573 illorum
971 3508 1215 3584 contuberniis,

69 3603 321 3681 commerciis,
345 3614 381 3670 et
404 3606 587 3669 consortiis
610 3604 814 3688 tranquillis,
839 3605 977 3680 securis,
1002 3601 1216 3677 amabilibus,

72 3693 109 3747 ‘t
144 3703 316 3767 comitate
335 3700 457 3782 plenis,
477 3700 692 3782 experientia
710 3709 871 3765 testatur.

155 3810 250 3880 291.
282 3794 379 3878 (xx.)
413 3794 510 3874 Quod
528 3795 648 3859 variae
668 3794 791 3877 species
813 3793 1014 3876 apparentis
1036 3789 1162 3856 amoris
1183 3801 1217 3855 et

83 3889 259 3957 emanas
272 3891 395 3956 antur
405 3891 494 3955 inter
507 3889 670 3974 conyieges,
683 3911 822 3973 quorum
838 3910 922 3953 unus
937 3898 989 3952 est
1001 3885 1214 3967 subjiegatus,

89 3979 117 4035 tl
135 3980 217 4050 inde
232 3985 397 4068 subyillus
412 3985 670 4068 alteri-Quod
689 3995 768 4068 post
787 3982 912 4049 exaila
931 3985 1039 4065 prima
1058 3991 1217 4064 tempora

98 4078 243 4166 conjugii
259 4084 351 4148 inter
369 4079 533 4165 conjuges
551 4081 749 4146 oboriantur
767 4078 1014 4145 aemulationes
1033 4076 1076 4141 de
1088 4074 1161 4159 jure
1179 4085 1218 4142 et
