2782 5026
133 414 198 498 256
460 428 642 479 omerus
665 429 893 479 sananrrns

132 597 167 658 in
186 596 294 658 vitam
312 594 542 676 conjugialem
561 595 718 658 initiatus
736 605 801 669 est,
820 605 856 658 et
875 595 975 677 virgo
992 595 1161 660 initianda
1177 592 1249 661 esl

133 702 169 755 et
192 700 311 754 tamen
333 710 429 753 amor
447 689 651 771 conjugialis
670 690 816 772 percipit
835 699 870 753 et
888 691 996 753 sentit
1015 710 1199 754 amoenum
1215 701 1249 755 ε

129 785 318 867 jucundum
339 804 437 846 suum
465 785 500 846 in
526 794 646 847 mutua
667 784 884 862 initiatione;
917 785 1065 866 percipit
1088 795 1126 848 et
1148 780 1249 849 senti

129 880 264 962 juvenis
293 880 435 942 maritus
463 888 499 941 et
527 880 626 960 virgo
644 899 732 941 uxor
762 879 796 940 in
829 879 1099 943 obvenientibus
1120 900 1237 962 sempe

134 993 236 1047 nova,
259 992 305 1035 ex
331 973 453 1054 quibus
478 974 511 1034 in
538 973 705 1035 continua
726 972 873 1054 quadam
897 974 1092 1036 initiatione
1115 983 1151 1036 et
1176 973 1249 1036 inde

134 1067 274 1131 amabili
286 1068 530 1149 progressione
542 1077 623 1130 sunt
638 1087 645 1128 :
669 1066 772 1130 aliter
787 1067 825 1131 fit
840 1069 874 1129 in
891 1077 984 1130 statu
1001 1066 1152 1149 conjugii
1164 1067 1244 1131 vidu

133 1180 210 1226 cum
228 1162 381 1243 virgine;
405 1162 527 1242 virgini
544 1163 644 1223 uxori
667 1162 804 1224 interna
821 1160 1001 1224 inclinatio
1019 1173 1085 1235 est,
1106 1172 1143 1223 at
1166 1162 1249 1243 apuc'

133 1257 243 1320 virum
262 1255 322 1318 illa
341 1256 477 1318 transiit
494 1276 502 1333 ;
525 1256 586 1317 sed
605 1256 638 1318 in
654 1255 706 1318 his
725 1257 828 1318 datur
845 1255 997 1317 varietas
1016 1265 1052 1318 et
1071 1256 1249 1318 diversitas

135 1350 265 1427 multa;
297 1350 455 1413 similiter
486 1350 519 1411 in
551 1349 713 1430 conjugio
741 1350 831 1412 inter
857 1350 997 1412 viduum
1030 1359 1067 1412 et
1096 1350 1249 1427 viduam,

134 1464 240 1526 quare
262 1454 400 1525 praeter
423 1445 601 1506 notionem
620 1443 715 1505 illam
738 1462 971 1518 communem,
995 1464 1064 1506 non
1088 1442 1172 1507 licet
1194 1443 1249 1507 ali·

134 1538 216 1620 quid
235 1537 395 1620 specifice
413 1537 614 1620 adjungere.

193 1648 292 1717 324.
316 1633 402 1714 (vii.)
429 1632 526 1710 Quod
539 1633 725 1696 trorietates
746 1644 779 1696 et
798 1633 1020 1697 diversitates
1046 1633 1168 1697 horum
1184 1654 1249 1696 con·

122 1728 304 1812 jugiorum
321 1728 435 1809 quoad
452 1748 598 1790 amorem
618 1736 651 1790 et
670 1729 741 1809 ejus
762 1727 932 1791 attributa
948 1728 1111 1792 excedant
1131 1750 1249 1792 omnem

136 1821 428 1886 numerum-Est
457 1823 609 1884 omnium
638 1822 789 1885 varietas
821 1821 965 1895 infinita,
985 1831 1021 1884 et
1045 1843 1182 1906 quoque
1205 1831 1249 1885 est

135 1918 318 1982 diversitas
336 1915 488 1980 infinita:
513 1936 573 1999 per
590 1918 778 1980 varietates
797 1918 851 1980 hic
870 1917 1077 1999 intelligitur
1093 1920 1184 1981 inter
1199 1917 1249 1981 illa

136 2032 224 2094 quae
239 2013 337 2074 unius
352 2011 499 2092 generis,
516 2020 576 2073 aut
592 2012 689 2074 unius
705 2012 831 2093 speciei
847 2023 938 2086 sunt,
956 2023 1028 2075 tum
1045 2013 1153 2075 etiam
1169 2013 1249 2075 inter

136 2126 278 2189 genera,
298 2115 334 2168 et
350 2107 441 2168 inter
457 2107 614 2186 species;
637 2115 673 2168 at
693 2125 753 2187 per
771 2105 993 2168 diversitates
1016 2106 1072 2169 hic
1092 2107 1249 2188 intelligi·

137 2213 192 2265 tur
209 2202 300 2263 inter
317 2200 377 2263 illa
399 2220 487 2282 quae
508 2201 542 2262 in
566 2202 729 2282 opposito
748 2209 837 2263 sunt.
881 2200 965 2262 ldea
987 2211 1108 2263 nostra
1127 2201 1171 2264 de
1189 2201 1249 2265 dis·

137 2295 306 2359 tinstione
324 2297 531 2359 varietatum
547 2305 583 2358 et
606 2296 858 2370 diversitatum,
877 2295 1042 2359 illustrari
1061 2305 1182 2378 potest
1200 2317 1249 2379 per

137 2391 223 2455 hoc:
247 2390 390 2455 Caelum
409 2390 616 2471 angelicum,
636 2391 728 2472 quod
747 2390 913 2453 cohaeret
933 2399 970 2452 ut
993 2409 1110 2465 unum,
1129 2393 1165 2454 in
1183 2391 1249 2453 infi-

139 2486 212 2548 nita
238 2487 409 2548 varietate
433 2494 508 2561 est;
543 2504 610 2546 non
640 2485 742 2547 datur
764 2504 850 2547 unus
876 2484 922 2548 ibi
951 2484 1114 2548 absolute
1140 2486 1249 2549 simili:

138 2579 250 2655 alteri,
265 2599 334 2642 non
350 2580 463 2661 quoad
477 2580 610 2641 animas
626 2588 661 2641 et
677 2589 824 2654 mentes,
838 2599 901 2642 nec
917 2580 1031 2661 quoad
1048 2579 1248 2644 affedliones

138 2675 390 2756 perceptiones,
407 2684 442 2737 et
459 2675 538 2736 inde
551 2674 794 2755 cogitationes,
808 2694 871 2737 nec
887 2674 1000 2756 quoad
1015 2674 1249 2739 inclinationes

138 2777 174 2830 et
201 2769 280 2831 inde
302 2769 527 2843 intentiones,
551 2788 662 2850 neque
684 2769 797 2850 quoad
820 2789 924 2831 sonos
947 2768 1120 2851 loquelae,
1144 2770 1249 2834 iacies

138 2883 295 2945 corpora,
318 2872 449 2944 gestus,
473 2872 509 2926 et
535 2883 684 2944 gressus,
708 2872 743 2925 et
766 2862 885 2944 plura;
915 2875 951 2926 et
978 2885 1095 2945 usque,
1119 2874 1249 2928 tamets

139 2966 219 3020 sunt
236 2959 407 3039 myriades
423 2959 627 3038 myriadum,
643 2978 663 3020 a
682 2958 832 3020 Domino
849 2958 997 3020 ordinati
1015 2968 1095 3022 sunt
1113 2969 1151 3022 et
1170 2959 1249 3023 ordi

140 3060 267 3115 nantur
291 3053 324 3114 in
348 3071 450 3114 unam
473 3051 629 3126 formam,
653 3052 687 3115 in
710 3072 776 3134 qua
798 3062 851 3114 est
874 3052 1028 3134 plenaria
1051 3054 1249 3117 unanimita:

139 3158 174 3211 et
193 3147 400 3225 concordia,
423 3167 511 3229 quae
531 3167 599 3208 non
616 3147 741 3210 dabilis
760 3156 864 3221 esset,
884 3148 948 3209 nisi
966 3148 1011 3209 ab
1030 3147 1112 3210 Uno
1131 3149 1245 3212 ducan

140 3253 195 3306 tur
210 3262 331 3305 omnes
343 3253 415 3306 tam
428 3244 510 3305 varii
523 3243 764 3305 universaliter
779 3252 815 3305 et
831 3242 1052 3323 singulariter
1064 3264 1072 3320 ;
1095 3243 1158 3306 illa
1170 3255 1249 3308 sunt

139 3359 227 3421 quae
242 3358 303 3420 per
322 3339 511 3401 varietates
529 3339 584 3400 hic
604 3338 841 3419 intelligimus.
885 3337 936 3400 At
959 3358 1020 3420 per
1037 3339 1249 3403 diversitate

140 3434 369 3516 intelligimus
388 3435 552 3517 opposita
567 3436 778 3498 varietatum
801 3434 949 3507 illarum,
967 3455 1055 3515 quae
1078 3434 1209 3499 dantur
1231 3437 1249 3499 ir

140 3528 298 3607 infern03
327 3550 449 3593 omnes
471 3531 561 3591 enim
585 3538 620 3592 et
645 3529 771 3610 singuli
794 3529 840 3592 ibi
869 3550 888 3591 e
916 3529 1088 3591 diametro
1110 3532 1249 3612 opposit

140 3634 220 3688 sunt
237 3624 304 3687 illis
319 3626 375 3707 qui
393 3625 427 3687 in
446 3624 546 3687 caelo
561 3633 653 3699 sunt,
670 3633 706 3687 et
725 3623 894 3686 infernum
913 3644 958 3686 ex
978 3622 1045 3686 illis
1062 3627 1248 3688 continetu

140 3727 178 3781 ut
200 3738 304 3781 unum
327 3738 387 3800 per
405 3719 592 3781 varietates
610 3719 700 3780 inter
722 3739 759 3780 se
781 3738 919 3799 prorsus
937 3718 1128 3780 contrarias
1151 3720 1248 3782 varie

140 3814 273 3878 tatibus
301 3815 334 3876 in
357 3813 468 3888 caelo,
491 3813 540 3876 ita
562 3833 624 3895 per
645 3812 866 3875 diversitates
889 3821 1084 3894 perpetuas.
1128 3811 1188 3875 Ex
1211 3812 1247 3877 hi

141 3917 293 3984 constat,
313 3909 393 3991 quid
412 3929 473 3989 per
490 3907 657 3970 infinitam
675 3906 896 3981 varietatem,
914 3916 950 3970 et
972 3907 1052 3988 quid
1072 3926 1133 3988 per
1151 3906 1248 3971 infini

141 4011 215 4067 tam
232 4003 472 4066 diversitatem
489 4003 685 4084 percipitur.
728 3999 846 4064 Simile
862 4010 916 4064 est
934 4020 1011 4064 cum
1029 3999 1212 4083 conjugiis,
1230 4023 1250 4064 u

142 4098 233 4180 quod
250 4097 404 4161 infinitae
422 4098 612 4161 varietates
629 4098 699 4159 sint
716 4096 807 4178 apud
825 4095 903 4159 illos
919 4096 975 4178 qui
992 4096 1025 4158 in
1045 4115 1166 4159 amore
1184 4117 1249 4161 con

138 4190 259 4272 jugiali
277 4201 368 4266 sunt,
388 4210 427 4254 ac
439 4191 592 4255 infinitae
609 4192 799 4254 varietates
815 4192 906 4255 inter
921 4190 1001 4253 illos
1019 4190 1076 4272 qui
1094 4189 1129 4253 in
1147 4212 1248 4255 amor

142 4287 353 4351 scortatorio
371 4295 471 4365 sunt;
495 4296 532 4350 et
554 4288 645 4363 inde,
665 4288 757 4370 quod
780 4287 934 4351 infinitae
953 4286 1179 4349 diversitates
1196 4287 1250 4350 sin

142 4383 233 4446 inter
246 4382 312 4447 hos
332 4393 368 4448 et
390 4382 478 4447 illos.
522 4383 579 4447 Ex
606 4383 659 4447 his
685 4383 750 4447 hoc
770 4383 971 4448 conclusum
987 4383 1155 4465 sequitur,
1173 4404 1249 4468 quo*
