2782 5026
344 110 394 160 ns
416 107 552 160 suone
574 106 893 176 commotast-u.
913 79 984 174 27'7,
1162 107 1228 173 219

88 280 388 357 accidentalibus,
407 302 495 364 quae
514 299 634 344 omnes
653 301 698 345 ex
718 278 994 343 dissimilitudine
1013 277 1225 354 internarum

86 377 364 443 inclinationum
381 376 522 441 trahunt
541 377 643 449 rivos,
664 376 698 438 in
717 375 890 456 superiore
909 373 1022 456 capite
1042 370 1226 435 confirma·

86 483 171 539 tum
191 485 261 539 est.
306 471 364 537 Ex
381 471 434 535 his
452 481 551 555 patet
571 472 709 545 veritas,
729 470 820 553 quod
840 468 903 533 nisi
922 469 1080 532 externis
1095 465 1226 531 affecti·

84 570 222 633 onibus
245 571 361 634 insunt
389 566 557 641 internae,
580 586 668 649 quae
695 564 910 646 conjungunt
934 573 1081 639 mentes,
1105 563 1226 627 matri·

84 665 215 726 monia
234 664 268 726 in
288 664 393 727 domo
412 659 601 724 solvantur.

160 758 261 840 276.
292 756 354 840 (v.)
382 755 480 835 Quod
497 765 607 818 tamen
629 746 845 818 matrimonia
867 753 902 818 in
920 751 1041 816 mundo
1059 751 1226 836 adfinem

80 852 189 915 vitas
199 862 430 933 permansura
447 849 650 914 sint—Hoc
670 849 819 924 affertur,
840 859 876 912 ut
897 848 1089 912 evidentius
1108 866 1224 912 coram

81 948 234 1011 ratione
253 948 394 1012 sistatur
413 946 614 1019 necessitas,
635 944 777 1020 utilitas,
797 954 833 1008 et
856 945 994 1017 veritas,
1014 943 1104 1026 quod
1129 963 1226 1006 amor

77 1041 313 1123 coniugialis,
328 1042 383 1105 ubi
399 1060 469 1105 non
486 1041 654 1120 genuinus
670 1049 735 1114 est,
750 1060 855 1122 usque
867 1036 1078 1102 affectandus
1094 1037 1150 1111 sit,
1165 1057 1225 1101 seu

78 1146 129 1202 ut
157 1129 437 1219 appareat'sicut
458 1137 525 1212 sit;
559 1134 660 1199 aliter
683 1135 782 1208 soret,
807 1135 836 1197 si
863 1133 1021 1215 conjugia
1049 1135 1132 1197 inita
1154 1154 1224 1197 non

75 1242 218 1297 essent
238 1229 339 1314 patra
358 1229 526 1313 usquead
551 1228 654 1293 linem
677 1231 781 1304 vitae,
802 1229 864 1291 sed
887 1228 1045 1291 solubilia
1068 1250 1113 1292 ex
1137 1229 1221 1292 arbi·

75 1329 174 1401 trio,
207 1328 297 1391 sicut
325 1326 461 1389 suerunt
491 1324 583 1408 apud
613 1335 755 1405 gentem
787 1323 1024 1396 israeliticam,
1048 1344 1135 1407 quae
1160 1324 1224 1386 sibi

72 1419 296 1485 libertatem
316 1420 514 1485 dimittendi
533 1440 660 1483 uxores
679 1441 724 1483 ex
742 1439 943 1502 quacunque
961 1439 1063 1482 causa
1081 1439 1223 1502 arroga-

71 1517 140 1581 vit
156 1537 166 1595 ;
191 1524 230 1579 ut
250 1525 348 1599 patet
367 1537 413 1578 ex
432 1515 485 1578 his
504 1516 594 1597 apud
613 1514 849 1579 Malliacum:

136 1651 364 1702 “Accesserunt
375 1650 547 1709 ‚Pharlssel,.
558 1689 564 1701 .
574 1653 706 1701 ‚dieentes
725 1651 759 1700 ad
773 1633 875 1716 Je'sum,
889 1652 999 1702 Licetne
1016 1652 1119 1701 homini
1133 1651 1224 1700 dimit·

228 1727 285 1768 tere
297 1732 408 1767 uxorem
422 1731 456 1766 ex
466 1731 624 1780 quacunque
634 1716 749 1767 causei*
780 1717 885 1767 Etcum
898 1718 977 1782 Jesus
990 1718 1138 1780 respondit,
1151 1717 1223 1780 quod
1277 1730 1279 1735 ⁴

228 1798 286 1833 non
301 1784 379 1833 liceat
393 1783 528 1832 dimittere
543 1797 664 1839 uxorem,
677 1794 705 1832 et
718 1783 798 1831 aliam
812 1783 916 1841 ducere,
929 1784 982 1832 nisi
998 1795 1107 1846 propter
1122 1793 1223 1831 scorta·

227 1849 340 1906 tionem,
359 1848 515 1905 retulerunt,
533 1848 605 1911 quod
623 1863 707 1911 usque
727 1847 820 1898 Moses
838 1850 1003 1911 praeceperit
1020 1850 1084 1897 dare
1102 1847 1222 1897 libellum

227 1914 342 1976 repudii,
357 1924 383 1962 et
394 1913 544 1971 dimittere:
562 1925 590 1963 et
601 1914 725 1976 discipuli
737 1915 873 1963 dixerunt.
884 1951 903 1972 .,
914 1917 929 1937 ⁸·
937 1915 965 1964 Si
977 1915 1016 1963 sic
1028 1925 1070 1963 est
1081 1929 1163 1963 causa
1174 1914 1223 1963 ho·

227 1979 311 2029 minis
328 1993 389 2029 cum
407 1993 502 2030 uxore.
512 2015 531 2038 .,
547 1993 602 2029 noo
620 1981 730 2043 expedit
743 1980 945 2030 matrimonium
964 1981 1121 2029 contrahere
1130 1979 1145 1998 '⁹
1157 1979 1221 2041 (xix.

228 2044 313 2108 3-10).

62 2171 177 2239 Cum
195 2172 314 2253 itaque
330 2170 449 2234 foedus
465 2170 614 2253 conjugii
631 2181 685 2236 est
702 2171 821 2235 foedus
838 2170 942 2244 vitae,
956 2173 1118 2253 sequitur,
1129 2171 1221 2253 quod

60 2266 320 2350 apparentiae
346 2267 473 2329 amoris
500 2276 536 2331 et
563 2267 736 2330 amicitiae
763 2267 853 2330 inter
876 2265 1040 2347 conjuges
1067 2267 1137 2329 sint
1160 2286 1221 2329 ne·

59 2361 289 2425 cessitates.
335 2359 437 2442 Quod
464 2363 683 2425 matrimonia
711 2359 890 2425 contradla
914 2382 1019 2443 usque
1046 2360 1091 2423 ad
1118 2359 1220 2424 linem

59 2459 187 2521 vitae
211 2456 246 2518 in
270 2457 397 2518 mundo
421 2475 641 2538 permansura
664 2458 745 2531 sint,
771 2466 824 2519 est
848 2478 893 2520 ex
921 2454 999 2537 lege
1023 2455 1159 2528 Divina,
1184 2465 1220 2520 et

58 2552 171 2636 quia
191 2570 240 2614 ex
258 2549 334 2624 hac,
355 2552 460 2613 etiam
480 2560 533 2614 est
549 2571 594 2615 ex
618 2551 696 2633 lege
720 2551 891 2625 rationali,
912 2561 947 2614 et
971 2552 1051 2615 inde
1070 2572 1116 2614 ex
1141 2550 1219 2631 lege

61 2645 209 2721 civili;
232 2664 279 2707 ex
298 2643 377 2724 lege
396 2644 531 2720 Divina,
549 2646 641 2728 quod
662 2666 730 2708 non
752 2645 855 2710 liceat
871 2647 1045 2709 dimittere
1062 2665 1218 2722 uxorem,

62 2752 123 2806 et
149 2740 282 2802 ducere
304 2738 417 2813 aliam,
438 2741 501 2803 nisi
525 2752 666 2824 propter
689 2741 950 2816 scortationem,
971 2751 1009 2805 ut
1028 2761 1150 2824 supra;
1174 2762 1220 2804 ex

61 2832 172 2916 lege
190 2833 455 2916 rationalique
470 2835 631 2898 fundatur
646 2857 746 2918 super
762 2835 940 2918 spirituali,
955 2847 1035 2899 sunt
1052 2837 1143 2899 enim
1161 2835 1220 2899 lex

65 2927 223 2993 Divina
242 2937 277 2992 et
294 2928 472 2991 rationalis
490 2950 556 2993 una
576 2930 654 3010 lex;
678 2951 724 2995 ex
743 2931 807 2994 hac
828 2940 863 2994 et
880 2930 939 2994 illa
958 2931 1070 3006 simul,
1084 2952 1143 2994 seu
1160 2952 1220 3013 per

61 3022 183 3088 lianc
205 3022 340 3097 exilia,
361 3023 403 3086 ad
421 3023 566 3087 multum
586 3045 764 3089 numerum
780 3026 886 3089 videri
906 3037 1051 3108 possunt
1071 3027 1219 3089 enormi·

63 3128 201 3191 tates,
223 3126 258 3182 et
277 3118 483 3183 societatum
503 3119 765 3196 destruitiones,
786 3130 821 3185 et
839 3121 1082 3185 dissolutiones
1101 3121 1219 3202 conju·

61 3217 241 3298 giorum,
256 3233 315 3276 seu
328 3214 545 3279 dimissiones
557 3235 702 3278 uxorum
714 3238 760 3279 ex
773 3216 993 3298 beneplacito
1007 3218 1218 3292 maritorum,

61 3318 174 3372 ante
195 3317 365 3386 mortem;
389 3311 614 3373 enormitates
638 3309 718 3373 illae
737 3320 772 3374 et
795 3309 1046 3374 destrudtiones
1069 3313 1218 3375 societa-

61 3412 170 3470 tum
201 3403 315 3485 quoad
345 3403 493 3487 aliquam
524 3406 658 3487 copiam
690 3415 833 3488 possunt
864 3407 898 3469 in
933 3406 1148 3470 Memorabili
1175 3407 1218 3471 de

61 3498 229 3580 origine
248 3499 373 3562 amoris
392 3499 593 3581 conjugialis
613 3522 659 3564 ex
678 3502 900 3583 congregatis
918 3523 938 3566 e
957 3522 1081 3565 novem
1101 3504 1217 3584 regnis

60 3592 267 3659 ventilata
292 3591 340 3675 (n.
364 3594 521 3678 103-115)
546 3596 672 3673 videri;
705 3596 826 3679 quibus
850 3596 963 3679 plures
987 3599 1138 3660 rationes
1161 3619 1217 3662 su·

62 3687 284 3772 peraddere
314 3708 384 3751 non
415 3710 500 3772 opus
523 3701 587 3754 est.
638 3689 706 3755 Sed
734 3692 799 3755 hae
822 3711 944 3755 causae
969 3712 1036 3755 non
1061 3693 1216 3767 obstant,

65 3785 171 3868 quin
202 3793 344 3865 propter
367 3804 444 3846 suas
471 3804 592 3848 causas
622 3788 869 3868 permittantur
891 3788 1127 3869 separationes
1158 3785 1217 3870 (de

64 3879 214 3964 quibus
226 3898 339 3960 supra,
354 3897 386 3940 n.
398 3878 560 3963 232-254)
574 3901 582 3959 ;
605 3891 642 3946 et
658 3901 793 3965 quoque
806 3883 1054 3946 concubinatus
1069 3881 1128 3966 (de
1141 3883 1216 3966 qui·

63 3967 152 4039 bus
171 3975 207 4036 in
228 3971 388 4037 Secunda
409 3973 537 4057 Parte).

150 4080 246 4152 ²7⁷·
271 4065 345 4150 (vi.)
373 4065 469 4145 Quod
477 4068 512 4131 in
524 4070 759 4148 matrimoniis,
773 4073 809 4136 in
821 4071 939 4154 quibus
951 4071 1102 4136 internae
1112 4072 1215 4157 affcc-
