2782 5026
248 447 305 498 nu
330 445 465 496 anone
488 426 808 510 contuemur—u.
829 443 1024 511 rsrrsecunm.
1149 442 1208 511 1²7

83 610 213 698 iugialis
236 616 298 691 ibi,
320 614 405 679 liant
424 614 541 678 tristes
560 624 596 679 et
615 614 751 688 anxiae,
771 623 807 678 et
826 613 918 695 quod
937 623 1020 678 tunc
1038 612 1208 696 quaedam

85 723 203 792 sponte
220 732 296 786 sua,
311 710 480 794 quaedam
497 731 543 773 ex
555 711 656 773 venia
672 710 794 792 petita,
809 719 844 772 et
857 709 1026 792 quaedam
1042 729 1088 771 ex
1101 708 1207 790 jussu,

88 806 205 868 abeant
234 816 271 871 et
300 806 524 883 emittantur;
556 813 593 867 et
616 804 708 887 quod
737 823 815 867 curn
838 814 938 867 extra
960 803 1045 867 illud
1074 802 1208 867 caelum

91 913 171 977 sunt,
190 902 369 985 aperiatur
386 899 454 964 illis
469 900 526 963 via
544 900 588 963 ad
612 899 805 974 consocias,
826 918 912 982 quae
936 899 970 962 in
989 897 1090 961 simili
1111 907 1208 962 statu

93 995 174 1060 vitae
194 999 228 1060 in
249 996 379 1060 mundo
397 994 554 1072 fuerant;
578 1003 614 1057 et
631 994 724 1076 quod
748 1004 830 1058 tunc
848 994 894 1058 ab
911 993 1025 1057 anxiis
1047 991 1131 1058 fiant
1154 992 1208 1056 hi·

96 1086 183 1166 lares,
202 1112 243 1154 ac
261 1090 492 1155 laetificentur
509 1090 600 1153 inter
615 1109 663 1152 se.

147 1186 355 1268 156[pn’m0].
383 1183 486 1267 (xiv.)
512 1181 610 1259 Quod
620 1193 732 1247 status
746 1183 891 1266 coryiaega'i
900 1181 1147 1264 praeferendus
1162 1183 1209 1246 sit

92 1281 193 1343 statui
211 1278 403 1354 caelibatus,
423 1288 564 1343 constat
587 1299 633 1342 ex
657 1278 722 1342 illis
745 1298 832 1362 quae
856 1279 899 1341 de
923 1278 1083 1359 conjugio
1106 1278 1207 1341 etde

89 1375 257 1439 caelibatu
272 1373 439 1438 hadtenus
455 1372 548 1438 dieta
563 1383 654 1437 sunt.
695 1371 797 1454 Quod
814 1383 927 1436 status
943 1372 1091 1454 conjugii
1108 1392 1207 1455 prae·

84 1469 242 1533 serendus
261 1470 318 1543 sit,
338 1479 392 1533 est
413 1469 491 1551 quia
509 1468 567 1531 ille
590 1489 611 1532 a
629 1469 804 1532 creatione
823 1478 896 1545 est;
919 1467 998 1550 quia
1016 1469 1113 1548 origo
1136 1466 1208 1548 ejus

80 1573 144 1626 est
159 1563 352 1645 conjugium
370 1563 452 1626 boni
471 1572 506 1628 et
526 1565 616 1641 veri;
640 1563 719 1646 quia
738 1562 809 1644 ejus
828 1562 1133 1644 correspondentia
1152 1572 1207 1626 est

73 1676 165 1720 curn
178 1658 336 1739 conjugio
356 1658 494 1720 Domini
513 1667 549 1722 et
569 1657 771 1733 Ecclesiae;
795 1658 873 1739 quia
892 1658 1038 1720 ecclesia
1055 1667 1090 1719 et
1111 1676 1207 1719 amor

69 1751 286 1835 coniugialis
310 1762 390 1816 sunt
413 1753 540 1815 assidui
559 1752 726 1830 comites;
750 1753 829 1834 quia
847 1772 926 1814 usus
946 1751 1016 1833 ejus
1036 1762 1089 1815 est
1107 1772 1205 1834 prae·

64 1849 229 1911 stantior
241 1847 357 1910 usibus
370 1847 522 1910 omnium
538 1847 733 1921 creationis,
747 1856 801 1909 est
818 1847 908 1909 enim
924 1847 1004 1909 inde
1017 1846 1206 1910 secundum

61 1941 239 2006 ordinem
262 1942 469 2025 propagatio
492 1942 628 2023 generis
650 1941 801 2016 humani,
822 1951 858 2005 et
877 1961 1011 2023 quoque
1035 1940 1121 2004 caeli
1144 1962 1206 2005 an·

54 2037 197 2114 -gelici,
212 2038 278 2101 hoc
297 2038 387 2100 enim
405 2056 450 2100 ex
469 2056 596 2118 genere
614 2035 764 2100 humano
784 2045 859 2114 est;
882 2036 1017 2100 accedit
1034 2036 1096 2111 his,
1114 2037 1205 2118 quod

59 2132 280 2214 conjugium
300 2133 346 2195 sit
369 2131 547 2213 plenitudo
569 2131 727 2207 hominis,
748 2153 808 2214 per
826 2131 910 2194 illud
930 2132 1020 2194 enim
1039 2131 1144 2194 homo
1167 2129 1206 2196 fit
1248 2139 1249 2142 ’

57 2220 206 2300 plenus
233 2227 350 2300 homo,
375 2225 466 2307 quod
495 2225 529 2289 in
560 2236 726 2309 sequente
755 2226 870 2309 capite
899 2226 1205 2289 demonstrandum

58 2322 199 2385 venit:
223 2321 339 2386 omnia
357 2320 416 2383 illa
434 2321 468 2384 in
484 2319 656 2385 caelibatu
673 2341 741 2384 non
758 2331 848 2385 sunt.
892 2319 945 2384 At
961 2322 989 2384 si
1005 2321 1106 2384 datur
1126 2340 1205 2402 pro·

60 2417 212 2487 positio
231 2416 324 2499 quod
349 2425 460 2479 status
481 2414 670 2479 caelibatus
691 2425 846 2497 praestet
870 2425 965 2478 statu
990 2414 1149 2496 conjugii,
1169 2426 1205 2480 et

60 2500 174 2574 haec
198 2512 399 2593 relinquitur
421 2511 631 2593 inquisitioni
654 2519 691 2575 ut
718 2511 928 2574 assentiatur
950 2520 986 2574 et
1010 2511 1206 2574 stabiliatur

62 2613 155 2674 Per
179 2605 466 2680 confirmationes,
494 2615 577 2668 tunc
607 2625 668 2687 per
689 2605 753 2669 has
779 2605 950 2687 prodeunt
972 2605 1078 2668 haec:
1113 2605 1205 2688 quod

62 2700 242 2783 conjugia
268 2720 337 2764 non
364 2701 433 2764 sint
459 2698 591 2774 saneta,
612 2719 675 2764 nec
701 2700 826 2763 dentur
846 2710 965 2778 casta;
989 2701 1094 2763 immo
1113 2701 1205 2783 quod

64 2797 229 2858 castitas
248 2796 281 2859 in
302 2816 388 2858 sexu
412 2793 574 2858 feminino
594 2815 662 2857 non
686 2795 730 2858 sit
754 2794 839 2869 aliis,
860 2814 961 2879 quam
986 2816 1072 2879 quae
1095 2795 1204 2860 absti-

64 2893 174 2981 flent
196 2913 213 2954 a
237 2890 416 2971 conjugiis,
442 2900 478 2954 et
503 2899 632 2953 vovent
660 2900 862 2972 perpetuam
887 2891 1144 2973 virginitatem
1168 2898 1204 2954 et

65 2988 220 3065 ¹nsuper
237 2986 329 3068 quod
354 2985 402 3048 illi
425 2985 481 3066 qui
505 2994 704 3067 perpetuum
728 2985 934 3050 caelibatum
954 2995 1133 3059 voverant,
1153 2987 1205 3049 in·

67 3070 284 3159 telligantur
311 3101 372 3162 per
403 3080 618 3154 “eunuchos,
647 3081 702 3161 qui
729 3100 767 3143 se
797 3090 938 3163 propter
966 3100 1109 3162 regnum
1140 3082 1206 3145 Dei

67 3154 211 3238 faciunt
232 3174 432 3238 eunuchos”
461 3173 600 3255 (Mattlz.
624 3176 697 3236 xix.
722 3175 795 3256 12);
820 3185 957 3257 praeter
983 3176 1090 3257 plura,
1117 3197 1205 3259 quae

70 3269 140 3324 ἐκ
159 3271 384 3351 propositione
404 3288 472 3332 non
489 3289 580 3345 vera,
597 3270 703 3333 etiam
723 3288 791 3332 non
808 3291 889 3333 vera
907 3281 1007 3338 sunt:
1035 3291 1095 3353 per
1116 3278 1203 3334 “eu-

72 3360 224 3449 Fuchos,
254 3366 310 3447 qui
339 3384 375 3426 se
406 3372 546 3446 propter
574 3384 719 3445 regnum
750 3364 815 3427 Dei
844 3365 972 3428 faciunt
999 3365 1205 3441 eunuchos,''

73 3455 322 3540 ¹¹¹telligantur
340 3458 534 3540 spirituales
553 3458 711 3533 eunuchi,
731 3460 786 3540 qui
807 3470 886 3523 sunt
906 3461 962 3541 qui
985 3461 1018 3523 in
1038 3461 1204 3543 conjugiis

76 3536 260 3636 {bstinent
279 3574 300 3617 a
321 3553 421 3616 malis
445 3554 717 3632 scortationum
741 3554 832 3636 quod
858 3554 938 3618 Itali
963 3557 1109 3619 eunuchi
1134 3576 1204 3620 non

79 3643 333 3730 ¹¹&telligantun
352 3656 461 3730 patet.

87 3876 300 3962 Qunam.
331 3886 396 3951 His
412 3887 568 3970 adjiciam
587 3890 656 3954 duo
675 3889 924 3956 Memorabilia.
970 3893 1117 3956 Primum
1129 3913 1183 3956 :-

148 4013 216 4074 Dum
232 4038 270 4077 ex
286 4022 345 4076 hoc
364 4022 436 4077 ludo
451 4023 616 4092 sapientiae
634 4025 683 4092 (de
698 4041 759 4095 quo
777 4042 876 4096 supra,
890 4043 918 4080 n.
937 4028 1008 4095 132),
1021 4027 1134 4081 abirem
1150 4027 1204 4082 do-

98 4093 178 4161 mum,
192 4100 220 4153 in
240 4101 291 4156 via
310 4101 373 4155 vidi
394 4103 535 4173 angelum
559 4104 588 4157 in
610 4113 696 4159 veste
715 4105 923 4176 hyacinthina:
942 4105 992 4160 hic
1013 4107 1152 4176 adjunxit
1171 4122 1204 4162 se

101 4157 172 4230 lateri
183 4195 257 4242 meo,
270 4190 302 4235 et
315 4180 400 4242 dixit,
411 4189 427 4209 ‘⁴
436 4181 534 4237 Video
543 4184 624 4254 quod
638 4199 656 4239 e
668 4184 740 4239 ludo
753 4185 917 4254 sapientiae
929 4186 1065 4246 exiveris,
1077 4196 1109 4240 et
1121 4186 1203 4257 quod

105 4254 241 4329 {lauditia
257 4260 297 4314 ibi
315 4259 494 4315 laetificatus
507 4261 562 4324 sis,
581 4273 613 4316 et
624 4263 696 4334 quia
711 4264 852 4334 percipio,
866 4265 948 4334 quod
965 4281 1025 4319 non
1042 4265 1147 4334 plenus
1162 4266 1203 4322 sia

108 4334 132 4377 ¹¹¹
141 4328 187 4399 huc
199 4340 319 4401 mundo,
333 4339 405 4410 quia
417 4340 504 4394 simul
519 4341 548 4395 in
563 4343 678 4397 mundo
691 4344 819 4398 naturali
837 4359 877 4405 es.
891 4354 922 4398 et
942 4343 1010 4399 ideo
1023 4344 1120 4399 nescis
1132 4360 1204 4399 nos·

109 4408 144 4460 lfa
151 4419 295 4485 gymnasia
304 4417 489 4503 Olympiaca,
500 4420 551 4475 ubi
561 4431 680 4479 veteres
688 4422 777 4494 sophi
787 4423 981 4487 conveniunt,
991 4434 1023 4480 et
1032 4440 1068 4481 ex
1077 4422 1203 4481 advenis
