<?xml version="1.0" encoding="UTF-8"?>
<!DOCTYPE html PUBLIC "-//W3C//DTD XHTML 1.0 Transitional//EN"
    "http://www.w3.org/TR/xhtml1/DTD/xhtml1-transitional.dtd">
<html xmlns="http://www.w3.org/1999/xhtml" xml:lang="en" lang="en">
 <head>
  <title>
</title>
<meta http-equiv="Content-Type" content="text/html;charset=utf-8" />
  <meta name='ocr-system' content='tesseract 3.04.00' />
  <meta name='ocr-capabilities' content='ocr_page ocr_carea ocr_par ocr_line ocrx_word'/>
</head>
<body>
  <div class='ocr_page' id='page_1' title='image "./deliciaesapient00swedgoog_0355.png"; bbox 0 0 2782 5026; ppageno 0'>
   <div class='ocr_carea' id='block_1_1' title="bbox 123 115 910 200">
    <p class='ocr_par' dir='ltr' id='par_1_1' title="bbox 123 115 910 200">
     <span class='ocr_line' id='line_1_1' title="bbox 123 115 910 200; baseline 0.005 -18"><span class='ocrx_word' id='word_1_1' title='bbox 123 115 187 200; x_wconf 81' lang='lat'>³4⁶</span> <span class='ocrx_word' id='word_1_2' title='bbox 453 130 701 185; x_wconf 78' lang='lat' dir='ltr'>vocumras</span> <span class='ocrx_word' id='word_1_3' title='bbox 724 132 910 186; x_wconf 72' lang='lat' dir='ltr'>insanus</span> 
     </span>
    </p>
   </div>
   <div class='ocr_carea' id='block_1_2' title="bbox 119 293 1391 2004">
    <p class='ocr_par' dir='ltr' id='par_1_2' title="bbox 121 293 1363 654">
     <span class='ocr_line' id='line_1_2' title="bbox 121 293 1329 390; baseline 0.004 -22"><span class='ocrx_word' id='word_1_4' title='bbox 121 301 342 387; x_wconf 86' lang='lat' dir='ltr'>purificantur</span> <span class='ocrx_word' id='word_1_5' title='bbox 355 324 377 367; x_wconf 85' lang='lat' dir='ltr'>a</span> <span class='ocrx_word' id='word_1_6' title='bbox 391 302 484 368; x_wconf 86' lang='lat' dir='ltr'>malo</span> <span class='ocrx_word' id='word_1_7' title='bbox 498 303 588 369; x_wconf 83' lang='lat' dir='ltr'>illius</span> <span class='ocrx_word' id='word_1_8' title='bbox 603 303 761 379; x_wconf 82' lang='lat' dir='ltr'>libidinis,</span> <span class='ocrx_word' id='word_1_9' title='bbox 778 304 861 370; x_wconf 90' lang='lat' dir='ltr'>dum</span> <span class='ocrx_word' id='word_1_10' title='bbox 875 305 911 371; x_wconf 87' lang='lat' dir='ltr'>io</span> <span class='ocrx_word' id='word_1_11' title='bbox 927 314 1060 372; x_wconf 81' lang='lat' dir='ltr'>starum</span> <span class='ocrx_word' id='word_1_12' title='bbox 1072 293 1329 390; x_wconf 55' lang='lat' dir='ltr'>conjugffl‘</span> 
     </span>
     <span class='ocr_line' id='line_1_3' title="bbox 121 378 1350 484; baseline 0.003 -22"><span class='ocrx_word' id='word_1_13' title='bbox 121 398 191 463; x_wconf 78' lang='lat' dir='ltr'>1em</span> <span class='ocrx_word' id='word_1_14' title='bbox 213 399 365 463; x_wconf 69' lang='lat' dir='ltr'>veniunt.</span> <span class='ocrx_word' id='word_1_15' title='bbox 410 397 515 480; x_wconf 77' lang='lat' dir='ltr'>Quor</span> <span class='ocrx_word' id='word_1_16' title='bbox 536 399 587 465; x_wconf 77' lang='lat' dir='ltr'>rra</span> <span class='ocrx_word' id='word_1_17' title='bbox 607 419 677 464; x_wconf 77' lang='lat' dir='ltr'>non</span> <span class='ocrx_word' id='word_1_18' title='bbox 700 399 760 465; x_wconf 74' lang='lat' dir='ltr'>fiat</span> <span class='ocrx_word' id='word_1_19' title='bbox 782 399 861 472; x_wconf 71' lang='lat' dir='ltr'>ura,</span> <span class='ocrx_word' id='word_1_20' title='bbox 884 402 943 484; x_wconf 77' lang='lat' dir='ltr'>qur</span> <span class='ocrx_word' id='word_1_21' title='bbox 964 402 999 466; x_wconf 77' lang='lat' dir='ltr'>rn</span> <span class='ocrx_word' id='word_1_22' title='bbox 1022 378 1350 468; x_wconf 50' lang='lat' dir='ltr'>fornicatore</span> 
     </span>
     <span class='ocr_line' id='line_1_4' title="bbox 121 489 1363 579; baseline 0.005 -22"><span class='ocrx_word' id='word_1_23' title='bbox 121 491 282 575; x_wconf 69' lang='lat' dir='ltr'>speciant</span> <span class='ocrx_word' id='word_1_24' title='bbox 302 493 348 558; x_wconf 89' lang='lat' dir='ltr'>ad</span> <span class='ocrx_word' id='word_1_25' title='bbox 376 493 593 570; x_wconf 80' lang='lat' dir='ltr'>adulterium,</span> <span class='ocrx_word' id='word_1_26' title='bbox 615 495 652 560; x_wconf 85' lang='lat' dir='ltr'>in</span> <span class='ocrx_word' id='word_1_27' title='bbox 680 514 770 562; x_wconf 87' lang='lat' dir='ltr'>nunc</span> <span class='ocrx_word' id='word_1_28' title='bbox 792 505 961 579; x_wconf 77' lang='lat' dir='ltr'>sequente</span> <span class='ocrx_word' id='word_1_29' title='bbox 980 496 1130 562; x_wconf 88' lang='lat' dir='ltr'>articulo</span> <span class='ocrx_word' id='word_1_30' title='bbox 1151 489 1363 562; x_wconf 51' lang='grc' dir='ltr'>Μ’</span> 
     </span>
     <span class='ocr_line' id='line_1_5' title="bbox 121 589 222 654; baseline -0.01 0"><span class='ocrx_word' id='word_1_31' title='bbox 121 589 222 654; x_wconf 91' lang='lat' dir='ltr'>bitur.</span> 
     </span>
    </p>

    <p class='ocr_par' dir='ltr' id='par_1_3' title="bbox 119 673 1391 2004">
     <span class='ocr_line' id='line_1_6' title="bbox 183 673 1387 772; baseline 0.002 -24"><span class='ocrx_word' id='word_1_32' title='bbox 183 700 283 768; x_wconf 74' lang='lat'>453.</span> <span class='ocrx_word' id='word_1_33' title='bbox 309 682 407 768; x_wconf 89' lang='lat' dir='ltr'>(viii.)</span> <span class='ocrx_word' id='word_1_34' title='bbox 433 683 531 763; x_wconf 81' lang='lat' dir='ltr'>Quod</span> <span class='ocrx_word' id='word_1_35' title='bbox 544 683 648 750; x_wconf 69' lang='lat' dir='ltr'>libulfo</span> <span class='ocrx_word' id='word_1_36' title='bbox 654 684 857 767; x_wconf 81' lang='lat' dir='ltr'>sornr&#39;candi</span> <span class='ocrx_word' id='word_1_37' title='bbox 866 686 993 768; x_wconf 76' lang='lat' dir='ltr'>gravis</span> <span class='ocrx_word' id='word_1_38' title='bbox 1011 686 1070 761; x_wconf 78' lang='lat' dir='ltr'>sit,</span> <span class='ocrx_word' id='word_1_39' title='bbox 1087 673 1387 772; x_wconf 56' lang='lat' dir='ltr'>quaerar-&#39;7²</span> 
     </span>
     <span class='ocr_line' id='line_1_7' title="bbox 121 779 1391 862; baseline 0.002 -18"><span class='ocrx_word' id='word_1_40' title='bbox 121 782 252 862; x_wconf 72' lang='lat' dir='ltr'>speiiat</span> <span class='ocrx_word' id='word_1_41' title='bbox 264 781 314 844; x_wconf 86' lang='lat' dir='ltr'>ad</span> <span class='ocrx_word' id='word_1_42' title='bbox 328 779 716 846; x_wconf 66' lang='lat' dir='ltr'>adulterum-Omnes</span> <span class='ocrx_word' id='word_1_43' title='bbox 732 782 781 847; x_wconf 88' lang='lat' dir='ltr'>illi</span> <span class='ocrx_word' id='word_1_44' title='bbox 800 783 835 847; x_wconf 90' lang='lat' dir='ltr'>in</span> <span class='ocrx_word' id='word_1_45' title='bbox 854 782 995 847; x_wconf 84' lang='lat' dir='ltr'>libidine</span> <span class='ocrx_word' id='word_1_46' title='bbox 1010 785 1321 851; x_wconf 54' lang='lat' dir='ltr'>fornicationiz</span> <span class='ocrx_word' id='word_1_47' title='bbox 1362 780 1391 790; x_wconf 60' lang='lat'><strong>⁴</strong></span> 
     </span>
     <span class='ocr_line' id='line_1_8' title="bbox 120 874 1342 960; baseline 0.002 -19"><span class='ocrx_word' id='word_1_48' title='bbox 120 874 279 958; x_wconf 66' lang='lat' dir='ltr'>spedtant</span> <span class='ocrx_word' id='word_1_49' title='bbox 295 877 338 940; x_wconf 93' lang='lat' dir='ltr'>ad</span> <span class='ocrx_word' id='word_1_50' title='bbox 355 876 570 952; x_wconf 81' lang='lat' dir='ltr'>adulterium,</span> <span class='ocrx_word' id='word_1_51' title='bbox 583 878 641 960; x_wconf 89' lang='lat' dir='ltr'>qui</span> <span class='ocrx_word' id='word_1_52' title='bbox 656 877 825 943; x_wconf 88' lang='lat' dir='ltr'>adulteria</span> <span class='ocrx_word' id='word_1_53' title='bbox 840 897 909 941; x_wconf 91' lang='lat' dir='ltr'>non</span> <span class='ocrx_word' id='word_1_54' title='bbox 925 878 1072 942; x_wconf 86' lang='lat' dir='ltr'>credunt</span> <span class='ocrx_word' id='word_1_55' title='bbox 1090 889 1287 960; x_wconf 71' lang='lat' dir='ltr'>peccata.-</span> <span class='ocrx_word' id='word_1_56' title='bbox 1311 910 1342 922; x_wconf 55' lang='grc' dir='ltr'><em>ο</em></span> 
     </span>
     <span class='ocr_line' id='line_1_9' title="bbox 120 966 1349 1055; baseline 0 -17"><span class='ocrx_word' id='word_1_57' title='bbox 120 982 157 1038; x_wconf 87' lang='lat' dir='ltr'>et</span> <span class='ocrx_word' id='word_1_58' title='bbox 185 966 229 1036; x_wconf 84' lang='lat' dir='ltr'>de</span> <span class='ocrx_word' id='word_1_59' title='bbox 259 971 424 1052; x_wconf 85' lang='lat' dir='ltr'>conjugiis</span> <span class='ocrx_word' id='word_1_60' title='bbox 446 971 604 1052; x_wconf 90' lang='lat' dir='ltr'>cogitant</span> <span class='ocrx_word' id='word_1_61' title='bbox 626 971 749 1035; x_wconf 81' lang='lat' dir='ltr'>similia</span> <span class='ocrx_word' id='word_1_62' title='bbox 771 992 859 1055; x_wconf 89' lang='lat' dir='ltr'>quae</span> <span class='ocrx_word' id='word_1_63' title='bbox 887 973 932 1036; x_wconf 88' lang='lat' dir='ltr'>de</span> <span class='ocrx_word' id='word_1_64' title='bbox 959 972 1152 1049; x_wconf 82' lang='lat' dir='ltr'>adulteriis,</span> <span class='ocrx_word' id='word_1_65' title='bbox 1314 1008 1349 1019; x_wconf 64' lang='grc'><strong><em>’</em></strong></span> 
     </span>
     <span class='ocr_line' id='line_1_10' title="bbox 119 1065 1228 1151; baseline 0.002 -21"><span class='ocrx_word' id='word_1_66' title='bbox 119 1066 196 1132; x_wconf 92' lang='lat' dir='ltr'>solo</span> <span class='ocrx_word' id='word_1_67' title='bbox 211 1068 405 1131; x_wconf 85' lang='lat' dir='ltr'>discrimine</span> <span class='ocrx_word' id='word_1_68' title='bbox 422 1065 507 1130; x_wconf 92' lang='lat' dir='ltr'>liciti</span> <span class='ocrx_word' id='word_1_69' title='bbox 523 1076 559 1131; x_wconf 95' lang='lat' dir='ltr'>et</span> <span class='ocrx_word' id='word_1_70' title='bbox 574 1066 704 1144; x_wconf 91' lang='lat' dir='ltr'>illiciti;</span> <span class='ocrx_word' id='word_1_71' title='bbox 727 1066 763 1130; x_wconf 91' lang='lat' dir='ltr'>hi</span> <span class='ocrx_word' id='word_1_72' title='bbox 778 1087 913 1151; x_wconf 88' lang='lat' dir='ltr'>quoque</span> <span class='ocrx_word' id='word_1_73' title='bbox 925 1067 1054 1132; x_wconf 85' lang='lat' dir='ltr'>faciunt</span> <span class='ocrx_word' id='word_1_74' title='bbox 1072 1090 1120 1133; x_wconf 87' lang='lat' dir='ltr'>ex</span> <span class='ocrx_word' id='word_1_75' title='bbox 1135 1071 1228 1133; x_wconf 92' lang='lat' dir='ltr'>omni</span> 
     </span>
     <span class='ocr_line' id='line_1_11' title="bbox 120 1160 1391 1237; baseline 0 -10"><span class='ocrx_word' id='word_1_76' title='bbox 120 1163 185 1228; x_wconf 92' lang='lat' dir='ltr'>bus</span> <span class='ocrx_word' id='word_1_77' title='bbox 207 1162 306 1226; x_wconf 89' lang='lat' dir='ltr'>malis</span> <span class='ocrx_word' id='word_1_78' title='bbox 328 1181 431 1224; x_wconf 93' lang='lat' dir='ltr'>unum</span> <span class='ocrx_word' id='word_1_79' title='bbox 455 1160 593 1236; x_wconf 89' lang='lat' dir='ltr'>malurn,</span> <span class='ocrx_word' id='word_1_80' title='bbox 613 1171 650 1225; x_wconf 94' lang='lat' dir='ltr'>et</span> <span class='ocrx_word' id='word_1_81' title='bbox 672 1163 900 1226; x_wconf 85' lang='lat' dir='ltr'>commiscent</span> <span class='ocrx_word' id='word_1_82' title='bbox 921 1163 993 1237; x_wconf 91' lang='lat' dir='ltr'>illa,</span> <span class='ocrx_word' id='word_1_83' title='bbox 1012 1165 1104 1228; x_wconf 87' lang='lat' dir='ltr'>sicut</span> <span class='ocrx_word' id='word_1_84' title='bbox 1127 1165 1228 1227; x_wconf 84' lang='lat' dir='ltr'>sorde</span> <span class='ocrx_word' id='word_1_85' title='bbox 1236 1165 1391 1207; x_wconf 55' lang='lat' dir='ltr'>.sp</span> 
     </span>
     <span class='ocr_line' id='line_1_12' title="bbox 120 1256 1369 1341; baseline 0.001 -19"><span class='ocrx_word' id='word_1_86' title='bbox 120 1276 198 1322; x_wconf 92' lang='lat' dir='ltr'>cum</span> <span class='ocrx_word' id='word_1_87' title='bbox 216 1257 372 1320; x_wconf 90' lang='lat' dir='ltr'>edulibus</span> <span class='ocrx_word' id='word_1_88' title='bbox 390 1256 474 1320; x_wconf 91' lang='lat' dir='ltr'>cibis</span> <span class='ocrx_word' id='word_1_89' title='bbox 496 1256 531 1320; x_wconf 93' lang='lat' dir='ltr'>in</span> <span class='ocrx_word' id='word_1_90' title='bbox 550 1275 617 1320; x_wconf 91' lang='lat' dir='ltr'>una</span> <span class='ocrx_word' id='word_1_91' title='bbox 635 1257 765 1339; x_wconf 89' lang='lat' dir='ltr'>patina,</span> <span class='ocrx_word' id='word_1_92' title='bbox 784 1266 821 1321; x_wconf 88' lang='lat' dir='ltr'>et</span> <span class='ocrx_word' id='word_1_93' title='bbox 844 1259 933 1321; x_wconf 89' lang='lat' dir='ltr'>sicut</span> <span class='ocrx_word' id='word_1_94' title='bbox 950 1258 1152 1341; x_wconf 80' lang='lat' dir='ltr'>quisquilias</span> <span class='ocrx_word' id='word_1_95' title='bbox 1169 1278 1246 1322; x_wconf 90' lang='lat' dir='ltr'>cum</span> <span class='ocrx_word' id='word_1_96' title='bbox 1324 1269 1369 1295; x_wconf 67' lang='lat'><em>⁶</em></span> 
     </span>
     <span class='ocr_line' id='line_1_13' title="bbox 121 1350 1247 1433; baseline 0 -15"><span class='ocrx_word' id='word_1_97' title='bbox 121 1351 209 1418; x_wconf 88' lang='lat' dir='ltr'>vinis</span> <span class='ocrx_word' id='word_1_98' title='bbox 227 1352 261 1416; x_wconf 90' lang='lat' dir='ltr'>in</span> <span class='ocrx_word' id='word_1_99' title='bbox 281 1372 348 1414; x_wconf 94' lang='lat' dir='ltr'>uno</span> <span class='ocrx_word' id='word_1_100' title='bbox 364 1350 500 1433; x_wconf 93' lang='lat' dir='ltr'>poculo,</span> <span class='ocrx_word' id='word_1_101' title='bbox 517 1371 557 1416; x_wconf 89' lang='lat' dir='ltr'>ac</span> <span class='ocrx_word' id='word_1_102' title='bbox 576 1352 624 1416; x_wconf 92' lang='lat' dir='ltr'>sic</span> <span class='ocrx_word' id='word_1_103' title='bbox 643 1352 752 1417; x_wconf 91' lang='lat' dir='ltr'>edunt</span> <span class='ocrx_word' id='word_1_104' title='bbox 769 1362 806 1416; x_wconf 90' lang='lat' dir='ltr'>et</span> <span class='ocrx_word' id='word_1_105' title='bbox 825 1354 968 1432; x_wconf 87' lang='lat' dir='ltr'>bibunt;</span> <span class='ocrx_word' id='word_1_106' title='bbox 991 1354 1152 1418; x_wconf 84' lang='lat' dir='ltr'>similiter</span> <span class='ocrx_word' id='word_1_107' title='bbox 1167 1354 1247 1418; x_wconf 88' lang='lat' dir='ltr'>faci-</span> 
     </span>
     <span class='ocr_line' id='line_1_14' title="bbox 121 1447 1246 1531; baseline 0.003 -21"><span class='ocrx_word' id='word_1_108' title='bbox 121 1458 184 1513; x_wconf 93' lang='lat' dir='ltr'>unt</span> <span class='ocrx_word' id='word_1_109' title='bbox 201 1447 251 1512; x_wconf 89' lang='lat' dir='ltr'>ilii</span> <span class='ocrx_word' id='word_1_110' title='bbox 269 1467 346 1511; x_wconf 93' lang='lat' dir='ltr'>cum</span> <span class='ocrx_word' id='word_1_111' title='bbox 363 1466 480 1511; x_wconf 89' lang='lat' dir='ltr'>amore</span> <span class='ocrx_word' id='word_1_112' title='bbox 495 1467 611 1521; x_wconf 87' lang='lat' dir='ltr'>sexus,</span> <span class='ocrx_word' id='word_1_113' title='bbox 628 1466 705 1511; x_wconf 92' lang='lat' dir='ltr'>cum</span> <span class='ocrx_word' id='word_1_114' title='bbox 721 1447 958 1524; x_wconf 79' lang='lat' dir='ltr'>fornicatione,</span> <span class='ocrx_word' id='word_1_115' title='bbox 976 1468 1053 1513; x_wconf 89' lang='lat' dir='ltr'>cum</span> <span class='ocrx_word' id='word_1_116' title='bbox 1068 1449 1246 1531; x_wconf 85' lang='lat' dir='ltr'>pellicatu,</span> 
     </span>
     <span class='ocr_line' id='line_1_15' title="bbox 120 1543 1244 1627; baseline 0 -19"><span class='ocrx_word' id='word_1_117' title='bbox 120 1563 197 1609; x_wconf 89' lang='lat' dir='ltr'>cum</span> <span class='ocrx_word' id='word_1_118' title='bbox 215 1543 385 1607; x_wconf 90' lang='lat' dir='ltr'>adulterio</span> <span class='ocrx_word' id='word_1_119' title='bbox 404 1543 540 1616; x_wconf 90' lang='lat' dir='ltr'>mitiori,</span> <span class='ocrx_word' id='word_1_120' title='bbox 560 1544 656 1624; x_wconf 90' lang='lat' dir='ltr'>gravi</span> <span class='ocrx_word' id='word_1_121' title='bbox 675 1552 709 1606; x_wconf 89' lang='lat' dir='ltr'>et</span> <span class='ocrx_word' id='word_1_122' title='bbox 728 1545 886 1624; x_wconf 84' lang='lat' dir='ltr'>graviori,</span> <span class='ocrx_word' id='word_1_123' title='bbox 903 1545 1008 1607; x_wconf 90' lang='lat' dir='ltr'>immo</span> <span class='ocrx_word' id='word_1_124' title='bbox 1026 1563 1106 1607; x_wconf 91' lang='lat' dir='ltr'>cum</span> <span class='ocrx_word' id='word_1_125' title='bbox 1125 1554 1244 1627; x_wconf 82' lang='lat' dir='ltr'>stupro</span> 
     </span>
     <span class='ocr_line' id='line_1_16' title="bbox 119 1638 1247 1719; baseline 0.001 -16"><span class='ocrx_word' id='word_1_126' title='bbox 119 1660 180 1703; x_wconf 89' lang='lat' dir='ltr'>seu</span> <span class='ocrx_word' id='word_1_127' title='bbox 195 1638 438 1703; x_wconf 86' lang='lat' dir='ltr'>defloratione:</span> <span class='ocrx_word' id='word_1_128' title='bbox 463 1638 609 1711; x_wconf 90' lang='lat' dir='ltr'>accedit,</span> <span class='ocrx_word' id='word_1_129' title='bbox 627 1639 718 1719; x_wconf 91' lang='lat' dir='ltr'>quod</span> <span class='ocrx_word' id='word_1_130' title='bbox 737 1638 796 1701; x_wconf 91' lang='lat' dir='ltr'>illa</span> <span class='ocrx_word' id='word_1_131' title='bbox 811 1639 927 1701; x_wconf 90' lang='lat' dir='ltr'>omnia</span> <span class='ocrx_word' id='word_1_132' title='bbox 942 1658 1011 1702; x_wconf 91' lang='lat' dir='ltr'>non</span> <span class='ocrx_word' id='word_1_133' title='bbox 1026 1639 1136 1704; x_wconf 92' lang='lat' dir='ltr'>modo</span> <span class='ocrx_word' id='word_1_134' title='bbox 1152 1660 1247 1704; x_wconf 89' lang='lat' dir='ltr'>com·</span> 
     </span>
     <span class='ocr_line' id='line_1_17' title="bbox 120 1731 1247 1814; baseline 0 -15"><span class='ocrx_word' id='word_1_135' title='bbox 120 1735 300 1809; x_wconf 88' lang='lat' dir='ltr'>misceant,</span> <span class='ocrx_word' id='word_1_136' title='bbox 325 1733 386 1796; x_wconf 89' lang='lat' dir='ltr'>sed</span> <span class='ocrx_word' id='word_1_137' title='bbox 409 1733 513 1796; x_wconf 89' lang='lat' dir='ltr'>etiam</span> <span class='ocrx_word' id='word_1_138' title='bbox 537 1733 753 1796; x_wconf 89' lang='lat' dir='ltr'>immisceant</span> <span class='ocrx_word' id='word_1_139' title='bbox 776 1731 954 1814; x_wconf 88' lang='lat' dir='ltr'>conjugiis,</span> <span class='ocrx_word' id='word_1_140' title='bbox 974 1741 1010 1797; x_wconf 91' lang='lat' dir='ltr'>et</span> <span class='ocrx_word' id='word_1_141' title='bbox 1033 1732 1122 1798; x_wconf 89' lang='lat' dir='ltr'>haec</span> <span class='ocrx_word' id='word_1_142' title='bbox 1145 1735 1247 1799; x_wconf 77' lang='lat' dir='ltr'>simili</span> 
     </span>
     <span class='ocr_line' id='line_1_18' title="bbox 120 1827 1249 1911; baseline 0.002 -19"><span class='ocrx_word' id='word_1_143' title='bbox 120 1829 263 1894; x_wconf 90' lang='lat' dir='ltr'>notione</span> <span class='ocrx_word' id='word_1_144' title='bbox 285 1837 479 1891; x_wconf 88' lang='lat' dir='ltr'>temerant:</span> <span class='ocrx_word' id='word_1_145' title='bbox 508 1836 544 1892; x_wconf 91' lang='lat' dir='ltr'>at</span> <span class='ocrx_word' id='word_1_146' title='bbox 567 1827 647 1902; x_wconf 89' lang='lat' dir='ltr'>illis,</span> <span class='ocrx_word' id='word_1_147' title='bbox 670 1827 727 1910; x_wconf 91' lang='lat' dir='ltr'>qui</span> <span class='ocrx_word' id='word_1_148' title='bbox 756 1847 800 1891; x_wconf 92' lang='lat' dir='ltr'>ne</span> <span class='ocrx_word' id='word_1_149' title='bbox 827 1829 966 1911; x_wconf 88' lang='lat' dir='ltr'>quidem</span> <span class='ocrx_word' id='word_1_150' title='bbox 989 1828 1076 1892; x_wconf 87' lang='lat' dir='ltr'>haec</span> <span class='ocrx_word' id='word_1_151' title='bbox 1106 1830 1154 1894; x_wconf 91' lang='lat' dir='ltr'>ab</span> <span class='ocrx_word' id='word_1_152' title='bbox 1181 1830 1249 1894; x_wconf 84' lang='lat' dir='ltr'>illis</span> 
     </span>
     <span class='ocr_line' id='line_1_19' title="bbox 120 1920 1248 2004; baseline 0.001 -16"><span class='ocrx_word' id='word_1_153' title='bbox 120 1925 368 1997; x_wconf 90' lang='lat' dir='ltr'>discriminant,</span> <span class='ocrx_word' id='word_1_154' title='bbox 386 1933 465 2004; x_wconf 85' lang='lat' dir='ltr'>post</span> <span class='ocrx_word' id='word_1_155' title='bbox 484 1920 752 1986; x_wconf 81' lang='lat' dir='ltr'>consuetudines</span> <span class='ocrx_word' id='word_1_156' title='bbox 767 1943 876 2004; x_wconf 87' lang='lat' dir='ltr'>vagas</span> <span class='ocrx_word' id='word_1_157' title='bbox 893 1920 971 1988; x_wconf 65' lang='lat' dir='ltr'>c‘um</span> <span class='ocrx_word' id='word_1_158' title='bbox 986 1944 1085 1999; x_wconf 86' lang='lat' dir='ltr'>sexu,</span> <span class='ocrx_word' id='word_1_159' title='bbox 1103 1926 1248 1990; x_wconf 87' lang='lat' dir='ltr'>obveni·</span> 
     </span>
    </p>
   </div>
   <div class='ocr_carea' id='block_1_3' title="bbox 12 2014 1246 2102">
    <p class='ocr_par' dir='ltr' id='par_1_4' title="bbox 12 2014 1246 2102">
     <span class='ocr_line' id='line_1_20' title="bbox 12 2014 1246 2102; baseline 0.001 -20"><span class='ocrx_word' id='word_1_160' title='bbox 12 2014 15 2018; x_wconf 78' lang='grc'>’</span> <span class='ocrx_word' id='word_1_161' title='bbox 121 2029 184 2083; x_wconf 88' lang='lat' dir='ltr'>unt</span> <span class='ocrx_word' id='word_1_162' title='bbox 201 2019 338 2100; x_wconf 83' lang='lat' dir='ltr'>frigora,</span> <span class='ocrx_word' id='word_1_163' title='bbox 355 2019 502 2094; x_wconf 88' lang='lat' dir='ltr'>fastidia,</span> <span class='ocrx_word' id='word_1_164' title='bbox 520 2028 555 2082; x_wconf 89' lang='lat' dir='ltr'>et</span> <span class='ocrx_word' id='word_1_165' title='bbox 575 2039 733 2094; x_wconf 86' lang='lat' dir='ltr'>nauseae,</span> <span class='ocrx_word' id='word_1_166' title='bbox 751 2019 897 2101; x_wconf 90' lang='lat' dir='ltr'>primum</span> <span class='ocrx_word' id='word_1_167' title='bbox 912 2038 974 2099; x_wconf 90' lang='lat' dir='ltr'>pro</span> <span class='ocrx_word' id='word_1_168' title='bbox 990 2018 1149 2102; x_wconf 87' lang='lat' dir='ltr'>conjuge,</span> <span class='ocrx_word' id='word_1_169' title='bbox 1166 2021 1246 2084; x_wconf 91' lang='lat' dir='ltr'>dein</span> 
     </span>
    </p>
   </div>
   <div class='ocr_carea' id='block_1_4' title="bbox 120 2110 1255 4010">
    <p class='ocr_par' dir='ltr' id='par_1_5' title="bbox 120 2110 1255 4010">
     <span class='ocr_line' id='line_1_21' title="bbox 120 2110 1247 2197; baseline 0.003 -20"><span class='ocrx_word' id='word_1_170' title='bbox 120 2134 183 2197; x_wconf 91' lang='lat' dir='ltr'>pro</span> <span class='ocrx_word' id='word_1_171' title='bbox 205 2114 354 2196; x_wconf 89' lang='lat' dir='ltr'>reliquis,</span> <span class='ocrx_word' id='word_1_172' title='bbox 379 2125 414 2178; x_wconf 93' lang='lat' dir='ltr'>et</span> <span class='ocrx_word' id='word_1_173' title='bbox 442 2114 585 2178; x_wconf 89' lang='lat' dir='ltr'>tandem</span> <span class='ocrx_word' id='word_1_174' title='bbox 608 2133 670 2196; x_wconf 90' lang='lat' dir='ltr'>pro</span> <span class='ocrx_word' id='word_1_175' title='bbox 692 2134 790 2178; x_wconf 88' lang='lat' dir='ltr'>sexu.</span> <span class='ocrx_word' id='word_1_176' title='bbox 835 2110 939 2194; x_wconf 85' lang='lat' dir='ltr'>Quod</span> <span class='ocrx_word' id='word_1_177' title='bbox 960 2115 1051 2196; x_wconf 86' lang='lat' dir='ltr'>apud</span> <span class='ocrx_word' id='word_1_178' title='bbox 1073 2115 1154 2179; x_wconf 82' lang='lat' dir='ltr'>illos</span> <span class='ocrx_word' id='word_1_179' title='bbox 1176 2136 1247 2180; x_wconf 89' lang='lat' dir='ltr'>non</span> 
     </span>
     <span class='ocr_line' id='line_1_22' title="bbox 121 2208 1250 2292; baseline 0.003 -18"><span class='ocrx_word' id='word_1_180' title='bbox 121 2212 222 2275; x_wconf 89' lang='lat' dir='ltr'>detur</span> <span class='ocrx_word' id='word_1_181' title='bbox 241 2211 466 2292; x_wconf 88' lang='lat' dir='ltr'>propositum,</span> <span class='ocrx_word' id='word_1_182' title='bbox 484 2210 633 2273; x_wconf 90' lang='lat' dir='ltr'>intentio</span> <span class='ocrx_word' id='word_1_183' title='bbox 652 2229 712 2272; x_wconf 88' lang='lat' dir='ltr'>seu</span> <span class='ocrx_word' id='word_1_184' title='bbox 731 2208 808 2271; x_wconf 83' lang='lat' dir='ltr'>finis</span> <span class='ocrx_word' id='word_1_185' title='bbox 825 2208 907 2271; x_wconf 90' lang='lat' dir='ltr'>boni</span> <span class='ocrx_word' id='word_1_186' title='bbox 926 2218 985 2273; x_wconf 92' lang='lat' dir='ltr'>aut</span> <span class='ocrx_word' id='word_1_187' title='bbox 1003 2211 1103 2286; x_wconf 85' lang='lat' dir='ltr'>casti,</span> <span class='ocrx_word' id='word_1_188' title='bbox 1124 2223 1162 2276; x_wconf 91' lang='lat' dir='ltr'>ut</span> <span class='ocrx_word' id='word_1_189' title='bbox 1186 2233 1250 2276; x_wconf 89' lang='lat' dir='ltr'>ex·</span> 
     </span>
     <span class='ocr_line' id='line_1_23' title="bbox 122 2303 1249 2387; baseline 0.001 -18"><span class='ocrx_word' id='word_1_190' title='bbox 122 2305 315 2387; x_wconf 90' lang='lat' dir='ltr'>culpentur,</span> <span class='ocrx_word' id='word_1_191' title='bbox 336 2325 399 2369; x_wconf 93' lang='lat' dir='ltr'>nec</span> <span class='ocrx_word' id='word_1_192' title='bbox 419 2305 593 2385; x_wconf 86' lang='lat' dir='ltr'>separatio</span> <span class='ocrx_word' id='word_1_193' title='bbox 612 2304 692 2367; x_wconf 89' lang='lat' dir='ltr'>mali</span> <span class='ocrx_word' id='word_1_194' title='bbox 710 2304 853 2377; x_wconf 86' lang='lat' dir='ltr'>abono,</span> <span class='ocrx_word' id='word_1_195' title='bbox 872 2323 932 2367; x_wconf 88' lang='lat' dir='ltr'>seu</span> <span class='ocrx_word' id='word_1_196' title='bbox 950 2303 1074 2368; x_wconf 86' lang='lat' dir='ltr'>incasti</span> <span class='ocrx_word' id='word_1_197' title='bbox 1097 2325 1120 2368; x_wconf 84' lang='lat' dir='ltr'>a</span> <span class='ocrx_word' id='word_1_198' title='bbox 1138 2318 1249 2381; x_wconf 84' lang='lat' dir='ltr'>casto,</span> 
     </span>
     <span class='ocr_line' id='line_1_24' title="bbox 122 2397 1250 2482; baseline 0 -17"><span class='ocrx_word' id='word_1_199' title='bbox 122 2411 161 2465; x_wconf 88' lang='lat' dir='ltr'>ut</span> <span class='ocrx_word' id='word_1_200' title='bbox 174 2400 403 2482; x_wconf 88' lang='lat' dir='ltr'>purificentur,</span> <span class='ocrx_word' id='word_1_201' title='bbox 417 2399 707 2481; x_wconf 88' lang='lat' dir='ltr'>quemadmodum</span> <span class='ocrx_word' id='word_1_202' title='bbox 719 2400 810 2481; x_wconf 93' lang='lat' dir='ltr'>apud</span> <span class='ocrx_word' id='word_1_203' title='bbox 823 2398 902 2462; x_wconf 91' lang='lat' dir='ltr'>illos</span> <span class='ocrx_word' id='word_1_204' title='bbox 913 2399 970 2480; x_wconf 90' lang='lat' dir='ltr'>qui</span> <span class='ocrx_word' id='word_1_205' title='bbox 985 2418 1006 2461; x_wconf 89' lang='lat' dir='ltr'>a</span> <span class='ocrx_word' id='word_1_206' title='bbox 1020 2397 1250 2465; x_wconf 81' lang='lat' dir='ltr'>fornicatione</span> 
     </span>
     <span class='ocr_line' id='line_1_25' title="bbox 122 2493 1249 2578; baseline 0 -19"><span class='ocrx_word' id='word_1_207' title='bbox 122 2494 281 2578; x_wconf 65' lang='lat' dir='ltr'>speciant</span> <span class='ocrx_word' id='word_1_208' title='bbox 301 2497 344 2558; x_wconf 90' lang='lat' dir='ltr'>ad</span> <span class='ocrx_word' id='word_1_209' title='bbox 364 2514 515 2558; x_wconf 90' lang='lat' dir='ltr'>amorem</span> <span class='ocrx_word' id='word_1_210' title='bbox 535 2493 775 2576; x_wconf 90' lang='lat' dir='ltr'>conjugialem,</span> <span class='ocrx_word' id='word_1_211' title='bbox 794 2504 832 2557; x_wconf 89' lang='lat' dir='ltr'>et</span> <span class='ocrx_word' id='word_1_212' title='bbox 850 2493 940 2558; x_wconf 89' lang='lat' dir='ltr'>hunc</span> <span class='ocrx_word' id='word_1_213' title='bbox 959 2494 1169 2576; x_wconf 88' lang='lat' dir='ltr'>praeferunt,</span> <span class='ocrx_word' id='word_1_214' title='bbox 1192 2495 1249 2576; x_wconf 91' lang='lat' dir='ltr'>(de</span> 
     </span>
     <span class='ocr_line' id='line_1_26' title="bbox 121 2587 1250 2675; baseline 0 -20"><span class='ocrx_word' id='word_1_215' title='bbox 121 2594 242 2675; x_wconf 91' lang='lat' dir='ltr'>quibus</span> <span class='ocrx_word' id='word_1_216' title='bbox 258 2593 292 2655; x_wconf 93' lang='lat' dir='ltr'>in</span> <span class='ocrx_word' id='word_1_217' title='bbox 308 2592 542 2655; x_wconf 89' lang='lat' dir='ltr'>antecedente</span> <span class='ocrx_word' id='word_1_218' title='bbox 558 2590 704 2653; x_wconf 86' lang='lat' dir='ltr'>articulo</span> <span class='ocrx_word' id='word_1_219' title='bbox 720 2608 752 2651; x_wconf 93' lang='lat' dir='ltr'>n.</span> <span class='ocrx_word' id='word_1_220' title='bbox 768 2587 860 2671; x_wconf 82' lang='lat'>452,)</span> <span class='ocrx_word' id='word_1_221' title='bbox 878 2609 923 2652; x_wconf 85' lang='lat' dir='ltr'>ex</span> <span class='ocrx_word' id='word_1_222' title='bbox 942 2609 978 2653; x_wconf 87' lang='lat' dir='ltr'>se</span> <span class='ocrx_word' id='word_1_223' title='bbox 994 2599 1105 2671; x_wconf 89' lang='lat' dir='ltr'>patet.</span> <span class='ocrx_word' id='word_1_224' title='bbox 1152 2591 1250 2655; x_wconf 86' lang='lat' dir='ltr'>Haec</span> 
     </span>
     <span class='ocr_line' id='line_1_27' title="bbox 121 2683 1249 2769; baseline -0.001 -18"><span class='ocrx_word' id='word_1_225' title='bbox 121 2709 182 2769; x_wconf 93' lang='lat' dir='ltr'>per</span> <span class='ocrx_word' id='word_1_226' title='bbox 204 2687 270 2751; x_wconf 91' lang='lat' dir='ltr'>hoc</span> <span class='ocrx_word' id='word_1_227' title='bbox 295 2706 422 2750; x_wconf 91' lang='lat' dir='ltr'>novum</span> <span class='ocrx_word' id='word_1_228' title='bbox 446 2708 465 2750; x_wconf 94' lang='lat' dir='ltr'>e</span> <span class='ocrx_word' id='word_1_229' title='bbox 491 2686 589 2750; x_wconf 90' lang='lat' dir='ltr'>caelo</span> <span class='ocrx_word' id='word_1_230' title='bbox 608 2686 690 2749; x_wconf 90' lang='lat' dir='ltr'>licet</span> <span class='ocrx_word' id='word_1_231' title='bbox 709 2683 928 2748; x_wconf 86' lang='lat' dir='ltr'>confirmare:</span> <span class='ocrx_word' id='word_1_232' title='bbox 955 2687 1104 2749; x_wconf 87' lang='lat' dir='ltr'>conveni</span> <span class='ocrx_word' id='word_1_233' title='bbox 1123 2687 1249 2769; x_wconf 87' lang='lat' dir='ltr'>plures,</span> 
     </span>
     <span class='ocr_line' id='line_1_28' title="bbox 122 2780 1251 2866; baseline 0 -20"><span class='ocrx_word' id='word_1_234' title='bbox 122 2784 179 2866; x_wconf 92' lang='lat' dir='ltr'>qui</span> <span class='ocrx_word' id='word_1_235' title='bbox 198 2784 231 2846; x_wconf 93' lang='lat' dir='ltr'>in</span> <span class='ocrx_word' id='word_1_236' title='bbox 252 2783 380 2846; x_wconf 92' lang='lat' dir='ltr'>mundo</span> <span class='ocrx_word' id='word_1_237' title='bbox 400 2782 527 2845; x_wconf 90' lang='lat' dir='ltr'>similes</span> <span class='ocrx_word' id='word_1_238' title='bbox 546 2782 622 2844; x_wconf 90' lang='lat' dir='ltr'>aliis</span> <span class='ocrx_word' id='word_1_239' title='bbox 645 2782 678 2843; x_wconf 91' lang='lat' dir='ltr'>in</span> <span class='ocrx_word' id='word_1_240' title='bbox 702 2782 858 2844; x_wconf 89' lang='lat' dir='ltr'>externis</span> <span class='ocrx_word' id='word_1_241' title='bbox 875 2780 1047 2856; x_wconf 85' lang='lat' dir='ltr'>vixerant,</span> <span class='ocrx_word' id='word_1_242' title='bbox 1068 2781 1251 2864; x_wconf 88' lang='lat' dir='ltr'>splendide</span> 
     </span>
     <span class='ocr_line' id='line_1_29' title="bbox 121 2876 1252 2960; baseline -0.002 -18"><span class='ocrx_word' id='word_1_243' title='bbox 121 2899 159 2942; x_wconf 90' lang='lat' dir='ltr'>se</span> <span class='ocrx_word' id='word_1_244' title='bbox 177 2878 370 2951; x_wconf 89' lang='lat' dir='ltr'>vestiendo,</span> <span class='ocrx_word' id='word_1_245' title='bbox 389 2878 482 2942; x_wconf 90' lang='lat' dir='ltr'>laute</span> <span class='ocrx_word' id='word_1_246' title='bbox 501 2876 685 2959; x_wconf 90' lang='lat' dir='ltr'>epulando,</span> <span class='ocrx_word' id='word_1_247' title='bbox 707 2894 784 2938; x_wconf 92' lang='lat' dir='ltr'>cum</span> <span class='ocrx_word' id='word_1_248' title='bbox 803 2877 940 2939; x_wconf 89' lang='lat' dir='ltr'>faenore</span> <span class='ocrx_word' id='word_1_249' title='bbox 956 2877 1044 2940; x_wconf 93' lang='lat' dir='ltr'>sicut</span> <span class='ocrx_word' id='word_1_250' title='bbox 1061 2876 1122 2940; x_wconf 87' lang='lat' dir='ltr'>alii</span> <span class='ocrx_word' id='word_1_251' title='bbox 1142 2896 1252 2960; x_wconf 90' lang='lat' dir='ltr'>nego·</span> 
     </span>
     <span class='ocr_line' id='line_1_30' title="bbox 121 2970 1253 3053; baseline -0.001 -16"><span class='ocrx_word' id='word_1_252' title='bbox 121 2973 253 3047; x_wconf 88' lang='lat' dir='ltr'>tiando,</span> <span class='ocrx_word' id='word_1_253' title='bbox 274 2973 374 3035; x_wconf 86' lang='lat' dir='ltr'>ludos</span> <span class='ocrx_word' id='word_1_254' title='bbox 404 2973 561 3036; x_wconf 90' lang='lat' dir='ltr'>scenicos</span> <span class='ocrx_word' id='word_1_255' title='bbox 589 2970 791 3053; x_wconf 66' lang='lat' dir='ltr'>spectando,</span> <span class='ocrx_word' id='word_1_256' title='bbox 811 2973 855 3035; x_wconf 88' lang='lat' dir='ltr'>de</span> <span class='ocrx_word' id='word_1_257' title='bbox 885 2972 1062 3035; x_wconf 87' lang='lat' dir='ltr'>amatoriis</span> <span class='ocrx_word' id='word_1_258' title='bbox 1089 2972 1180 3036; x_wconf 88' lang='lat' dir='ltr'>sicut</span> <span class='ocrx_word' id='word_1_259' title='bbox 1207 2991 1253 3036; x_wconf 87' lang='lat' dir='ltr'>ex</span> 
     </span>
     <span class='ocr_line' id='line_1_31' title="bbox 122 3066 1253 3149; baseline -0.002 -18"><span class='ocrx_word' id='word_1_260' title='bbox 122 3068 263 3132; x_wconf 88' lang='lat' dir='ltr'>libidine</span> <span class='ocrx_word' id='word_1_261' title='bbox 283 3068 444 3149; x_wconf 87' lang='lat' dir='ltr'>jocando,</span> <span class='ocrx_word' id='word_1_262' title='bbox 465 3077 602 3149; x_wconf 86' lang='lat' dir='ltr'>praeter</span> <span class='ocrx_word' id='word_1_263' title='bbox 624 3066 816 3131; x_wconf 92' lang='lat' dir='ltr'>consimilia</span> <span class='ocrx_word' id='word_1_264' title='bbox 837 3067 914 3140; x_wconf 86' lang='lat' dir='ltr'>alia,</span> <span class='ocrx_word' id='word_1_265' title='bbox 935 3076 970 3130; x_wconf 90' lang='lat' dir='ltr'>et</span> <span class='ocrx_word' id='word_1_266' title='bbox 994 3076 1111 3130; x_wconf 88' lang='lat' dir='ltr'>tamen</span> <span class='ocrx_word' id='word_1_267' title='bbox 1135 3066 1253 3149; x_wconf 83' lang='lat' dir='ltr'>angeli</span> 
     </span>
     <span class='ocr_line' id='line_1_32' title="bbox 122 3162 1251 3246; baseline -0.001 -20"><span class='ocrx_word' id='word_1_268' title='bbox 122 3164 324 3246; x_wconf 91' lang='lat' dir='ltr'>quibusdam</span> <span class='ocrx_word' id='word_1_269' title='bbox 344 3163 565 3245; x_wconf 90' lang='lat' dir='ltr'>inculpabant</span> <span class='ocrx_word' id='word_1_270' title='bbox 584 3162 641 3225; x_wconf 91' lang='lat' dir='ltr'>illa</span> <span class='ocrx_word' id='word_1_271' title='bbox 661 3173 697 3226; x_wconf 90' lang='lat' dir='ltr'>ut</span> <span class='ocrx_word' id='word_1_272' title='bbox 717 3162 808 3226; x_wconf 89' lang='lat' dir='ltr'>mala</span> <span class='ocrx_word' id='word_1_273' title='bbox 827 3162 972 3243; x_wconf 90' lang='lat' dir='ltr'>peccati,</span> <span class='ocrx_word' id='word_1_274' title='bbox 989 3172 1026 3225; x_wconf 91' lang='lat' dir='ltr'>et</span> <span class='ocrx_word' id='word_1_275' title='bbox 1044 3162 1251 3243; x_wconf 85' lang='lat' dir='ltr'>quibusdam</span> 
     </span>
     <span class='ocr_line' id='line_1_33' title="bbox 122 3256 1253 3333; baseline 0.002 -13"><span class='ocrx_word' id='word_1_276' title='bbox 122 3257 182 3321; x_wconf 89' lang='lat' dir='ltr'>illa</span> <span class='ocrx_word' id='word_1_277' title='bbox 204 3267 241 3322; x_wconf 93' lang='lat' dir='ltr'>ut</span> <span class='ocrx_word' id='word_1_278' title='bbox 261 3280 329 3323; x_wconf 93' lang='lat' dir='ltr'>non</span> <span class='ocrx_word' id='word_1_279' title='bbox 349 3259 449 3333; x_wconf 87' lang='lat' dir='ltr'>mala,</span> <span class='ocrx_word' id='word_1_280' title='bbox 471 3269 506 3321; x_wconf 90' lang='lat' dir='ltr'>et</span> <span class='ocrx_word' id='word_1_281' title='bbox 525 3258 589 3321; x_wconf 87' lang='lat' dir='ltr'>hos</span> <span class='ocrx_word' id='word_1_282' title='bbox 608 3257 833 3321; x_wconf 86' lang='lat' dir='ltr'>declarabant</span> <span class='ocrx_word' id='word_1_283' title='bbox 852 3258 1019 3332; x_wconf 84' lang='lat' dir='ltr'>insontes,</span> <span class='ocrx_word' id='word_1_284' title='bbox 1036 3256 1116 3320; x_wconf 90' lang='lat' dir='ltr'>illos</span> <span class='ocrx_word' id='word_1_285' title='bbox 1136 3268 1253 3322; x_wconf 87' lang='lat' dir='ltr'>autem</span> 
     </span>
     <span class='ocr_line' id='line_1_34' title="bbox 124 3353 1255 3435; baseline -0.001 -19"><span class='ocrx_word' id='word_1_286' title='bbox 124 3361 254 3417; x_wconf 88' lang='lat' dir='ltr'>sontes.</span> <span class='ocrx_word' id='word_1_287' title='bbox 299 3354 358 3417; x_wconf 88' lang='lat' dir='ltr'>Ad</span> <span class='ocrx_word' id='word_1_288' title='bbox 382 3355 691 3435; x_wconf 86' lang='lat' dir='ltr'>interrogationem</span> <span class='ocrx_word' id='word_1_289' title='bbox 715 3373 775 3416; x_wconf 93' lang='lat' dir='ltr'>cur</span> <span class='ocrx_word' id='word_1_290' title='bbox 799 3353 859 3428; x_wconf 90' lang='lat' dir='ltr'>ita,</span> <span class='ocrx_word' id='word_1_291' title='bbox 884 3370 961 3416; x_wconf 92' lang='lat' dir='ltr'>cum</span> <span class='ocrx_word' id='word_1_292' title='bbox 984 3362 1102 3416; x_wconf 89' lang='lat' dir='ltr'>tamen</span> <span class='ocrx_word' id='word_1_293' title='bbox 1127 3353 1255 3416; x_wconf 89' lang='lat' dir='ltr'>similia</span> 
     </span>
     <span class='ocr_line' id='line_1_35' title="bbox 122 3447 1253 3532; baseline -0.001 -21"><span class='ocrx_word' id='word_1_294' title='bbox 122 3449 288 3523; x_wconf 90' lang='lat' dir='ltr'>fecerunt,</span> <span class='ocrx_word' id='word_1_295' title='bbox 310 3451 577 3532; x_wconf 89' lang='lat' dir='ltr'>respondebant,</span> <span class='ocrx_word' id='word_1_296' title='bbox 595 3449 688 3532; x_wconf 93' lang='lat' dir='ltr'>quod</span> <span class='ocrx_word' id='word_1_297' title='bbox 706 3470 752 3512; x_wconf 88' lang='lat' dir='ltr'>ex</span> <span class='ocrx_word' id='word_1_298' title='bbox 772 3449 960 3531; x_wconf 87' lang='lat' dir='ltr'>proposito,</span> <span class='ocrx_word' id='word_1_299' title='bbox 978 3447 1175 3511; x_wconf 87' lang='lat' dir='ltr'>intentione</span> <span class='ocrx_word' id='word_1_300' title='bbox 1194 3468 1253 3511; x_wconf 86' lang='lat' dir='ltr'>seu</span> 
     </span>
     <span class='ocr_line' id='line_1_36' title="bbox 125 3542 1253 3627; baseline -0.001 -21"><span class='ocrx_word' id='word_1_301' title='bbox 125 3544 203 3619; x_wconf 85' lang='lat' dir='ltr'>fine,</span> <span class='ocrx_word' id='word_1_302' title='bbox 223 3564 343 3609; x_wconf 86' lang='lat' dir='ltr'>omnes</span> <span class='ocrx_word' id='word_1_303' title='bbox 362 3545 651 3627; x_wconf 90' lang='lat' dir='ltr'>contemplentur,</span> <span class='ocrx_word' id='word_1_304' title='bbox 672 3554 708 3608; x_wconf 90' lang='lat' dir='ltr'>et</span> <span class='ocrx_word' id='word_1_305' title='bbox 728 3545 915 3608; x_wconf 88' lang='lat' dir='ltr'>secundum</span> <span class='ocrx_word' id='word_1_306' title='bbox 934 3542 994 3607; x_wconf 92' lang='lat' dir='ltr'>illa</span> <span class='ocrx_word' id='word_1_307' title='bbox 1011 3544 1253 3626; x_wconf 87' lang='lat' dir='ltr'>distinguant:</span> 
     </span>
     <span class='ocr_line' id='line_1_37' title="bbox 124 3638 1253 3723; baseline 0 -21"><span class='ocrx_word' id='word_1_308' title='bbox 124 3649 162 3702; x_wconf 86' lang='lat' dir='ltr'>et</span> <span class='ocrx_word' id='word_1_309' title='bbox 181 3640 273 3723; x_wconf 92' lang='lat' dir='ltr'>quod</span> <span class='ocrx_word' id='word_1_310' title='bbox 292 3641 370 3703; x_wconf 94' lang='lat' dir='ltr'>ideo</span> <span class='ocrx_word' id='word_1_311' title='bbox 390 3641 477 3714; x_wconf 88' lang='lat' dir='ltr'>illos,</span> <span class='ocrx_word' id='word_1_312' title='bbox 498 3661 584 3723; x_wconf 88' lang='lat' dir='ltr'>quos</span> <span class='ocrx_word' id='word_1_313' title='bbox 603 3640 677 3703; x_wconf 85' lang='lat' dir='ltr'>finis</span> <span class='ocrx_word' id='word_1_314' title='bbox 696 3649 843 3703; x_wconf 86' lang='lat' dir='ltr'>excusat</span> <span class='ocrx_word' id='word_1_315' title='bbox 865 3649 900 3703; x_wconf 92' lang='lat' dir='ltr'>et</span> <span class='ocrx_word' id='word_1_316' title='bbox 923 3638 1080 3714; x_wconf 86' lang='lat' dir='ltr'>damnat,</span> <span class='ocrx_word' id='word_1_317' title='bbox 1100 3642 1166 3721; x_wconf 87' lang='lat' dir='ltr'>ipsi</span> <span class='ocrx_word' id='word_1_318' title='bbox 1188 3660 1253 3704; x_wconf 89' lang='lat' dir='ltr'>ex·</span> 
     </span>
     <span class='ocr_line' id='line_1_38' title="bbox 123 3734 1252 3818; baseline 0.002 -22"><span class='ocrx_word' id='word_1_319' title='bbox 123 3745 247 3799; x_wconf 88' lang='lat' dir='ltr'>cusent</span> <span class='ocrx_word' id='word_1_320' title='bbox 276 3746 311 3799; x_wconf 90' lang='lat' dir='ltr'>et</span> <span class='ocrx_word' id='word_1_321' title='bbox 341 3737 518 3810; x_wconf 90' lang='lat' dir='ltr'>damnent,</span> <span class='ocrx_word' id='word_1_322' title='bbox 543 3737 705 3818; x_wconf 91' lang='lat' dir='ltr'>quoniam</span> <span class='ocrx_word' id='word_1_323' title='bbox 734 3734 810 3798; x_wconf 85' lang='lat' dir='ltr'>finis</span> <span class='ocrx_word' id='word_1_324' title='bbox 832 3735 914 3799; x_wconf 90' lang='lat' dir='ltr'>boni</span> <span class='ocrx_word' id='word_1_325' title='bbox 943 3743 999 3798; x_wconf 90' lang='lat' dir='ltr'>est</span> <span class='ocrx_word' id='word_1_326' title='bbox 1027 3736 1189 3799; x_wconf 83' lang='lat' dir='ltr'>omnibus</span> <span class='ocrx_word' id='word_1_327' title='bbox 1217 3737 1252 3798; x_wconf 91' lang='lat' dir='ltr'>in</span> 
     </span>
     <span class='ocr_line' id='line_1_39' title="bbox 125 3830 1252 3913; baseline 0.004 -21"><span class='ocrx_word' id='word_1_328' title='bbox 125 3830 233 3906; x_wconf 89' lang='lat' dir='ltr'>caelo,</span> <span class='ocrx_word' id='word_1_329' title='bbox 254 3852 294 3895; x_wconf 89' lang='lat' dir='ltr'>ac</span> <span class='ocrx_word' id='word_1_330' title='bbox 318 3831 394 3894; x_wconf 86' lang='lat' dir='ltr'>finis</span> <span class='ocrx_word' id='word_1_331' title='bbox 417 3832 497 3895; x_wconf 89' lang='lat' dir='ltr'>mali</span> <span class='ocrx_word' id='word_1_332' title='bbox 516 3832 674 3895; x_wconf 90' lang='lat' dir='ltr'>omnibus</span> <span class='ocrx_word' id='word_1_333' title='bbox 697 3832 731 3894; x_wconf 93' lang='lat' dir='ltr'>in</span> <span class='ocrx_word' id='word_1_334' title='bbox 754 3832 908 3895; x_wconf 89' lang='lat' dir='ltr'>inferno:</span> <span class='ocrx_word' id='word_1_335' title='bbox 939 3840 976 3894; x_wconf 89' lang='lat' dir='ltr'>et</span> <span class='ocrx_word' id='word_1_336' title='bbox 998 3831 1093 3913; x_wconf 89' lang='lat' dir='ltr'>quod</span> <span class='ocrx_word' id='word_1_337' title='bbox 1115 3831 1196 3910; x_wconf 91' lang='lat' dir='ltr'>hoc,</span> <span class='ocrx_word' id='word_1_338' title='bbox 1214 3840 1252 3896; x_wconf 84' lang='lat' dir='ltr'>et</span> 
     </span>
     <span class='ocr_line' id='line_1_40' title="bbox 127 3926 1079 4010; baseline 0.003 -23"><span class='ocrx_word' id='word_1_339' title='bbox 127 3943 199 3989; x_wconf 92' lang='lat' dir='ltr'>non</span> <span class='ocrx_word' id='word_1_340' title='bbox 220 3927 348 4009; x_wconf 89' lang='lat' dir='ltr'>aliquid</span> <span class='ocrx_word' id='word_1_341' title='bbox 368 3927 470 4002; x_wconf 88' lang='lat' dir='ltr'>aliud,</span> <span class='ocrx_word' id='word_1_342' title='bbox 491 3927 707 4008; x_wconf 89' lang='lat' dir='ltr'>intelligatur</span> <span class='ocrx_word' id='word_1_343' title='bbox 725 3947 787 4010; x_wconf 90' lang='lat' dir='ltr'>per</span> <span class='ocrx_word' id='word_1_344' title='bbox 805 3926 944 3990; x_wconf 90' lang='lat' dir='ltr'>Domini</span> <span class='ocrx_word' id='word_1_345' title='bbox 963 3927 1079 4003; x_wconf 91' lang='lat' dir='ltr'>verba,</span> 
     </span>
    </p>
   </div>
   <div class='ocr_carea' id='block_1_5' title="bbox 322 4059 1053 4126">
    <p class='ocr_par' dir='ltr' id='par_1_6' title="bbox 322 4059 1053 4126">
     <span class='ocr_line' id='line_1_41' title="bbox 322 4059 1053 4126; baseline 0.003 -14"><span class='ocrx_word' id='word_1_346' title='bbox 322 4062 386 4113; x_wconf 81' lang='lat' dir='ltr'>“Ne</span> <span class='ocrx_word' id='word_1_347' title='bbox 400 4063 517 4126; x_wconf 82' lang='lat' dir='ltr'>judicate</span> <span class='ocrx_word' id='word_1_348' title='bbox 533 4079 569 4114; x_wconf 87' lang='lat' dir='ltr'>ne</span> <span class='ocrx_word' id='word_1_349' title='bbox 586 4063 805 4114; x_wconf 88' lang='lat' dir='ltr'>condemnemini</span> <span class='ocrx_word' id='word_1_350' title='bbox 814 4062 829 4082; x_wconf 81' lang='lat'>&#39;⁹</span> <span class='ocrx_word' id='word_1_351' title='bbox 840 4061 948 4118; x_wconf 71' lang='lat' dir='ltr'>(Marti.</span> <span class='ocrx_word' id='word_1_352' title='bbox 960 4061 1006 4114; x_wconf 84' lang='lat' dir='ltr'>vii.</span> <span class='ocrx_word' id='word_1_353' title='bbox 1020 4059 1053 4125; x_wconf 87' lang='lat'>1).</span> 
     </span>
    </p>
   </div>
   <div class='ocr_carea' id='block_1_6' title="bbox 0 0 1400 5026">
    <p class='ocr_par' dir='ltr' id='par_1_7' title="bbox 0 0 1400 5026">
     <span class='ocr_line' id='line_1_42' title="bbox 0 0 1400 5026; baseline 0 0"><span class='ocrx_word' id='word_1_354' title='bbox 0 0 1400 5026; x_wconf 95' lang='lat' dir='ltr'> </span> 
     </span>
    </p>
   </div>
  </div>
 </body>
</html>
