2782 5026
136 417 197 486 192
479 415 664 466 niuem
685 415 917 467 sarmatan

131 587 215 670 quid
233 585 340 668 frigus
358 585 547 669 spiritmle.
565 596 603 649 et
620 587 713 669 quod
735 586 781 650 sit
803 588 951 669 privatio
972 586 1097 651 caloris
1115 585 1230 670 spiritu·

131 683 208 746 alis.
252 681 293 744 ln
316 701 406 743 nunc
429 677 530 743 diftis
559 701 621 762 per
641 681 793 744 calorem
823 683 1029 764 intelligitur
1050 703 1151 753 arnor,
1170 682 1232 764 quia

132 777 231 840 calor
247 776 307 840 ille
324 777 360 839 in
378 773 539 856 subjec‘tis
557 780 678 839 uirens
700 780 850 840 sentitur
867 791 905 841 ut
923 799 1032 841 amor.
1076 778 1232 842 Audiviin

132 873 263 936 mundo
291 872 472 954 spirituali,
494 873 586 954 quod
616 872 756 954 spiritis
782 892 876 935 mere
905 873 1082 937 naturales
1109 875 1232 955 frigeant

131 968 272 1031 intenso
289 967 428 1048 frigore,
446 968 529 1028 dum
547 967 724 1049 applicant
747 988 786 1030 se
808 967 906 1031 lateri
928 968 1106 1048 cujusdam
1128 967 1233 1051 angeli,

132 1064 190 1145 qui
212 1063 246 1125 in
265 1073 362 1125 statu
381 1064 508 1123 amoris
523 1075 600 1124 est:
624 1074 661 1124 et
677 1063 769 1144 quod
791 1063 949 1126 similiter
966 1066 1104 1145 spiritus
1125 1063 1236 1132 inferni,

131 1159 214 1220 dum
237 1157 333 1220 calor
354 1178 375 1220 e
396 1156 498 1219 caelo
518 1158 563 1219 ad
585 1157 665 1219 illos
687 1156 819 1233 influit;
850 1169 887 1220 et
909 1160 1004 1239 quod
1026 1169 1145 1222 tamen
1166 1161 1239 1221 inter

132 1272 182 1324 se,
205 1272 285 1315 cum
307 1253 353 1315 ab
373 1252 442 1314 illis
464 1251 619 1314 seclusus
640 1263 696 1315 est
718 1252 815 1315 calor
835 1252 935 1325 caeli,
958 1266 1122 1316 aestuent
1144 1252 1243 1317 calore

132 1367 297 1524 magna}-
321 1441 385 1524 (ii.)
411 1440 638 1523 Quodsrrgas
648 1441 829 1523 spin‘tuale
841 1442 877 1504 r'n
890 1442 1053 1527 conjugiis
1068 1443 1116 1506 sr't
1126 1442 1249 1506 disrmt'o

133 1538 335 1612 animarum,
358 1549 391 1600 et
411 1536 590 1616 disjrrrrelro
611 1538 792 1610 mtrem
814 1538 900 1599 unde
919 1538 1163 1620 indfflrentra,
1185 1540 1248 1602 dir·

131 1633 257 1705 cordia,
273 1643 487 1713 contemptas,
502 1633 701 1711 fastiditur,
716 1634 898 1705 transatio,
917 1655 961 1695 ex
981 1635 1103 1714 qur‘brrs
1126 1635 1251 1698 tandem

133 1727 230 1808 apud
238 1727 359 1809 plures
373 1727 545 1808 separatio
558 1727 673 1808 quoad
683 1737 803 1799 torum,
816 1727 1008 1795 attalum,
1024 1738 1059 1789 e!
1073 1729 1253 1792 domum.-

134 1820 238 1902 Quod
265 1822 351 1886 haec
380 1821 464 1885 fiant
486 1823 577 1904 apud
600 1821 776 1903 conjuges.
799 1823 880 1883 dum
903 1823 1097 1904 primitivus
1123 1823 1252 1888 illorum

132 1936 230 1981 amor
247 1917 398 1991 facessit,
418 1929 454 1980 et
468 1917 506 1980 fit
525 1917 641 1999 frigus,
658 1918 775 1980 notius
792 1929 846 1979 est
862 1936 965 1999 quam
984 1929 1022 1980 ut
1041 1929 1254 1984 commenta·

132 2013 228 2076 tione
246 2023 372 2094 egeat:
394 2024 582 2086 causaest,
598 2013 679 2094 quia
693 2012 798 2093 frigus
813 2011 1007 2093 conjugiale
1026 2033 1130 2094 supra
1146 2015 1256 2077 omnia

132 2106 200 2170 alia
218 2108 344 2189 frigora
361 2108 396 2169 in
415 2109 588 2170 mentibus
611 2107 769 2170 humanis
787 2108 935 2182 residet;
958 2117 1013 2169 est
1033 2110 1125 2171 enim
1149 2111 1255 2191 ipsum

132 2201 327 2283 conjugiale
350 2203 552 2283 inscriptum
573 2203 721 2271 animae,
741 2214 881 2284 propter
898 2201 1001 2264 finem
1026 2212 1064 2264 ut
1087 2222 1255 2285 propage·

133 2307 189 2362 tur
211 2299 327 2360 anima
347 2298 394 2360 ab
415 2299 541 2369 anima,
564 2316 604 2359 ac
628 2298 738 2378 patris
760 2298 794 2359 in
818 2296 952 2379 proles;
976 2298 1057 2358 inde
1080 2308 1148 2372 est,
1167 2296 1256 2381 quod

132 2393 198 2456 hoc
221 2393 327 2474 frigus
349 2394 503 2475 inceptet
525 2392 583 2466 ibi,
602 2404 638 2454 et
662 2393 856 2454 successive
875 2392 908 2453 in
928 2394 1180 2474 consequentia
1197 2392 1255 2455 de·

133 2499 238 2563 meet,
258 2499 295 2551 et
314 2487 399 2551 haec
419 2487 560 2559 inficiat,
580 2497 617 2549 et
636 2489 683 2549 sic
703 2497 817 2549 vertat
836 2487 999 2569 primitivi
1018 2488 1147 2550 amoris
1166 2487 1257 2551 laeta

133 2594 169 2647 et
184 2583 336 2666 -J‘ucunda
355 2584 388 2645 in
408 2585 521 2645 tristia
539 2592 575 2645 et
595 2582 787 2663 injucunda.

196 2693 290 2761 237.
315 2678 390 2759 (iii.)
417 2677 515 2754 Quod
524 2699 645 2740 causae
655 2678 834 2759 frigorum
854 2676 891 2739 in
908 2676 980 2740 suis
998 2676 1256 2741 successram'bur

133 2773 204 2836 sint
216 2774 345 2855 plures,
364 2773 528 2854 quaedam
549 2773 710 2845 t'rrternae,
730 2773 894 2854 quaedam
915 2783 1082 2847 externae,
1102 2783 1137 2835 et
1158 2795 1256 2856 quae·

133 2868 212 2931 dam
227 2866 602 2949 aeolicum—Quod
623 2888 746 2930 causae
764 2867 927 2949 frigorum
946 2869 980 2930 in
1000 2868 1170 2950 conjugiis
1189 2869 1257 2932 sint

132 2962 258 3045 plures,
275 2964 380 3026 scitur
395 2964 429 3025 in
449 2964 597 3040 mund0;
621 2973 694 3025 tum
710 2964 816 3025 etiarn
830 2963 921 3045 quod
937 2964 1091 3025 oriantur
1106 2984 1152 3026 ex
1170 2962 1256 3026 mul·

131 3060 177 3122 tis
200 3059 311 3122 causis
334 3060 510 3135 externis;
539 3058 599 3121 sed
622 3059 714 3141 quod
738 3058 888 3138 origines
911 3077 1090 3120 causarum
1120 3057 1257 3123 lateant

131 3153 357 3216 absconditae
376 3154 410 3215 in
427 3155 566 3227 intimis,
586 3163 622 3216 et
641 3152 733 3235 quod
752 3173 797 3215 ex
816 3151 869 3214 his
887 3173 925 3215 se
942 3153 1100 3215 derivent
1119 3153 1153 3215 in
1174 3173 1256 3218 con·

132 3248 323 3330 sequentia,
341 3249 541 3330 usquedum
558 3259 726 3330 apparent
743 3249 776 3311 in
796 3249 961 3319 externis,
979 3267 1048 3308 non
1068 3249 1196 3312 scitur:
1220 3260 1257 3313 ut

130 3343 248 3425 itaque
263 3343 390 3406 sciatur
406 3342 496 3425 quod
513 3363 636 3406 causae
653 3353 821 3405 externae
837 3361 906 3405 non
922 3343 990 3404 sint
1010 3361 1136 3405 causae
1156 3344 1190 3406 in
1207 3365 1256 3419 se,

131 3438 193 3502 sed
216 3438 426 3501 derivativae
450 3457 470 3499 a
489 3439 599 3501 causis
621 3439 654 3500 in
673 3458 721 3510 se,
740 3458 838 3521 quae,
858 3447 895 3499 ut
915 3434 1043 3500 dictum
1063 3448 1129 3512 est,
1151 3437 1186 3501 in
1204 3440 1256 3503 in·

131 3534 225 3597 timis
240 3543 331 3606 sunt,
353 3533 431 3596 ideo
452 3553 577 3596 causae
600 3534 745 3615 primum
768 3533 997 3596 communiter
1015 3532 1258 3614 dispescuntur

130 3629 165 3693 in
193 3629 358 3702 internas,
383 3638 561 3703 externas,
585 3637 621 3692 et
644 3638 768 3711 postea
790 3627 1044 3711 particulariter
1066 3628 1257 3710 exploran-

131 3733 198 3789 tur.

195 3818 294 3902 238·
318 3814 393 3900 (iv.)
421 3815 519 3895 Quod
535 3837 655 3880 causae
666 3817 843 3900 frigorum
865 3816 1014 3879 internae
1030 3814 1101 3880 sint
1117 3837 1162 3880 ex
1177 3816 1257 3882 reli·

126 3911 380 3996 grana-Quod
401 3913 476 3994 ipsa
492 3913 590 3994 origo
605 3912 731 3975 amoris
747 3911 948 3993 conjugialis
967 3912 1001 3974 in
1017 3910 1147 3974 intimis
1164 3913 1256 3996 apud

130 4010 305 4074 hominem
335 4008 497 4081 resideat,
529 4008 595 4070 hoc
625 4016 692 4081 est,
716 4007 750 4070 in
780 4009 895 4070 anima
924 4006 1006 4088 ejus,
1037 4007 1258 4072 convincitur

129 4105 240 4169 omnis
256 4125 302 4167 ex
319 4102 401 4166 solis
417 4103 481 4176 his,
495 4102 588 4186 quod
605 4103 720 4165 anima
738 4102 844 4186 prolis
859 4103 905 4166 sit
921 4123 966 4165 ex
983 4111 1093 4184 patre,
1107 4112 1145 4166 et
1163 4103 1257 4187 quod

129 4200 194 4264 hoc
215 4208 445 4281 cognoscatur
463 4218 509 4261 ex
528 4196 749 4260 similitudine
767 4196 1024 4261 inclinationum
1043 4205 1079 4260 et
1099 4194 1255 4263 affectio·

128 4316 220 4370 num,
241 4306 277 4359 et
296 4316 431 4378 quoque
450 4315 495 4357 ex
514 4293 685 4356 communi
709 4293 869 4357 facierum
889 4313 933 4355 ex
954 4302 1052 4375 patre
1074 4292 1108 4355 in
1132 4303 1254 4376 poste·

129 4391 233 4456 ritate
253 4391 358 4455 etiam
374 4411 450 4454 sera
469 4389 744 4473 permanentium
755 4410 764 4469 3
789 4398 863 4453 tum
881 4409 927 4452 ex
945 4388 1112 4472 facultate
1135 4406 1253 4469 propa·
