2782 5026
383 111 433 163 na
456 109 590 162 anona
612 110 931 178 CONJUGIAL1.-—N.
952 110 1024 181 225.
1199 99 1254 162 181

112 275 226 367 jugio
252 282 396 347 boniet
418 282 507 361 veri;
541 291 577 348 et
610 301 725 346 coram
758 281 904 346 naturali
936 279 1074 345 homine
1104 301 1149 344 ex
1173 300 1257 344 conb

112 374 225 461 jugio
244 377 363 442 cordis
385 387 420 441 et
443 377 624 458 pulmonis,
641 378 720 460 quia
742 397 802 440 cor
820 378 1066 459 correspondet
1085 376 1202 452 amori,
1220 385 1257 440 et

117 473 254 554 pulmo
267 470 477 550 intellectum
497 473 558 536 sed
570 474 648 555 quia
660 473 829 555 plerisque
842 472 957 537 deficit
969 473 1089 537 horum
1101 473 1256 546 scientia,

116 568 355 633 confirmatio
384 588 455 649 per'
472 567 557 631 haec
587 567 662 649 plus
688 568 897 651 inumbraret
928 588 1028 651 quam
1058 569 1257 633 illustraret.

116 663 176 728 Ex
200 663 441 729 translatione
457 662 554 745 hujus
570 663 735 745 sphaerae
753 683 775 725 a
789 684 876 726 sexu
893 663 1054 727 feminino
1073 665 1106 726 in
1123 684 1256 728 mascu-

116 759 251 835 linum,
274 767 340 834 est,
353 759 444 841 quod
465 778 562 822 mens
577 760 681 822 etiam
698 759 899 822 incendatur
917 779 937 821 a
956 758 1028 822 sola
1045 760 1257 840 cogitatione

116 856 158 920 de
182 875 306 932 sexu3
331 855 420 937 quod
443 855 549 918 etiam
568 854 646 917 inde
666 854 710 918 sit
729 853 888 917 formatio
911 855 1138 935 propagativa
1153 864 1189 918 et
1207 855 1256 918 sic

115 949 319 1024 excitatio,
343 950 516 1031 sequitur;
549 967 628 1012 nam
652 948 715 1011 nisi
737 949 881 1012 accedat
905 949 998 1012 calor
1020 948 1063 1010 ad
1089 948 1199 1012 lucem
1222 950 1256 1012 in

116 1046 243 1120 terris,
271 1042 356 1106 nihil
379 1044 474 1125 viget
500 1052 537 1106 et
564 1043 738 1106 excitatur
764 1042 807 1105 ad
834 1040 1104 1108 fructificandum
1129 1043 1255 1127 aliquid

114 1138 174 1203 ibi.

184 1246 295 1315 224.
327 1229 417 1314 (xv.)
451 1229 548 1309 Quod
573 1231 632 1294 ubi
650 1251 745 1294 amor
765 1252 842 1295 vere
870 1231 1068 1314 cotffugialis
1094 1241 1154 1308 est,
1178 1231 1258 1296 haec

109 1328 284 1409 sphaera
306 1326 494 1407 recipiatur
514 1325 558 1390 ab
584 1347 695 1401 uxore,
714 1334 748 1389 et
772 1327 863 1389 unm
886 1335 952 1406 per
974 1348 1110 1390 uxorem
1135 1348 1157 1390 a
1182 1349 1256 1391 ma·

105 1425 198 1488 rito.
253 1420 358 1503 Quod
375 1421 435 1485 illa
452 1420 608 1502 sphaera,
625 1421 714 1502 apud
730 1421 807 1484 illos
823 1423 879 1503 qui
895 1422 929 1484 in
945 1441 1060 1485 amore
1076 1443 1155 1485 vere
1172 1443 1255 1486 con·

95 1513 245 1602 jugiali
278 1525 370 1592 sunt,
391 1517 574 1597 recipiatur
602 1537 623 1578 a
651 1517 776 1579 marito
805 1517 902 1578 unice
933 1535 993 1596 per
1027 1537 1181 1592 uxorem,
1200 1526 1255 1580 cst

22 1647 38 1661 -
95 1629 296 1678 arcanum
326 1609 439 1684 hodie,
464 1621 500 1674 et
530 1619 647 1673 tamen
676 1611 709 1673 in
739 1630 776 1673 se
801 1630 870 1673 non
900 1630 1060 1673 arcanum
1088 1621 1152 1686 est,
1177 1613 1256 1694 quia

91 1724 281 1789 sponsus
296 1714 333 1769 et
349 1705 515 1787 primitius
531 1706 673 1768 maritus
691 1705 755 1768 hoc
769 1714 886 1786 potest
902 1706 1007 1783 scire;
1032 1725 1145 1768 nonne
1162 1708 1255 1788 quic·

87 1803 204 1884 quid
240 1799 401 1882 procedit
424 1820 470 1862 ex
493 1819 620 1880 sponsa
642 1810 677 1863 et
701 1800 850 1880 primitia
879 1820 986 1863 uxore
1016 1799 1255 1882 conjugialiter

81 1896 248 1971 afficit,
277 1914 346 1957 non
375 1903 491 1957 autem
515 1904 595 1957 tunc
626 1894 717 1976 quod
746 1894 902 1974 procedit
928 1916 973 1958 ex
1003 1894 1077 1957 aliis
1099 1916 1118 1958 e
1142 1895 1254 1958 sexu?
1333 1943 1336 1950 .

78 1985 249 2054 Simile
267 1999 323 2052 est
336 2008 413 2052 cum
428 1988 495 2051 iilis
510 1991 566 2070 qui
582 1989 615 2050 in
625 2009 741 2052 amore
755 2010 833 2052 vere
850 1987 1030 2070 conjugiali
1044 1991 1230 2053 convivunt
1244 2011 1252 2068 ;

73 2097 146 2150 et
177 2086 271 2169 quia
290 2082 437 2164 sphaera
454 2085 546 2146 vitae
566 2102 849 2166 unumquemque,
870 2092 942 2146 tam
961 2085 1067 2145 virum
1087 2103 1187 2166 quam
1204 2084 1252 2147 se-

65 2182 273 2252 minam,
298 2177 544 2257 circumstipat,
568 2177 674 2240 dense
703 2199 724 2240 a
753 2175 902 2259 pectore,
928 2187 963 2241 et
993 2198 1066 2240 rare
1092 2198 1113 2240 a
1140 2188 1251 2259 tergo,

62 2283 227 2351 patet
256 2271 349 2334 unde
372 2280 436 2345 est,
460 2271 551 2352 quod
580 2272 704 2346 mariti,
724 2272 780 2354 qui
804 2282 982 2353 peramant
1005 2292 1084 2335 suas
1113 2292 1251 2348 uxores,

60 2373 344 2432 convertant
366 2383 403 2426 se
426 2364 470 2427 ad
492 2363 580 2440 illas,
597 2375 632 2429 et
648 2366 795 2428 interdiu
811 2367 907 2428 vultu
925 2366 1062 2429 favente
1081 2367 1251 2448 aspiciant

58 2457 228 2539 illas;
253 2469 292 2523 et
306 2458 454 2522 vicissim
473 2459 522 2521 iili
540 2460 596 2541 qui
616 2479 683 2522 non
703 2471 819 2523 amant
839 2480 916 2522 suas
939 2481 1074 2535 uxores,
1092 2471 1251 2524 avertant
1359 2455 1363 2464 ’

59 2570 155 2619 se
183 2552 338 2628 abillis,
362 2572 402 2616 ac
426 2554 573 2616 interdiu
596 2554 667 2617 acie
690 2551 838 2617 retracta
860 2552 1063 2635 adspectent
1092 2555 1135 2618 ad
1165 2555 1251 2619 illas.

59 2643 187 2716 Per
212 2649 452 2730 receptionem
476 2647 641 2728 sphaerae
664 2647 864 2729 coniugialis
885 2669 906 2710 a
929 2649 1052 2711 marito
1071 2650 1168 2712 unice
1192 2670 1252 2732 per

62 2758 289 2818 uxorem,
309 2744 529 2824 cognoscitur
548 2752 583 2805 et
602 2743 815 2823 dignoscitur
837 2763 933 2806 amor
951 2764 1029 2808 vere
1051 2743 1251 2826 conjugiaiis

63 2840 166 2906 ab
186 2859 310 2905 amore
326 2836 508 2918 conjugiali
527 2839 650 2918 spurio,
672 2837 768 2913 salso,
788 2848 824 2902 et
842 2839 975 2919 frigido.

187 2947 289 3017 225·
314 2931 416 3014 (xvi.)
443 2931 540 3009 Quod
552 2932 610 2995 ubi
622 2953 717 2995 amor
734 2954 796 2996 non
811 2932 1010 3018 conjugalis
1026 2944 1086 3010 est,
1104 2934 1251 3015 sphaera

75 3020 188 3095 illa
218 3026 407 3107 recipiatur
431 3021 563 3109 quidem
593 3025 636 3089 ab
658 3047 770 3101 uxore,
802 3027 865 3090 sed
892 3039 955 3090 non
987 3050 1010 3092 a
1041 3030 1163 3102 marito
1184 3040 1252 3111 per

75 3113 432 3202 illam—sphaera
447 3122 532 3185 haec
549 3120 751 3203 conjugialis
764 3121 906 3185 influens
925 3123 958 3185 in
978 3123 1183 3199 universum,
1195 3135 1249 3188 est

80 3204 154 3282 in
175 3217 317 3298 origine
335 3236 397 3280 sua
416 3216 552 3290 Divina,
572 3217 606 3279 in
626 3236 808 3298 progressu
828 3218 861 3280 in
880 3217 978 3281 caelo
996 3219 1086 3301 apud
1106 3218 1250 3301 angelos

88 3321 177 3380 est
207 3311 273 3377 illa
301 3309 464 3375 caelestis
489 3322 525 3375 et
553 3312 749 3392 spiritualis,
773 3313 863 3394 apud
893 3312 1049 3376 homines
1072 3314 1248 3389 naturalis,

93 3408 220 3492 apud
236 3407 368 3470 bestias
384 3415 420 3469 et
434 3427 514 3469 aves
528 3406 696 3480 animalis,
709 3408 798 3488 apud
815 3427 948 3471 vermes
964 3428 1056 3472 mere
1073 3430 1247 3491 corporea,

99 3502 221 3587 apud
242 3500 455 3583 vegetabilia
483 3510 538 3564 est
565 3501 625 3565 illa
647 3503 739 3565 vitae
762 3522 909 3583 expers3
945 3513 981 3566 et
1006 3515 1184 3584 praeterea
1214 3506 1249 3566 in

103 3593 953 3680 singulissubjectisvariatursecundumillorum
972 3597 1107 3660 formas.
1148 3597 1247 3661 Nunc

109 3694 207 3771 quia
226 3689 288 3753 illa
306 3690 452 3772 sphaera
470 3690 669 3754 immediate
687 3691 849 3772 recipitur
871 3711 892 3753 a
914 3712 1001 3753 sexu
1019 3691 1191 3765 feminino,
1211 3700 1248 3756 et

116 3787 283 3865 mediate
297 3805 319 3848 a
334 3804 422 3849 sexu
438 3785 638 3861 masculino,
655 3797 691 3850 et
707 3788 785 3869 quia
801 3787 962 3868 recipitur
978 3787 1163 3848 secundum
1179 3785 1247 3849 ior·

122 3894 215 3956 mas,
238 3880 461 3962 consequitur
482 3879 574 3961 quod
605 3880 750 3962 sphaera
778 3881 848 3956 illa,
873 3901 960 3963 quae
981 3877 1102 3943 sancta
1129 3889 1183 3943 est
1212 3881 1247 3942 in

128 3977 261 4059 origine
277 3995 348 4050 sua,
365 3975 454 4038 verti
472 3975 581 4057 possit
600 3976 634 4037 in
653 3995 721 4038 non
734 3973 889 4039 sanctam
908 3977 942 4038 in
961 3972 1130 4053 subjectis,
1144 3975 1248 4037 immo

137 4075 235 4136 ctiam
253 4071 379 4136 inverti
402 4070 435 4133 in
455 4071 673 4154 oppositam:
704 4070 851 4154 sphaera
873 4071 903 4134 ei
927 4070 1087 4151 opposita
1105 4080 1246 4132 vocatur
