2782 5026
139 429 184 497 88
486 440 669 493 nsmcms
691 439 922 493 sumamma

138 633 274 697 quoque
291 610 383 695 apud
400 610 567 694 angelos:
589 610 694 676 homo
712 612 803 677 enim
821 632 976 677 crescere
991 621 1111 696 potest
1126 612 1254 697 sapien·

138 711 187 773 tia
204 710 249 773 ad
272 707 375 773 finem
393 708 488 773 vitae
506 727 588 772 suae
610 708 644 771 in
668 709 807 783 mundo,
828 717 865 773 et
885 717 1009 790 postea
1026 710 1061 772 in
1081 719 1255 774 aeternum

136 804 172 867 in
194 803 310 866 caelo:
341 813 377 867 et
399 812 565 886 quantum
583 803 707 867 crescit
729 804 907 885 sapientia,
927 813 1064 867 tantum
1090 802 1256 885 perficitur

137 896 210 979 ejus
228 897 354 975 sorma3
378 907 414 962 et
432 895 517 961 haec
536 896 645 960 forma
663 916 733 960 non
751 898 872 980 recipit
891 917 1043 962 amorem
1063 919 1182 973 sexus,
1201 898 1255 962 sed

136 1012 289 1057 amorem
301 994 398 1057 unius
409 1013 429 1056 e
441 1014 529 1056 sexu
542 1013 550 1071 ;
575 1011 652 1056 cum
664 990 728 1056 hac
741 992 832 1056 enim
846 1003 963 1074 potest
975 994 1061 1057 uniri
1072 994 1117 1057 ad
1130 994 1257 1067 intima,

136 1087 172 1151 in
194 1088 316 1171 quibus
338 1098 392 1152 est
415 1087 548 1152 caelum
566 1106 644 1152 cum
662 1088 731 1151 suis
752 1087 916 1164 felicibus,
936 1097 972 1153 et
994 1086 1081 1152 haec
1106 1090 1188 1153 unio
1209 1099 1258 1153 est

135 1183 261 1246 amoris
280 1181 491 1265 conjugialis.

200 1292 275 1360 94.
307 1276 382 1361 (vi.)
417 1277 514 1356 Quod
534 1297 631 1341 amor
663 1297 764 1341 sexus
788 1276 835 1341 sit
859 1277 992 1341 externi
1009 1299 1068 1342 seu
1091 1278 1258 1344 murali}

136 1370 292 1449 homines,
304 1382 337 1436 et
348 1372 438 1454 quod
445 1372 521 1436 inde
530 1371 585 1435 lu‘c
595 1371 642 1436 sit
652 1371 831 1435 communis
842 1371 935 1435 omni
942 1371 1259 1437 uncinoli-Omnis

137 1467 243 1530 homo
262 1468 412 1531 nascitur
427 1487 621 1548 corporeus,
637 1477 674 1530 et
692 1465 731 1530 fit
750 1467 891 1530 interius
906 1475 942 1530 et
960 1467 1103 1530 interius
1119 1477 1258 1532 natura-

135 1560 188 1637 lis,
207 1571 244 1626 et
261 1563 349 1626 sicut
368 1571 461 1625 amat
479 1560 746 1643 intelligentiam
764 1559 803 1625 fit
821 1562 1010 1636 rationalis,
1029 1571 1066 1626 et
1086 1571 1212 1642 postea
1231 1563 1258 1627 si

135 1666 230 1719 amat
253 1656 457 1738 sapientiam
480 1655 519 1720 fit
542 1656 748 1738 spiritualis;
776 1657 856 1738 quid
880 1657 1049 1738 sapientia
1071 1677 1257 1739 perquam

134 1751 239 1815 homo
258 1749 297 1814 lit
312 1750 507 1832 spiritualis,
523 1751 558 1814 in
577 1751 799 1834 sequentibus
817 1748 864 1833 (n.
882 1749 955 1832 130)
976 1751 1119 1815 dicetur.
1159 1751 1258 1816 Nunc

135 1847 222 1910 sicut
240 1846 346 1911 homo
362 1845 580 1927 progreditur
602 1866 623 1908 a
640 1845 785 1909 scientia
803 1846 837 1908 in
856 1844 1136 1926 intelligentiam,
1157 1855 1195 1910 et
1217 1847 1260 1911 ab

134 1939 198 2005 hac
215 1942 248 2004 in
264 1941 480 2022 sapientiam,
493 1941 542 2004 ita
558 1941 662 2004 etiam
674 1959 772 2002 mens
784 1939 854 2022 ejus
867 1949 977 2004 mutat
990 1959 1086 2002 suam
1101 1940 1257 2015 sormam,

133 2037 286 2119 aperitur
302 2037 393 2100 enim
412 2035 488 2117 plus
510 2045 546 2100 et
576 2035 662 2117 plus,
682 2055 722 2098 ac
746 2036 882 2118 propius
911 2056 949 2097 se
978 2033 1156 2116 conjungit
1180 2054 1258 2099 cum

134 2132 242 2208 caelo,
263 2142 299 2196 et
318 2151 379 2213 per
396 2130 529 2194 caelum
548 2150 625 2194 cum
645 2130 814 2209 Domino;
841 2130 921 2194 inde
939 2127 978 2193 fit
1000 2131 1173 2194 amantior
1188 2131 1258 2195 veri

133 2237 169 2290 et
185 2227 369 2291 studiosior
380 2226 461 2290 boni
472 2227 575 2288 vitae.
619 2224 654 2288 Si
670 2225 785 2307 itaque
798 2224 954 2288 subsistit
968 2225 1002 2287 in
1019 2224 1129 2305 primo
1141 2224 1259 2289 limine

133 2321 168 2384 in
191 2321 429 2404 progressione
455 2320 500 2384 ad
526 2320 740 2401 sapientiam,
765 2328 882 2383 manet
904 2318 1013 2383 forma
1036 2319 1163 2383 mentis
1187 2319 1258 2401 ejus

133 2415 308 2491 naturalis,
337 2425 373 2480 et
402 2416 487 2481 haec
512 2415 632 2496 recipit
659 2413 823 2477 influxum
851 2413 1015 2496 sphaerae
1043 2413 1256 2489 universalis,

133 2520 291 2593 quaeest
314 2509 461 2592 conjugii
484 2509 566 2573 boni
589 2518 625 2573 et
647 2509 729 2583 veri,
749 2528 819 2572 non
841 2508 941 2572 aliter
963 2527 1065 2591 quam
1088 2509 1257 2590 recipiunt

131 2605 227 2669 illum
245 2602 397 2686 subjecta
414 2604 571 2668 inferiora
589 2605 685 2686 regni
703 2603 870 2679 animalis,
887 2624 973 2686 quae
990 2613 1159 2668 vocantur
1177 2605 1256 2668 bes·

131 2701 200 2764 tiae
219 2711 255 2765 et
273 2720 355 2763 aves
366 2720 374 2776 ;
397 2719 484 2781 quae
503 2700 580 2781 quia
599 2718 691 2762 mere
711 2699 884 2763 naturales
902 2708 993 2773 sunt,
1010 2697 1049 2762 fit
1072 2697 1132 2763 ille
1150 2700 1256 2764 homo

131 2795 198 2859 illis
213 2794 342 2869 similis,
360 2795 459 2857 etsie
476 2794 699 2858 consimiliter
714 2804 807 2858 amat
823 2814 945 2857 sexum
961 2795 1049 2857 sicut
1065 2793 1156 2858 illae.
1202 2794 1257 2860 lta

130 2890 334 2971 intelligitur
353 2889 431 2964 hoc,
447 2890 539 2971 quod
558 2909 653 2953 amor
669 2911 773 2953 sexus
791 2891 836 2953 sit
855 2890 991 2954 externi
1010 2911 1070 2954 seu
1090 2891 1256 2956 naturalis

130 2985 277 3048 hominis
295 2994 331 3048 et
349 2985 440 3066 quod
460 2984 539 3047 inde
557 2984 615 3048 ille
634 2985 679 3048 sit
695 2985 885 3048 communis
903 2986 996 3048 omni
1014 2984 1164 3049 animali.

193 3095 267 3163 95.
291 3077 376 3160 (vii.)
401 3077 473 3142 Sed
484 3078 575 3160 quod
586 3100 682 3142 amor
695 3079 889 3163 coepicgialtir
904 3078 952 3142 sit
965 3078 1092 3142 interni
1107 3099 1166 3143 seu
1183 3079 1255 3160 spi·

131 3172 268 3237 ritualis
287 3173 456 3248 komr'nis,·
485 3183 518 3237 et
538 3174 629 3256 quod
646 3173 700 3236 hic
721 3175 771 3237 sit
787 3174 950 3254 propreics
968 3171 1255 3255 homini-Quod

129 3288 225 3333 amor
237 3268 439 3350 conjugialis
455 3269 499 3332 sit
514 3269 640 3332 interni
657 3290 716 3332 seu
732 3269 916 3350 spiritualis
931 3269 1088 3342 hominis,
1103 3279 1158 3332 est
1175 3270 1254 3352 quia

129 3384 197 3447 quo
215 3363 290 3447 plus
308 3365 412 3427 homo
435 3363 473 3428 fit
496 3363 695 3445 intelligens
718 3374 754 3428 et
777 3365 922 3445 sapiens,
943 3385 985 3427 eo
1014 3362 1091 3444 plus
1109 3360 1178 3428 1¹¹fit
1200 3366 1253 3429 in·

129 3469 247 3522 ternus
270 3480 330 3522 seu
353 3458 558 3540 spiritualis;
589 3469 625 3522 et
655 3480 696 3522 eo
723 3457 800 3540 plus
824 3457 996 3540 perficitur
1021 3455 1095 3537 ejus
1123 3462 1253 3525 mentis

128 3552 247 3629 forma,
264 3563 301 3617 et
315 3552 401 3617 haec
417 3553 526 3617 forma
540 3554 662 3636 recipit
678 3573 831 3617 amorem
848 3551 1088 3635 conjugialem,
1107 3555 1254 3639 percipit

129 3648 220 3711 enirn
239 3658 275 3713 et
291 3649 398 3711 sentit
417 3649 452 3711 in
470 3649 536 3712 hoc
549 3645 736 3726 jucundum
752 3647 938 3730 spirituale,
952 3646 1043 3730 quod
1059 3647 1154 3711 intus
1171 3649 1254 3714 bea·

128 3740 293 3806 tilicatum
310 3752 374 3816 est,
392 3752 427 3806 et
447 3763 492 3805 ex
512 3742 578 3805 hoc
593 3738 778 3820 jucundum
795 3740 962 3818 naturale,
980 3741 1071 3823 quod
1087 3743 1253 3818 animam,

129 3836 236 3901 vitam
255 3847 291 3900 et
310 3837 496 3899 essentiam
516 3835 622 3900 trahit
641 3857 686 3899 ex
709 3836 779 3899 illo.

191 3933 267 4013 96.
295 3929 396 4012 Quod
409 3951 505 3995 amor
516 3927 715 4011 coniugialis
731 3932 775 3995 sit
788 3930 942 4011 proprius
954 3929 1094 4005 homini,
1106 3940 1162 3996 est
1175 3932 1256 4015 quia

128 4025 222 4090 solus
239 4025 345 4090 homo
364 4035 480 4106 potest
497 4025 679 4106 spiritualis
698 4025 778 4099 fieri,
795 4035 911 4107 potest
927 4025 1017 4087 enim
1033 4024 1255 4093 intellectum

128 4139 225 4184 suum
252 4120 388 4184 elevare
414 4139 515 4200 supra
536 4137 671 4182 amores
692 4140 772 4183 suos
795 4118 977 4193 naturales,
1002 4127 1106 4181 etex
1129 4118 1255 4184 altitu·

128 4214 208 4278 dine
230 4215 289 4279 illa
310 4214 425 4276 videre
452 4213 529 4277 illos
555 4212 640 4275 inira
661 4234 709 4289 se,
733 4224 769 4277 et
789 4212 938 4294 judicare
961 4213 1005 4275 de
1028 4212 1106 4288 illis,
1131 4215 1255 4296 quales

128 4319 220 4384 sunt,
249 4319 285 4373 et
315 4328 450 4391 quoque
474 4308 668 4382 emendare,
697 4309 867 4389 castigare
896 4317 932 4370 et
951 4327 1127 4371 removere
1151 4308 1253 4373 illos:

128 4402 195 4467 hoc
219 4423 288 4467 non
311 4412 428 4485 potest
451 4402 557 4466 ullum
580 4402 716 4478 animal,
736 4422 814 4465 nam
838 4422 971 4466 amores
993 4400 1090 4482 hujus
1109 4422 1255 4485 prorsus
