2782 5026
132 429 193 513 138
476 445 661 497 nemersi:
682 446 912 498 sarrrxrrar

128 613 221 696 apud
244 634 372 677 uxores
393 624 429 677 et
450 615 614 693 seminas;
635 617 729 699 quod
750 617 801 681 ita
822 618 879 692 sit,
902 617 947 680 ad
969 618 1084 682 vivum
1111 616 1181 683 mihi
1196 611 1221 676 in

129 709 261 772 mundo
278 710 447 792 spirituali
462 721 642 775 ostensum
661 723 727 777 est.

183 844 199 876 ⁸
209 841 370 914 Quondam
386 855 451 899 erat
466 861 566 900 sermo
579 847 617 900 de
636 846 693 900 bac
712 862 744 900 re
763 847 812 908 ibi,
825 862 860 900 ac
874 847 930 901 riri
949 864 986 902 ex
1006 848 1187 918 persuasione
1202 843 1230 899 ab

129 922 272 976 uxoribus
286 923 446 984 instabant,
458 926 542 994 quod
556 924 598 978 illi
611 937 724 986 ament,
736 937 768 980 et
781 943 841 980 non
855 943 971 987 uxores,
984 928 1038 981 sed
1053 929 1132 997 quod
1145 935 1233 981 uxores

129 1016 263 1055 amorem
279 1003 425 1072 recipiant
439 1005 478 1057 ab
494 1005 560 1058 illis
597 1004 641 1059 Ut
657 1006 694 1059 lis
706 1006 796 1074 hujus
809 1007 909 1059 arcani
924 1006 1122 1068 dirimeretur,
1137 1007 1236 1060 ablatae

129 1091 201 1135 sunt
213 1097 231 1134 a
240 1081 312 1134 viris
324 1097 430 1136 omnes
442 1082 572 1138 lemiuae
584 1100 644 1137 una
654 1100 723 1138 curn
733 1085 885 1146 uxoribus,
895 1097 926 1139 et
938 1086 1028 1139 simul
1041 1102 1109 1140 cum
1121 1086 1176 1141 illis
1187 1086 1245 1155 ipsa

129 1159 257 1229 sphaera
268 1161 380 1215 amoris
392 1178 481 1216 serus
491 1174 607 1216 remota
615 1175 677 1224 est:
696 1180 756 1234 qua
768 1176 885 1218 remota
893 1165 949 1217 uiri
965 1165 995 1218 in
1006 1176 1119 1219 statum
1133 1180 1243 1235 prorsus

130 1240 329 1310 peregrinum,
342 1252 374 1294 et
387 1242 468 1312 prius
479 1259 626 1312 nusquam
640 1255 823 1312 perceptum,
833 1255 988 1304 venerunt,
1000 1260 1039 1298 ex
1052 1261 1113 1315 quo
1127 1245 1244 1298 multum

130 1320 289 1390 conquesti
307 1331 387 1374 sunt.
423 1321 509 1375 Tunc
530 1337 598 1375 cum
624 1323 654 1375 in
677 1322 730 1377 illo
750 1334 844 1383 erant,
863 1321 1010 1377 adduCiae
1033 1324 1164 1377 suntad
1187 1324 1247 1377 illos

130 1397 268 1461 feminae,
281 1401 363 1453 etad
377 1401 502 1455 maritos
514 1417 631 1461 uxores
645 1417 680 1455 ac
696 1402 752 1455 hae
764 1413 796 1455 et
814 1401 883 1456 illae
896 1402 1006 1456 blande
1025 1403 1249 1472 alloquebantur

131 1477 214 1539 illos;
232 1480 285 1533 sed
300 1480 338 1533 ad
358 1480 518 1534 blanditias
537 1481 654 1534 illarum
674 1479 774 1550 frigidi
793 1479 864 1534 facti
883 1492 961 1541 sunt,
974 1492 1006 1535 et
1024 1493 1200 1536 averterunt
1214 1497 1251 1542 se,

130 1567 162 1613 et
174 1557 315 1612 dixerunt
331 1559 409 1613 inter
422 1575 463 1621 se,
477 1558 582 1630 “Quid
596 1559 676 1615 boc?
695 1560 776 1631 Quid
793 1558 941 1614 femina?”
975 1560 1014 1613 Et
1026 1577 1096 1615 cum
1108 1563 1251 1631 quaedam

130 1638 273 1698 dicerent.
289 1639 370 1709 quod
390 1654 499 1693 uxores
518 1639 637 1693 illorum
656 1650 765 1700 essent.
785 1640 1016 1709 respondebant,
1032 1639 1142 1712 “Quid
1162 1639 1253 1696 uxori

130 1733 192 1771 non
213 1718 424 1788 cognoscimus
446 1718 528 1772 vos.”
564 1718 608 1772 At
628 1735 696 1773 cum
719 1735 828 1772 uxores
854 1719 892 1773 de
919 1719 974 1772 hac
1001 1735 1125 1789 prorsus
1149 1719 1254 1790 frigida

131 1794 334 1851 indifferentia
357 1798 488 1851 virorum
512 1798 678 1867 inciperent
701 1798 843 1858 indolere,
864 1810 895 1852 et
914 1798 1062 1867 quaedam
1084 1799 1254 1869 lacrymare,

130 1875 257 1946 sphaera
275 1876 385 1930 amoris
403 1892 493 1930 sexus
511 1876 656 1937 feminini,
672 1888 702 1931 et
720 1877 907 1948 conjugialis,
923 1893 999 1947 quae
1019 1876 1168 1932 hactenus
1187 1877 1255 1932 viris

130 1956 231 2010 ablata
243 1954 308 2016 luit,
322 1955 461 2008 restituta
472 1966 535 2016 est:
553 1967 585 2010 et
597 1967 671 2010 tunc
682 1955 738 2009 viri
752 1956 832 2010 illico
847 1956 877 2009 in
891 1967 1003 2010 statum
1018 1956 1150 2026 priorem
1170 1971 1254 2012 suurn

131 2035 300 2095 redierunt:
319 2047 467 2089 amatores
479 2035 612 2105 conjugii
631 2035 661 2088 in
677 2052 773 2095 suum,
787 2046 818 2090 et
836 2047 987 2090 amatores
1005 2052 1097 2090 sexus
1116 2036 1147 2089 in
1161 2052 1256 2091 suum.

132 2114 182 2170 Sic
202 2112 333 2170 convicii
355 2125 425 2168 sunt
447 2114 511 2174 viri,
530 2114 612 2183 quod
635 2114 710 2167 nihil
732 2114 843 2168 amoris
864 2114 1052 2185 conjugialis,
1072 2131 1112 2168 ne
1134 2115 1254 2185 quidem

130 2194 242 2248 amoris
254 2210 352 2254 sexus,
362 2194 442 2264 apud
456 2193 523 2247 illos
536 2194 674 2255 resideat,
684 2194 736 2248 sed
750 2196 848 2248 solum
860 2194 940 2264 apud
953 2210 1062 2248 uxores
1075 2204 1107 2248 et
1121 2192 1256 2248 feminas.

132 2272 192 2328 Sed
206 2290 300 2344 usque
314 2284 419 2342 postea
432 2288 541 2327 uxores
554 2289 591 2327 ex
605 2273 763 2344 prudentia
775 2289 829 2327 sua
841 2274 1034 2326 adduxerunt
1046 2273 1128 2327 viros
1141 2274 1181 2327 ad
1194 2289 1256 2327 cre·

131 2354 273 2415 dendum,
284 2353 365 2424 quod
378 2368 464 2406 amor
471 2352 601 2406 resideat
612 2351 693 2424 apud
703 2353 792 2414 viros,
802 2363 833 2407 et
842 2353 923 2423 quod
937 2352 1037 2423 aliqua
1046 2351 1181 2407 scintilla
1193 2353 1256 2422 ejus

132 2434 226 2504 possit
239 2433 277 2487 ab
290 2433 347 2487 illis
360 2432 487 2486 transire
501 2431 530 2485 in
543 2447 584 2486 se.

131 2573 359 2655 Experientia
382 2572 467 2635 haec
487 2572 541 2635 hic
561 2569 711 2635 addudia
730 2581 794 2647 est,
815 2580 852 2634 ut
872 2570 1000 2635 sciatur
1017 2570 1110 2653 quod
1130 2592 1256 2636 uxores

132 2669 202 2732 sint
225 2688 370 2740 amores,
395 2678 431 2730 et
454 2668 515 2730 viri
544 2668 772 2749 receptiones.
828 2665 931 2747 Quod
953 2666 1015 2729 viri
1042 2667 1113 2729 sint
1136 2687 1256 2749 recep·

132 2765 246 2827 tiones
269 2763 456 2825 secundum
475 2762 682 2844 sapientiam
701 2761 791 2844 apud
810 2782 859 2836 se,
878 2761 1043 2843 imprimis
1066 2762 1256 2824 secundum

131 2859 221 2922 hanc
253 2878 299 2921 ex
331 2858 508 2938 religione,
540 2857 631 2939 quod
663 2857 738 2920 sola
770 2877 858 2919 uxor
888 2857 1036 2918 amanda
1068 2857 1126 2931 sit,
1158 2865 1255 2938 patet

132 2974 178 3016 ex
210 2972 263 3025 eo,
292 2951 382 3033 quod
415 2951 496 3013 dum
527 2951 602 3013 sola
634 2971 721 3013 uxor
748 2960 893 3024 amatur,
921 2969 1017 3013 amor
1048 2961 1256 3014 concentre·

132 3057 207 3124 tur;
245 3054 281 3109 et
311 3047 390 3128 quia
419 3046 524 3109 etiam
555 3045 768 3120 nobilitatur,
797 3055 936 3108 maneat
965 3046 999 3106 in
1030 3064 1093 3106 suo
1121 3044 1256 3119 robore,

132 3142 304 3205 consistat
333 3150 369 3204 et
399 3142 584 3221 persistat;
614 3150 650 3203 et
673 3139 765 3222 quod
788 3138 914 3221 alioqui
942 3137 1041 3212 foret,
1062 3139 1151 3203 sicut
1176 3139 1256 3201 dum

133 3238 285 3300 triticum
315 3257 360 3298 ex
394 3235 517 3300 horreo
547 3233 721 3317 projicitur
749 3234 793 3297 ad
826 3254 941 3308 canes,
973 3232 1063 3296 unde
1093 3232 1132 3296 fit
1163 3233 1257 3297 domi

132 3341 283 3413 egestas.

197 3427 292 3491 162.
323 3423 397 3507 (vi.)
425 3424 522 3502 Quod
532 3423 710 3510 conjirnliio
725 3422 786 3487 illa
792 3423 865 3507 fiat
878 3445 900 3486 a
911 3421 1037 3502 primis
1053 3420 1171 3485 diibus
1183 3443 1257 3485 con·

127 3519 226 3602 jugii
235 3520 413 3583 successive
420 3543 435 3592 ,·
453 3531 485 3583 ct
496 3521 586 3602 quod
597 3519 695 3600 apud
705 3517 791 3593 illos,
805 3517 866 3599 qui
877 3517 912 3579 in
927 3537 1039 3580 amore
1054 3537 1131 3579 vere
1145 3521 1257 3604 conju·

129 3616 221 3696 giali
238 3625 326 3689 sunt,
342 3615 489 3695 penitius
511 3623 544 3676 et
560 3613 708 3694 penitius
726 3613 761 3676 in
784 3610 1141 3675 aeternum—Primus
1161 3613 1258 3675 calor

133 3709 281 3792 conjugii
309 3729 378 3772 non
401 3709 589 3790 conjungit,
610 3708 715 3771 trahit
739 3706 829 3771 enim
852 3728 898 3770 ex
921 3725 1038 3769 amore
1062 3726 1180 3780 sexus,
1202 3707 1258 3789 qui

133 3813 188 3869 est
207 3806 359 3887 corporis
375 3815 410 3868 et
427 3805 506 3867 inde
522 3805 677 3886 spiritus;
702 3813 738 3867 et
755 3802 845 3884 quod
862 3823 907 3865 ex
924 3820 1067 3881 corpore
1084 3801 1118 3862 in
1136 3803 1258 3883 spiritu

134 3910 200 3976 est,
220 3900 285 3963 hoc
306 3920 374 3963 non
395 3908 548 3962 moratur
566 3899 622 3960 diu
634 3919 642 3976 ;
667 3897 727 3960 sed
750 3916 847 3960 amor
865 3896 921 3978 qui
944 3906 1062 3959 estex
1082 3897 1208 3978 spiritu
1224 3897 1258 3959 in

134 4015 289 4077 corpore,
313 4004 475 4056 moratur.
519 3992 631 4056 Amor
658 3993 807 4073 spiritus,
832 4001 867 4053 et
895 4012 914 4053 e
944 3990 1065 4072 spiritu
1088 3990 1258 4072 corporis,

134 4092 323 4155 insinuatur
340 4087 518 4151 animabus
536 4097 572 4152 et
592 4087 763 4150 mentibus
783 4085 966 4168 conjugum
986 4103 1052 4146 una
1071 4103 1150 4146 cum
1169 4085 1257 4147 ami-

135 4186 216 4249 citia
245 4193 281 4248 et
308 4181 539 4262 confidentia;
573 4202 650 4247 cum
680 4184 744 4247 hae
772 4182 860 4245 duae
889 4200 966 4244 cum
996 4198 1114 4242 amore
1145 4179 1258 4261 primo

159 4415 175 4450 ¹⁸¹
194 4417 274 4463 Nora
292 4414 503 4463 uoltum-Ab
513 4412 621 4460 Auctore
631 4412 670 4458 hic
680 4411 845 4471 paragraphus
855 4410 928 4468 signis
938 4409 1055 4454 citationis
1066 4407 1175 4454 inclusus
1184 4415 1230 4458 est.
