2782 5026
136 422 203 505 3⁶0
403 470 408 477 .
468 428 715 483 voturrs'ras
738 428 923 482 ursanus

132 602 417 690 quiaediametro
426 612 479 668 est
489 602 650 686 opposita
660 603 752 666 vitae
762 596 886 666 amoris
895 600 1114 683 conjugialis,
1124 610 1160 666 et
1169 601 1246 667 hanc

133 699 298 784 usquead
314 699 583 763 internecionem
600 699 746 762 destruit
765 697 936 779 (videatur
951 716 1065 778 supra,
1083 716 1118 759 n.
1134 695 1220 780 255).

194 795 300 878 469.
333 794 435 876 Quod
455 812 561 877 usque
580 813 670 858 uxor
688 794 851 857 meretrix
871 792 1058 874 apluribus
1076 793 1159 856 viris
1175 794 1247 857 reti·

133 898 255 954 neatur
271 889 364 952 domi
380 897 460 952 sunt
475 906 617 953 causae:
644 886 704 971 (1.)
730 887 832 970 Quod
848 888 899 951 vir
913 889 1036 951 timeat
1053 906 1133 950 cum
1149 909 1248 952 uxore

131 985 322 1049 contestari
345 983 453 1058 litem,
474 1003 636 1047 accusare
659 983 829 1056 adulterii,
853 991 889 1046 et
913 983 961 1045 sic
985 983 1019 1046 in
1042 983 1155 1046 sorum
1178 1004 1248 1067 pro·

132 1079 287 1160 mulgare
306 1079 454 1156 crimen;
482 1098 562 1142 nam
585 1079 613 1142 si
636 1077 899 1142 testificationes
918 1077 1076 1140 oculares
1097 1088 1156 1141 aut
1177 1098 1249 1142 ocu·

132 1174 253 1238 larium
272 1192 371 1256 pares
390 1173 484 1237 illam
504 1192 574 1238 non
592 1171 785 1236 convicium
805 1172 969 1245 iacerent,
989 1174 1183 1254 operiretur
1200 1172 1250 1235 ille

131 1268 350 1333 contumeliis
366 1267 467 1332 tectis
485 1269 519 1332 in
538 1269 695 1333 coetibus
713 1270 873 1340 virorum,
891 1277 927 1330 et
946 1270 1075 1349 apertis
1096 1269 1130 1330 in
1149 1270 1250 1331 coeti·

131 1364 195 1427 bus
217 1363 407 1426 mulierum.
454 1362 515 1446 (2.)
547 1363 665 1426 Timet
688 1364 794 1426 etiam
817 1361 961 1425 callidas
983 1364 1251 1444 expurgationes

131 1478 212 1522 suae
229 1458 427 1532 meretricis,
441 1469 477 1522 et
494 1478 629 1542 quoque
646 1458 940 1540 patrocinationes
956 1456 1027 1537 ejus
1043 1478 1063 1519 a
1076 1457 1250 1538 judicibus.

131 1563 168 1619 et
184 1557 232 1618 sic
246 1556 527 1637 prostitutionem
540 1555 687 1618 nominis
700 1554 760 1617 sui.
808 1552 869 1636 (3.)
895 1552 1036 1616 Praeter
1047 1553 1119 1628 illa,
1134 1553 1253 1617 dantur

131 1648 401 1714 domesticorum
424 1669 544 1712 usuum
567 1649 761 1723 commoda,
781 1667 868 1731 quae
891 1647 1094 1712 dissuadent
1118 1668 1253 1731 separa·

131 1746 262 1810 tionem
281 1767 301 1809 e
319 1746 444 1823 domo;
468 1752 506 1808 ut
525 1744 554 1807 si
577 1744 643 1808 illis
663 1743 810 1807 infantes
830 1753 921 1817 sunt,
942 1763 1025 1824 erga
1044 1764 1133 1825 quos
1150 1744 1254 1807 etiam

131 1841 322 1905 meretricis
334 1861 431 1905 amor
442 1849 497 1905 est
510 1849 707 1917 maternus3
732 1841 760 1902 si
777 1839 888 1902 officia
904 1849 1022 1903 mutua
1034 1841 1256 1903 intercedunt

131 1942 167 2000 et
185 1935 413 2018 conjungunt,
433 1956 520 2019 quae
539 1956 609 1999 non
629 1945 774 2017 possunt
792 1934 925 2012 dirimi;
949 1936 976 1997 si
995 1934 1200 2017 parentelae
1218 1945 1254 1998 et

131 2031 316 2095 clientelae
335 2030 404 2094 sint
424 2031 524 2094 uxori
554 2031 598 2093 ab
621 2031 758 2111 agnatis
788 2040 824 2094 et
854 2031 1025 2110 cognatis,
1045 2039 1082 2093 et
1113 2050 1160 2093 ex
1190 2030 1257 2094 illis

108 2204 114 2216 ι
131 2146 211 2209 spes
230 2127 462 2203 fortunarum
493 2126 521 2189 si
547 2125 713 2189 amabiles
733 2125 1002 2188 consuetudines
1020 2144 1099 2188 curn
1130 2125 1192 2189 illa
1219 2127 1255 2189 in

131 2221 297 2304 principio
315 2221 461 2300 foverit3
488 2230 524 2285 et
548 2221 576 2284 si
598 2219 667 2294 illa,
687 2228 872 2302 postquam
892 2220 1057 2283 meretrix
1077 2216 1169 2283 laeta
1192 2229 1256 2296 est,

131 2315 268 2379 blandis
284 2316 416 2380 facetiis
432 2334 472 2380 ac
492 2314 717 2379 civilitatibus
734 2314 903 2378 simulatis
918 2314 1046 2378 callide
1062 2317 1151 2377 sciat
1169 2314 1258 2377 mul·

131 2430 210 2475 cere
233 2413 353 2486 virum,
378 2431 420 2474 ne
443 2410 657 2493 inculpetur;
689 2421 827 2493 praeter
849 2409 927 2484 alia,
947 2429 1035 2491 quae
1057 2407 1138 2491 quia
1161 2409 1196 2471 in
1219 2428 1257 2472 se

131 2515 211 2569 sunt
234 2526 359 2569 causae
383 2505 560 2587 legitimae
584 2506 732 2580 divortii,
756 2505 862 2568 etiarn
886 2512 966 2567 sunt
990 2524 1115 2567 causae
1139 2504 1257 2586 legiti-

131 2618 208 2665 mae
224 2600 473 2664 concubinatus
488 2622 496 2679 ;
522 2619 600 2664 narn
624 2620 747 2664 causae
763 2600 966 2663 retentionis
982 2600 1077 2662 dorni
1095 2619 1166 2664 non
1187 2600 1257 2665 tol·

131 2695 206 2761 lunt
230 2715 369 2760 causam
393 2697 541 2770 divortii,
566 2696 646 2758 dum
670 2704 825 2759 scortata
848 2702 913 2758 est.
958 2693 1053 2775 Quis,
1078 2695 1144 2758 nisi
1167 2695 1256 2771 vilis,

131 2802 249 2872 potest
267 2812 402 2855 servare
414 2791 488 2871 jura
505 2789 583 2854 letti
600 2789 813 2870 conjugialis,
830 2809 869 2852 ac
887 2799 999 2852 torum
1016 2791 1161 2866 sociare,
1178 2806 1257 2854 cum

132 2885 334 2950 meretrice?
379 2883 413 2948 Si
433 2885 503 2960 fiat,
523 2884 578 2947 hic
598 2895 633 2948 et
653 2885 709 2957 ibi,
730 2903 799 2947 non
819 2885 1006 2947 concludit.

194 2991 295 3061 470.
320 2978 404 3062 (vii.)
433 2979 529 3057 Quod
547 3000 665 3043 causae
674 2979 794 3061 justae
814 2978 912 3061 hujm
930 2977 1164 3042 concubinatus
1186 2980 1259 3044 sint

131 3094 251 3137 causae
261 3074 379 3156 Jirstae
396 3075 620 3155 separationis
649 3096 671 3138 a
697 3073 909 3137 tora—Sunt
933 3093 1056 3137 causae
1076 3073 1258 3157 legitimae

132 3170 372 3250 separationis,
390 3178 426 3233 et
442 3178 522 3232 sunt
540 3189 661 3233 causae
674 3168 810 3252 justae3
835 3187 957 3233 causae
975 3169 1153 3250 legitimae
1171 3168 1257 3233 fiunt

131 3282 191 3346 per
210 3261 401 3326 edidiiones
420 3263 635 3346 ajudicibus,
655 3273 691 3326 et
712 3262 826 3344 justae
844 3282 905 3346 per
923 3261 1111 3327 edidiiones
1135 3282 1157 3327 a
1179 3264 1258 3328 solo

130 3357 204 3419 viro
219 3356 401 3438 judicatas.
447 3357 579 3422 Causae
603 3369 675 3422 tam
699 3358 879 3440 legitimae
896 3376 998 3441 quam
1018 3356 1130 3439 justae
1154 3378 1256 3442 sepa·

130 3451 274 3515 rationis
293 3473 313 3516 a
332 3463 420 3527 toro,
441 3461 477 3516 et
496 3473 630 3535 quoque
649 3474 669 3515 a
688 3453 804 3525 domo,
824 3453 858 3516 in
877 3451 1086 3535 compendio
1102 3454 1257 3518 recensi·

131 3553 190 3609 tae
212 3555 294 3610 sunt
316 3567 417 3629 supra
442 3545 490 3629 (n.
516 3545 615 3629 ¹¹¹252,
640 3546 739 3630 253);
771 3568 818 3611 ex
841 3549 962 3630 quibus
983 3547 1070 3611 vitia
1091 3549 1256 3631 corporis,

130 3650 211 3705 sunt
232 3640 351 3716 morbi,
372 3662 431 3724 per
450 3664 535 3724 quos
554 3653 668 3706 totum
688 3662 809 3725 corpus
828 3641 976 3706 inficitur
994 3644 1026 3705 in
1046 3651 1197 3719 tantum,
1218 3655 1257 3708 ut

132 3734 238 3798 letale
261 3756 306 3798 ex
330 3739 494 3818 contagio
513 3736 714 3816 inducatur;
740 3737 830 3801 tales
849 3746 928 3799 sunt
948 3737 1061 3800 [ebrae
1081 3738 1256 3819 malignae

129 3837 166 3892 et
178 3830 444 3912 pestilentiales,
460 3831 585 3913 leprae,
599 3830 671 3895 lues
687 3850 866 3906 venereae,
881 3832 1014 3894 cancri:
1040 3840 1112 3894 turn
1130 3833 1254 3906 morbi,

130 3943 175 3987 ex
192 3925 313 4006 quibus
327 3934 440 3989 toturn
454 3945 577 4007 corpus
593 3928 811 4009 ingravatum
830 3925 869 3990 ht
888 3925 921 3989 in
941 3934 1089 3998 tantum,
1104 3934 1142 3990 ut
1159 3926 1254 3990 nulla

130 4019 410 4082 consociabilitas
429 4021 485 4095 sit,
506 4030 541 4083 et
561 4041 605 4083 ex
626 4021 746 4102 quibus
765 4021 973 4085 exhalantur
992 4020 1126 4085 effluvia
1144 4022 1253 4085 detri-

130 4123 290 4176 mentosa
303 4125 338 4177 et
354 4132 499 4196 vapores
513 4115 618 4187 noxii,
633 4115 704 4178 sive
720 4135 739 4178 e
754 4115 932 4197 superficie
945 4117 1107 4198 corporis,
1121 4113 1193 4179 sive
1205 4136 1252 4180 ex

128 4202 346 4270 interioribus
365 4209 446 4290 ejus,
468 4209 502 4272 in
526 4209 640 4290 specie
663 4231 709 4272 ex
727 4209 918 4274 ventriculo
937 4218 974 4272 et
998 4209 1182 4292 pulmone;
1205 4228 1251 4274 ex

129 4300 306 4383 superficie
326 4304 488 4385 corporis,
509 4313 587 4365 sunt
606 4304 778 4383 malignae
796 4301 956 4376 variolae,
976 4324 1148 4379 verrucae,
1169 4325 1249 4388 pus·

130 4395 234 4472 tulae,
259 4398 407 4479 phthisis
437 4397 642 4473 scorbutica,
667 4398 800 4460 scabies
823 4398 1003 4475 virulenta,
1028 4400 1192 4482 imprimis
1220 4400 1248 4463 si
