2782 5026
170 484 210 549 16
512 491 695 544 natrcraa
717 489 947 543 sarrrurute

164 676 197 722 at
212 664 319 737 angeli,
333 679 380 718 me
396 663 470 726 viso,
486 663 675 733 aufugerunt.
687 671 719 716 et
735 661 813 715 inter
827 677 860 715 se
875 659 1023 721 dixerunt,
1037 656 1132 732 'Quid
1147 659 1206 714 hoc
1217 674 1280 730 por·

164 744 303 800 tentum?
322 745 476 814 quomodo
487 743 545 796 huc
554 742 637 796 venit
647 742 711 796 avis
720 739 846 795 notlisi'
884 740 921 795 Et
934 738 1089 794 adualiter
1098 740 1177 795 sensi
1190 750 1281 794 muta·

165 825 279 879 tionem
305 824 343 878 ab
363 823 494 881 homine,
510 822 631 876 tametsi
652 837 712 875 non
735 831 869 874 mutatus
887 836 970 881 sunt;
998 819 1057 873 hoc
1076 819 1149 873 mihi
1167 830 1232 874 etat
1248 835 1283 874 ex

165 901 344 959 attraclione
356 902 495 956 caelestis
508 901 745 971 atmosphaerae.
781 900 824 954 At
837 916 907 954 mox
919 899 1047 953 accurrit
1061 915 1139 952 unus
1154 914 1192 952 ex
1207 899 1285 952 curia

164 998 233 1037 cum
250 983 401 1041 mandato,
416 993 449 1035 ut
465 982 526 1035 duo
542 980 643 1034 famuli
660 980 821 1034 educerent
838 995 894 1040 me,
908 989 939 1033 et
955 979 1133 1032 reducerent
1145 977 1283 1048 perviam

164 1078 315 1122 ascensus,
329 1062 474 1132 usquead
488 1061 612 1115 domum
626 1075 740 1122 meam;
758 1070 789 1113 et
802 1074 871 1112 cum
884 1057 967 1112 dorni
981 1073 1070 1119 eram,
1083 1056 1210 1128 apparui
1222 1057 1285 1112 aliis

165 1152 197 1197 et
210 1140 283 1195 mihi
294 1141 371 1194 sicut
385 1139 504 1194 homo.”

218 1220 339 1274 Tertius
354 1220 439 1281 dixit,
453 1227 469 1247 ‘⁴
480 1218 551 1272 ldea
565 1217 640 1272 caeli
654 1227 796 1272 constans
812 1215 885 1269 mihi
901 1215 958 1269 luit
976 1231 1013 1271 ex
1031 1215 1108 1276 loeo,
1123 1224 1155 1270 et
1174 1230 1236 1270 non
1251 1231 1286 1270 ex

164 1314 283 1361 amore:
301 1316 393 1368 quare
408 1315 475 1352 cum
494 1298 523 1351 in
540 1298 621 1351 hunc
637 1297 781 1350 mundum
795 1296 873 1356 veni,
886 1295 987 1365 cupivi
999 1294 1166 1364 cupiditate
1179 1310 1288 1365 magna

164 1379 295 1439 caelum;
313 1389 344 1432 et
359 1377 421 1431 vidi
437 1376 642 1439 ascendentes,
656 1386 686 1430 et
705 1386 825 1430 secutus
840 1391 906 1428 sum
924 1374 999 1435 illos,
1015 1383 1046 1428 et
1061 1374 1219 1437 admissus,
1234 1374 1285 1429 sed

165 1472 227 1512 non
239 1457 317 1510 ultra
327 1457 443 1527 aliquot
457 1471 578 1527 passus:
596 1466 627 1509 at
640 1471 709 1509 cum
722 1454 804 1508 volui
817 1453 977 1507 laetificare
990 1453 1123 1507 animum
1138 1468 1238 1507 meum
1251 1469 1286 1507 ex

165 1535 233 1591 idea
245 1536 423 1606 gaudiorum
437 1546 468 1589 et
480 1535 701 1589 beatitudinum
716 1534 764 1594 ibi,
775 1550 813 1587 ex
826 1534 891 1586 luce
904 1533 988 1593 caeli,
997 1548 1073 1603 quae
1083 1542 1148 1586 erat
1158 1532 1286 1586 candida

165 1614 242 1670 sicut
253 1615 310 1675 nix,
321 1616 407 1685 cujus
420 1615 550 1669 essentia
563 1614 673 1668 dicitur
681 1630 746 1667 esse
759 1612 914 1682 sapientia
925 1612 1035 1666 invasit
1045 1621 1178 1666 mentem
1189 1627 1285 1667 meam

164 1705 278 1764 stupor,
295 1704 325 1748 et
345 1695 415 1748 inde
434 1695 538 1748 oculos
558 1709 640 1747 meos
658 1693 763 1764 caligo,
779 1703 809 1747 et
828 1692 914 1761 coepi
935 1691 1079 1753 insanire:
1103 1702 1135 1745 et
1155 1707 1226 1745 mox
1250 1706 1285 1744 ex

164 1774 264 1828 calore
279 1774 362 1834 caeli,
379 1772 430 1843 qui
445 1773 700 1842 correspondebat
715 1772 838 1826 candori
855 1771 929 1825 lucis
946 1771 1040 1831 istius,
1053 1771 1140 1840 cujus
1156 1770 1287 1825 essentia

165 1853 275 1907 dicitur
287 1869 353 1907 esse
366 1867 458 1912 amor,
472 1851 604 1922 palpavit
617 1851 690 1904 mihi
709 1867 769 1913 cor,
782 1851 941 1921 occupavit
954 1866 1002 1904 me
1015 1850 1158 1910 anxietas,
1172 1859 1203 1904 et
1221 1865 1286 1903 cru·

164 1931 265 1986 ciabar
277 1932 381 1985 dolore
396 1931 537 1991 interiori,
550 1939 582 1985 et
597 1930 710 2000 projeci
726 1947 774 1984 me
787 1930 926 2000 supinum
940 1945 1030 2000 super
1042 1929 1167 1997 humum
1182 1928 1238 1991 ibl;
1256 1938 1287 1983 et

164 2026 232 2066 cum
248 2010 337 2081 jacui,
354 2010 437 2063 venit
452 2009 572 2064 satelles
588 2026 605 2064 e
623 2009 788 2063 euriacum
805 2010 957 2070 mandato,
971 2020 1006 2063 ut
1021 2024 1068 2062 me
1084 2024 1153 2062 cum
1170 2008 1286 2063 lentore

168 2089 364 2159 deportarent
377 2089 407 2141 in
417 2105 514 2142 meam
525 2089 621 2143 lucem
636 2098 667 2142 et
680 2088 710 2142 in
725 2105 825 2142 meum
835 2089 980 2152 calorem:
1000 2088 1030 2142 in
1041 2103 1197 2159 quaecum
1208 2088 1285 2150 veni,

165 2169 255 2224 rediit
269 2167 341 2221 mihi
355 2167 477 2238 spiritus
490 2184 574 2223 meus
586 2178 617 2222 et
629 2183 682 2221 cor
694 2168 822 2222 meum.''

218 2247 350 2320 Quartus
363 2247 448 2308 dixit,
458 2248 539 2318 quod
553 2248 642 2301 etiam
655 2246 718 2316 ipse
732 2247 762 2301 in
774 2246 841 2302 idea
855 2247 922 2309 loci,
934 2257 965 2301 et
978 2263 1039 2301 non
1054 2246 1083 2301 in
1098 2245 1166 2300 idea
1175 2246 1286 2301 amoris

165 2326 203 2383 de
218 2329 302 2382 caelo
318 2326 422 2389 fuerit;
441 2338 472 2381 et
487 2328 568 2397 quod
583 2335 597 2355 ‘¹
608 2337 640 2380 ut
656 2327 785 2396 primum
802 2326 832 2379 in
849 2327 993 2380 mundum
1007 2326 1194 2397 spiritualem
1207 2326 1285 2386 veni,

165 2407 363 2478 quaesiverim
379 2407 539 2476 sapientes,
555 2423 626 2461 num
647 2407 677 2460 in
696 2405 810 2460 caelum
831 2406 919 2460 liceat
937 2406 1114 2467 ascendere;
1139 2406 1192 2476 qui
1211 2405 1285 2459 mihi

165 2487 313 2549 dixerunt,
323 2487 404 2556 quod
418 2486 513 2541 cuivis
526 2485 622 2548 liceat,
633 2485 685 2540 sed
700 2495 733 2538 ut
746 2485 802 2539 sibi
816 2495 950 2545 caveant,
959 2501 996 2539 ne
1010 2485 1199 2555 dejiciantur.
1236 2483 1285 2539 Ad

165 2564 238 2620 haec
252 2566 310 2626 risi,
324 2577 355 2620 et
367 2566 498 2627 ascendi,
511 2567 636 2620 credens
649 2581 707 2635 ego
720 2564 799 2619 sicut
811 2564 869 2625 alii,
885 2565 966 2634 quod
980 2581 1086 2619 omnes
1099 2564 1129 2617 in
1144 2564 1286 2619 universo

166 2645 280 2698 mundo
299 2645 487 2715 receptibiles
506 2654 606 2700 essent
625 2644 803 2715 gaudiorum
823 2644 862 2697 ibi
883 2644 912 2697 in
931 2660 985 2698 sua
1004 2643 1209 2714 plenitudine:
1232 2642 1285 2699 sed

164 2738 236 2778 sane
255 2739 322 2777 cum
339 2725 419 2778 intus
435 2740 524 2785 eram,
539 2740 633 2794 paene
648 2724 835 2777 exanimatus
851 2733 970 2785 sumet
988 2740 1026 2778 ex
1045 2723 1149 2777 dolore
1164 2733 1196 2777 et
1215 2723 1285 2777 inde

164 2802 298 2856 cruciatu
315 2802 344 2855 in
358 2802 456 2872 capite
471 2813 503 2857 et
518 2803 547 2856 in
561 2819 693 2873 corpore,
707 2803 854 2872 prostravi
871 2819 918 2857 me
931 2803 1023 2864 humi,
1037 2814 1067 2857 et
1082 2802 1223 2856 convolvi
1237 2819 1285 2857 me

164 2880 242 2935 sicut
254 2897 376 2950 serpens
389 2882 529 2936 admotus
543 2881 612 2953 igni,
625 2892 657 2936 et
669 2881 746 2952 repsi
760 2883 903 2952 usquead
918 2882 1133 2952 praecipitium,
1143 2892 1174 2936 et
1189 2897 1242 2951 per
1255 2880 1285 2935 id

165 2975 213 3014 me
224 2960 319 3030 dejeci
330 2978 337 3021 ;
355 2971 386 3014 et
400 2971 505 3030 postea
514 2961 649 3015 sublatus
662 2977 728 3015 sum
741 2962 779 3014 ab
788 2962 975 3017 adstantibus
986 2962 1070 3025 inira,
1081 2970 1112 3016 et
1121 2961 1241 3017 delatus
1255 2961 1285 3016 in

164 3038 369 3100 diversorium,
383 3040 433 3093 ubi
447 3040 536 3094 rediit
548 3040 660 3094 sanitas
673 3039 773 3094 mihi.''

220 3117 338 3189 Reliqui
355 3118 488 3190 quinque
502 3120 593 3174 etiam
608 3129 801 3174 narraverunt
814 3119 960 3174 mirabilia
978 3120 1015 3175 de
1035 3120 1096 3176 suis
1111 3119 1285 3176 ascensibus

165 3196 195 3251 in
205 3197 320 3251 caelum
331 3216 337 3259 ;
352 3208 383 3252 et
392 3200 604 3268 comparabant
615 3199 796 3254 mutationes
806 3210 938 3254 statuum
948 3217 1018 3255 suae
1028 3201 1116 3263 vitae,
1124 3216 1193 3254 cum
1203 3209 1285 3255 statu

165 3276 291 3347 piscium
311 3277 382 3330 dum
398 3277 554 3331 elevantur
571 3279 609 3332 ab
627 3278 712 3349 aquis
732 3279 762 3332 in
780 3295 888 3339 aerem,
904 3290 935 3333 et
953 3295 1021 3333 cum
1037 3290 1117 3334 statu
1133 3280 1232 3333 avium
1254 3279 1284 3333 in

163 3354 301 3419 aethere,
320 3367 351 3411 et
363 3356 511 3419 dixerunt,
521 3359 602 3428 quod
617 3368 685 3428 post
695 3358 783 3412 duras
797 3358 861 3412 illas
871 3371 975 3421 sortes,
986 3375 1046 3413 non
1057 3357 1286 3429 concupiverint

163 3435 292 3505 amplius
305 3435 428 3498 caelum,
442 3435 496 3490 sed
516 3437 607 3491 modo
619 3447 789 3491 consortem
803 3438 895 3492 vitam
911 3454 979 3492 cum
995 3438 1041 3493 sui
1060 3438 1207 3492 similibus
1220 3438 1285 3492 ubi-

163 3528 283 3584 cunque
303 3524 390 3576 sunt;
416 3524 448 3569 et
469 3516 551 3586 quod
571 3515 675 3578 sciant,
688 3516 769 3586 quod
792 3517 820 3570 in
844 3518 957 3572 mundo
975 3518 1142 3591 spirituum,
1158 3516 1209 3570 ubi
1229 3533 1285 3572 nos

163 3608 275 3655 sumus,
289 3609 394 3648 omnes
408 3593 490 3664 prius
503 3605 723 3665 praeparentur,
738 3597 808 3650 boni
821 3597 859 3650 ad
873 3597 996 3658 caelum,
1010 3608 1041 3651 et
1056 3597 1125 3650 mali
1141 3598 1179 3650 ad
1197 3596 1284 3650 inier-

164 3688 253 3735 num;
271 3683 303 3727 et
315 3674 395 3743 quod
410 3690 478 3727 cum
490 3675 654 3745 praeparati
664 3684 744 3735 sunt,
754 3674 947 3730 videantvias
957 3676 1013 3730 sibi
1026 3685 1144 3746 apertas
1157 3675 1195 3729 ad
1208 3671 1302 3775 soci-¹!

163 3760 260 3807 etates
273 3752 319 3806 sui
333 3752 484 3815 similium,
497 3769 565 3807 cum
578 3753 688 3823 quibus
702 3753 732 3807 in
744 3764 900 3809 aeternum
914 3755 1044 3809 mansuri
1055 3765 1140 3816 sunt;
1159 3766 1190 3808 et
1203 3754 1284 3825 quod

163 3831 219 3886 bas
230 3832 295 3886 vias
307 3840 380 3886 tunc
393 3832 505 3887 intrent
518 3848 585 3886 cum
598 3832 740 3903 jucundo,
754 3835 825 3905 quia
836 3846 907 3888 sunt
920 3836 985 3888 viae
997 3834 1107 3888 amoris
1122 3834 1249 3889 illorum.

217 3908 332 3965 Omnes
350 3927 387 3965 ex
406 3911 501 3981 prima
514 3912 732 3967 convocatione
744 3913 901 3968 audientes
916 3913 998 3977 haec,
1012 3913 1102 3968 etiam
1119 3912 1189 3967 iassl
1205 3922 1284 3973 sunt,

164 3988 246 4060 quod
261 4005 315 4044 nec
328 3989 386 4043 illis
399 3990 457 4044 alia
470 3989 537 4044 idea
549 3990 587 4044 de
600 3993 683 4046 caelo
696 3991 785 4046 luerit
797 4008 887 4062 quam
900 3993 979 4048 sicut
991 3993 1028 4047 de
1041 3992 1116 4054 loco,
1130 3993 1182 4047 ubi
1195 3993 1285 4063 pleno

163 4084 216 4124 ore
228 4069 401 4123 circumflua
412 4069 522 4140 gaudia
535 4070 564 4123 in
578 4081 732 4125 aeternum
746 4072 908 4126 sorberent.

219 4147 292 4202 Post
311 4148 385 4202 haec
400 4149 525 4218 angelus
540 4150 630 4204 tubae
645 4150 722 4203 dixit
741 4150 807 4211 illis,
824 4150 965 4206 “Videtis
984 4167 1063 4205 nunc
1079 4150 1160 4221 quod
1176 4150 1286 4223 gaudia

163 4226 237 4283 caeli
259 4238 291 4282 et
315 4227 442 4283 felicitas
457 4239 578 4283 aeterna
596 4245 655 4284 non
675 4229 737 4284 sint
754 4229 821 4290 loci,
835 4229 888 4285 sed
912 4231 993 4301 quod
1014 4231 1075 4285 sint
1093 4240 1190 4285 status
1205 4231 1285 4285 vitae

164 4305 311 4370 hominis;
330 4323 365 4361 ac
378 4317 474 4361 status
485 4308 567 4362 vitae
579 4308 716 4363 caelestis
728 4320 774 4363 est
787 4325 938 4364 examore
951 4320 982 4364 et
995 4310 1156 4380 sapientia;
1171 4319 1202 4365 et
1215 4310 1286 4380 quia

163 4402 235 4440 usus
247 4397 294 4440 est
307 4387 434 4441 duorum
449 4387 567 4441 illorum
580 4388 747 4450 continens,
758 4398 803 4443 est
816 4400 912 4444 status
922 4389 1002 4444 vitae
1015 4389 1151 4443 caelestis
1164 4406 1200 4444 ex
1213 4404 1286 4444 con·

162 4463 318 4536 junctione
341 4466 458 4521 illorum
481 4466 511 4520 in
534 4483 607 4522 usu:
634 4467 714 4522 idem
735 4478 789 4532 est,
811 4468 836 4523 si
862 4468 979 4523 dicatur
997 4467 1135 4530 charitas,
1155 4467 1230 4523 fides
1254 4476 1286 4524 et
