2782 5026
354 455 407 508 na
429 453 563 507 suoru
585 454 905 523 consummi—u.
929 444 998 525 183.
1178 461 1192 525 t
1199 459 1241 528 53

55 633 234 693 propter
241 623 410 695 genuinum
420 641 515 686 usum,
525 633 642 679 tantum
654 624 684 678 in
696 625 807 679 amoris
817 625 996 695 coniugialis
1004 641 1081 679 vena
1091 634 1122 679 et
1133 636 1238 696 poten-

51 701 125 755 tia
152 705 223 767 sit;
245 714 276 759 et
291 715 438 774 quantum
455 704 485 759 in
501 706 548 759 his
560 705 676 760 duabus
689 717 744 766 est,
757 717 876 759 tantum
893 707 922 758 in
936 705 1052 760 deliciis
1068 706 1123 767 sit;
1143 714 1238 761 “usus

51 779 157 835 hoe
186 781 264 846 iacit,
280 784 353 854 quia
369 800 454 838 amor
476 801 529 854 per
549 784 726 854 sapientiam
743 786 821 838 inter
843 801 875 838 se
897 786 1083 847 deliciantur,
1100 796 1130 839 et
1152 786 1236 854 quasi

50 857 220 916 ludunt
229 863 308 917 sicut
321 862 466 926 infantes:
485 874 516 917 et
530 874 618 934 prout
627 865 811 925 adolescunt,
822 864 980 935 genialiter
989 865 1178 935 conjungunt
1191 881 1238 926 se;

49 941 195 1004 quod
209 941 243 995 fit
257 942 343 1012 quasi
357 958 411 1013 per
423 943 680 1013 desponsationes,
694 943 824 1014 nuptias,
837 943 986 1014 conjugia,
1000 954 1032 999 et
1047 944 1238 1015 propagatio·

50 1029 147 1072 nes
165 1036 179 1082 ;
207 1031 237 1075 et
255 1021 330 1076 haec
343 1022 486 1076 continue
498 1038 566 1077 cum
580 1022 724 1077 varietate
741 1023 770 1076 in
783 1033 955 1077 aeternum:
981 1023 1054 1077 haec
1067 1022 1144 1076 fiunt
1159 1023 1237 1077 inter

49 1105 243 1154 amorem
254 1111 286 1155 et
295 1100 473 1170 sapientiam
487 1101 568 1156 intus
579 1102 607 1154 in
620 1118 674 1156 usu
687 1120 693 1164 ;
715 1112 746 1156 at
757 1102 880 1156 deliciae
892 1102 959 1156 illae
970 1101 999 1155 in
1011 1101 1164 1173 principiis
1174 1103 1237 1157 suis

50 1184 180 1231 sunt
198 1179 456 1251 imperceptibiles,
472 1181 524 1235 sed
541 1180 618 1234 fiunt
633 1181 841 1252 perceptibiles
857 1181 923 1251 plus
939 1190 970 1236 et
986 1181 1060 1252 plus,
1075 1181 1152 1236 sicut
1166 1182 1236 1236 inde

51 1264 147 1337 per
162 1260 283 1328 gradus
290 1260 478 1314 descendunt
488 1270 519 1314 et
530 1260 641 1314 intrant
649 1276 773 1330 corpus:
789 1260 903 1314 intrant
913 1261 1128 1330 pergradusab
1136 1260 1236 1315 anima

52 1342 104 1417 ιι)
130 1333 297 1393 interiora
310 1340 419 1394 mentis
432 1339 571 1402 hominis,
585 1350 617 1394 et
630 1340 668 1393 ab
683 1339 731 1395 his
746 1339 776 1393 in
791 1340 940 1395 exteriora
953 1341 1026 1410 ejus,
1040 1351 1070 1394 et
1089 1357 1126 1395 ex
1142 1339 1189 1396 his
1205 1341 1234 1395 in

52 1421 210 1471 sunum
221 1416 410 1488 pectoralem,
420 1429 452 1474 et
464 1435 501 1475 ex
516 1419 575 1474 hoc
588 1419 617 1473 in
629 1419 780 1490 regionem
790 1419 952 1489 genitalem
965 1436 971 1474 :
990 1435 1025 1474 ac
1034 1420 1179 1475 caelestes
1193 1419 1234 1473 illi

52 1483 163 1572 {udi
188 1498 335 1568 nuptiales
348 1498 378 1551 in
392 1498 492 1553 anima
505 1514 542 1552 ne
555 1497 649 1552 hilum
663 1498 701 1552 ab
713 1497 836 1552 homine
849 1498 1062 1570 percipiuntur.
1075 1510 1107 1553 at
1120 1499 1190 1553 inde
1204 1499 1234 1552 in

54 1577 254 1631 tuteriora
269 1577 379 1632 mentis
394 1578 450 1631 sub
465 1577 565 1648 specie
580 1577 661 1647 pacis
676 1587 707 1631 et
723 1577 912 1631 innocentiae
928 1594 959 1632 se
979 1578 1139 1640 insinuant,
1156 1589 1188 1633 et
1203 1578 1233 1633 in

55 1654 261 1730 theriora
275 1656 385 1710 mentis
400 1656 455 1711 sub
470 1656 570 1726 specie
584 1650 790 1717 beatitudinis
802 1656 964 1711 iaustitatis
980 1667 1010 1712 et
1028 1657 1233 1727 jucunditatis,

58 1736 109 1809 {¹¹
142 1733 228 1788 sinu
243 1746 344 1790 autern
359 1733 503 1806 pectorali
519 1735 575 1790 sub
590 1736 689 1806 specie
705 1736 879 1790 deliciarum
893 1736 1042 1791 amicitiae
1056 1737 1187 1800 intimae.
1201 1748 1234 1792 et

59 1813 108 1855 ¹¹¹
143 1815 283 1885 regione
297 1815 421 1886 genitali
439 1831 477 1870 ex
496 1815 608 1869 influxu
627 1815 773 1870 continuo
789 1831 884 1885 usque
902 1817 941 1870 ab
960 1815 1060 1870 anima
1078 1833 1146 1870 cum
1167 1817 1233 1887 ipso

59 1892 198 1947 ωηεν
211 1894 322 1950 amoris
334 1894 520 1965 conjugialis‚
534 1905 568 1948 ut
583 1894 724 1949 delicium
738 1894 926 1956 deliciarum
946 1895 987 1949 illi
1003 1895 1066 1949 ludi
1082 1897 1233 1966 nuptiales

61 1970 220 2029 amoris
237 1983 270 2028 et
287 1972 451 2044 sapientiae
470 1973 500 2027 in
520 1990 575 2028 usu
595 1974 625 2027 in
644 1973 743 2029 anima
763 1974 791 2028 in
812 1975 1004 2045 procedendo
1017 1991 1120 2029 versus
1133 1975 1231 2029 sinum

63 2044 289 2107 pectoralem
303 2062 487 2123 permanent,
498 2050 556 2108 ¹¹1et
569 2052 599 2106 in
612 2053 679 2108 sinu
695 2052 746 2108 illo
759 2054 814 2108 sub
828 2052 945 2107 infinita
957 2054 1102 2108 varietate
1113 2053 1231 2108 delicia·

64 2130 170 2182 mm
188 2148 220 2186 se
232 2131 388 2187 sensibiles
401 2131 519 2194 sistunt,
530 2141 560 2186 et
574 2143 697 2204 propter
709 2132 791 2187 sinus
805 2130 964 2204 pedloralis
974 2133 1138 2187 mirabilem
1149 2148 1232 2187 com-

67 2209 343 2266 ¹¹1unicationem
356 2227 424 2266 cum
435 2211 558 2282 regione
567 2211 699 2282 genitali,
710 2211 788 2266 fiunt
798 2211 922 2267 deliciae
936 2213 975 2266 ibi
986 2212 1110 2266 deliciae
1120 2213 1231 2266 amoris

67 2286 293 2362 conjugalis,
307 2307 384 2362 quae
402 2306 493 2361 super
504 2307 609 2346 omnes
622 2291 752 2352 delicias,
766 2307 843 2362 quae
864 2292 894 2345 in
914 2292 997 2346 caelo
1016 2302 1047 2346 et
1066 2291 1096 2346 in
1116 2291 1231 2347 mundo

71 2353 224 2434 dantur,
244 2371 393 2426 exaltatae
411 2380 490 2432 sunt,
510 2387 548 2426 ex
565 2387 663 2433 causa,
682 2371 753 2441 quia
770 2387 842 2425 usus
860 2371 971 2425 amoris
989 2370 1165 2442 coniugialis
1183 2381 1230 2425 est

74 2447 242 2504 Omnium
258 2466 366 2504 usuum
383 2448 663 2521 praestantissimus,
679 2460 726 2504 est
744 2449 825 2504 enim
842 2449 912 2504 inde
929 2450 1096 2519 procreatio
1111 2450 1229 2520 generis

75 2508 240 2593 humani,
253 2539 285 2584 et
297 2545 335 2584 ex
346 2545 456 2601 genere
469 2529 602 2583 humano
615 2529 731 2583 caelum
741 2528 938 2599 angelicum.”
982 2528 1038 2583 His
1047 2528 1229 2583 addidemnt

79 2605 213 2673 angeli,
226 2610 309 2681 quod
325 2609 367 2663 illi
380 2608 432 2679 qui
446 2624 507 2662 non
521 2607 666 2673 inamore
680 2608 815 2678 sapiendi
830 2619 952 2680 propter
963 2625 1050 2662 usum
1064 2623 1082 2662 a
1096 2608 1228 2662 Domino

82 2684 186 2750 sunt,
194 2705 255 2743 non
265 2688 362 2743 sciant
371 2687 483 2759 aliquid
495 2688 533 2742 de
543 2687 684 2743 varietate
692 2687 865 2742 deliciarum
877 2687 1144 2749 innumerabilium,
1152 2703 1228 2758 quae

85 2763 179 2818 sum
187 2768 297 2824 amoris
304 2784 374 2823 vere
383 2766 574 2838 coniugialia:
589 2768 693 2838 “apud
704 2767 771 2821 illos
780 2767 869 2830 enim,
880 2767 931 2837 qui
943 2783 1003 2820 non
1013 2777 1115 2821 amant
1125 2783 1228 2836 sapere

87 2843 129 2887 ΩΧ
146 2846 295 2914 genuinis
307 2848 394 2907 veris.
406 2848 458 2902 sed
471 2856 575 2901 amant
586 2845 716 2902 insanire
729 2862 766 2902 ex
779 2845 869 2907 falsis,
880 2857 910 2901 et
924 2863 977 2917 per
990 2846 1066 2900 hanc
1080 2845 1226 2900 insaniam

91 2920 129 2966 ‘¹
147 2926 258 2997 aliquo
269 2941 371 2982 amore
384 2924 498 2981 iaciunt
509 2941 582 2981 usus
595 2926 697 2988 malos.
708 2926 758 2980 via
770 2926 808 2980 ad
821 2925 952 2980 animam
963 2926 1062 2980 clausa
1074 2936 1137 2988 est;
1157 2925 1227 2979 inde

91 3002 154 3059 est.
170 3006 252 3077 quod
265 3006 409 3060 caelestes
419 3005 569 3075 nuptiales
581 3005 644 3059 ludi
657 3004 767 3059 amoris
779 3014 811 3060 et
824 3005 988 3075 sapientiae
1002 3005 1032 3058 in
1045 3004 1146 3059 anima
1158 3004 1226 3074 plus

94 3078 120 3160 (ξ
147 3085 224 3150 plus
241 3083 400 3155 intercepti
412 3093 547 3146 cessent:
571 3094 602 3140 et
620 3100 680 3139 una
698 3100 766 3139 cum
786 3084 845 3138 illis
862 3099 948 3137 amor
964 3084 1142 3155 conjugialis
1157 3100 1225 3138 cum

95 3159 172 3218 ο1118
185 3179 267 3226 vena.
282 3164 425 3235 potentia,
439 3173 470 3218 et
482 3163 623 3218 deliciis.''

113 3307 118 3319 Ι
154 3241 209 3296 Ad
228 3243 302 3298 haec
321 3243 462 3297 dixerunt
475 3242 639 3303 audientes,
653 3242 735 3313 quod
749 3240 915 3312 percipiant
929 3242 1010 3311 quod
1024 3257 1109 3295 amor
1121 3242 1226 3312 conju-

97 3316 193 3377 palis
204 3323 243 3380 sit
254 3323 420 3379 secundum
433 3338 566 3377 amorem
579 3321 713 3392 sapiendi
727 3330 849 3393 propter
861 3337 932 3375 usus
945 3336 963 3374 a
977 3320 1119 3375 Domino.

110 3464 115 3478 .
156 3396 392 3472 Responderunt
405 3400 503 3472 angeli
516 3401 597 3472 quod
616 3401 666 3456 ita.
706 3400 743 3455 Et
752 3409 826 3455 tunc
840 3414 930 3469 super
942 3400 1131 3470 quorundam
1145 3400 1224 3469 capi-

100 3467 191 3534 tibus
200 3482 382 3552 apparebant
396 3480 525 3536 corollae
540 3496 577 3535 ex
592 3480 729 3542 floribus:
750 3490 782 3534 et
795 3479 1015 3550 quaesiverunt,
1030 3476 1117 3533 “Cur
1129 3477 1225 3532 hoc?''

102 3541 252 3615 Dixemnt
263 3559 372 3632 angeli.
382 3558 484 3630 “Quia
493 3558 671 3629 prolundius
682 3555 918 3615 intellexerunt.”
952 3557 991 3612 Et
1003 3567 1076 3612 tunc
1089 3574 1125 3613 ex
1135 3557 1225 3613 horto

104 3625 267 3706 abivemnt,
280 3650 312 3696 et
325 3638 357 3694 hi
371 3638 403 3694 in
417 3638 518 3695 medio
530 3638 658 3721 illorum.
