2782 5026
239 387 301 452 394
572 379 819 431 vonumres
840 379 1026 431 msamns

235 566 273 620 et
291 565 374 620 tunc
392 573 439 618 ex
457 552 568 617 lubitu
583 551 763 635 possident
777 551 879 631 illas;
901 551 1024 635 quibus
1039 550 1191 636 peraeta
1206 553 1332 636 gaudent·

235 651 352 723 corde,
371 669 412 713 ac
431 648 581 712 violatas
598 648 752 712 irrident.

297 758 396 828 ³14·
424 743 507 808 Sors
521 743 645 807 horum
660 740 878 807 seductorum
894 754 975 826 post
990 753 1144 809 mortem
1163 753 1218 809 est
1235 745 1330 816 tristis.

234 843 398 926 quoniam
421 837 575 904 seductio
597 839 657 903 illa
683 860 753 903 non
775 840 881 904 modo
902 847 958 903 est
980 840 1145 922 impietas
1168 841 1330 906 sedetiam

235 935 445 1018 malignitas.
487 935 553 1005 Illi,
566 946 751 1017 postquam
765 934 909 1017 primam
920 934 1099 1016 periodum
1112 937 1331 1018 transigerant,
1379 958 1381 1009 ;

233 1050 321 1114 quae
339 1039 395 1093 est
413 1031 447 1092 in
466 1030 632 1103 externis,
651 1031 687 1092 in
705 1031 827 1112 quibus
845 1050 927 1112 prae
944 1029 1063 1094 multis
1079 1031 1159 1094 aliis
1178 1031 1332 1113 elegantes

234 1123 385 1189 moribus
402 1134 440 1187 et
458 1125 741 1206 suaviloquentes
758 1124 973 1189 sermonibus
990 1135 1084 1200 sunt,
1100 1127 1331 1208 redigunturin

233 1220 382 1284 alteram
402 1221 578 1302 periodum
598 1222 690 1284 vitae
707 1240 802 1294 suae,
820 1239 908 1303 quae
926 1230 980 1285 est
999 1221 1033 1283 in
1054 1221 1212 1298 internis,
1230 1223 1261 1285 in
1276 1222 1332 1304 qui·

233 1314 299 1377 bus
314 1313 420 1379 libido
436 1316 701 1390 manumittitur,
717 1325 755 1379 et
770 1314 911 1378 inchoat
926 1334 1024 1378 suum
1039 1314 1168 1379 ludum.
1211 1316 1257 1380 Et
1270 1326 1333 1381 tunc

234 1410 380 1491 primum
403 1408 557 1474 seruntur
581 1411 626 1472 ad
655 1410 810 1484 seminas,
833 1429 921 1492 quae
943 1410 1146 1475 castitatem
1168 1419 1332 1477 voverant:

232 1505 324 1587 apud
341 1505 405 1569 has
423 1504 651 1586 explorantur
665 1503 776 1586 qualis
790 1504 943 1586 maligna
957 1504 1094 1569 illorum
1110 1509 1334 1588 concupiscen-

232 1602 283 1665 tia
303 1612 369 1673 est,
390 1612 532 1682 propter
553 1619 691 1664 causam
714 1620 759 1663 ne
776 1598 972 1680 judicentur
993 1601 1059 1663 nisi
1082 1599 1250 1666 convicti:
1274 1616 1334 1665 cun

232 1695 367 1760 illarum
383 1697 583 1759 castitatem
597 1696 762 1765 sentiunt.
779 1694 879 1758 dolus
896 1694 1032 1758 illorum
1049 1695 1170 1778 incipit
1186 1717 1292 1778 agere,
1305 1715 1334 1759 ac

232 1790 343 1855 moliri
372 1811 451 1855 suos
480 1802 597 1867 astus;
630 1790 692 1853 sed
721 1791 800 1871 quia
832 1790 1014 1863 incassum,
1037 1791 1083 1853 ab
1115 1791 1184 1855 illis
1215 1793 1352 1857 abeunt·

232 1886 360 1951 Postea
391 1885 654 1950 introducuntur
681 1885 725 1948 ad
755 1885 898 1948 seminas
924 1886 1096 1967 genuinae
1125 1887 1335 1953 innocentiae.

235 1979 311 2044 Has
330 2001 408 2044 cum
424 1981 584 2044 similiter
601 1981 760 2060 decipere
778 1990 957 2055 conantur,
969 2000 1016 2045 ex
1033 1980 1119 2045 data
1137 1981 1270 2047 seminis
1284 1980 1336 2046 illis

232 2077 401 2158 potentia,
425 2076 577 2156 graviter
599 2073 826 2153 mulctantur3
853 2075 1001 2138 inserunt
1023 2077 1116 2138 enim
1140 2076 1292 2141 manibus
1310 2084 1337 2139 et

231 2171 376 2253 pedibus
404 2171 540 2234 illorum
569 2170 791 2252 gravedinem
822 2170 981 2251 stuporis,
1005 2172 1138 2252 pariter
1169 2172 1338 2236 cervicibus

231 2264 378 2339 illorum,
403 2275 438 2330 et
469 2267 606 2328 demum
629 2265 757 2328 faciunt
784 2264 863 2328 illos
884 2266 1012 2329 sentire
1035 2267 1124 2330 sicut
1148 2267 1338 2351 deliquium

232 2381 320 2443 quae
339 2361 419 2423 dum
440 2361 532 2441 passi
550 2371 642 2434 sunt,
662 2381 698 2422 se
717 2361 761 2423 ab
779 2359 846 2423 illis
864 2361 1020 2443 eripiunt.
1066 2360 1151 2424 Post
1170 2363 1256 2426 haec
1273 2380 1340 2444 ape·

227 2457 315 2518 ‘ritur
333 2455 400 2518 illis
418 2457 474 2518 via
491 2456 534 2518 ad
551 2456 724 2538 quandam
743 2449 917 2519 catervam
937 2455 1167 2531 meretricum,
1182 2478 1269 2539 quae
1283 2454 1341 2520 cal·

231 2549 300 2613 lide
314 2552 450 2614 mentiri
466 2552 698 2614 innocentiam
711 2550 904 2614 didicerant
918 2572 926 2628 ;
950 2560 985 2613 et
1001 2549 1066 2613 hae
1083 2552 1230 2631 primum
1246 2570 1341 2633 expo·

231 2656 318 2709 nunt
337 2646 415 2709 illos
433 2647 511 2708 risui
530 2647 619 2709 inter
638 2666 687 2715 se,
707 2656 743 2709 et
763 2646 899 2709 demum
919 2655 998 2726 post
1017 2647 1129 2709 varias
1149 2649 1341 2730 sponsiones

232 2742 410 2822 patiuntur
428 2761 464 2803 se
484 2741 613 2803 violari.
660 2740 741 2804 Post
761 2740 850 2803 tales
868 2741 998 2822 aliquot
1017 2761 1140 2804 scenas
1159 2741 1343 2825 supervenit

231 2835 336 2899 tertia
357 2835 528 2917 periodus,
553 2856 639 2917 quae
662 2847 715 2899 est
735 2835 874 2917 judicii;
908 2846 944 2899 et
967 2845 1048 2900 tunc
1071 2836 1223 2902 convicti
1245 2836 1343 2902 subsi-

230 2930 328 3003 dunt,
348 2939 385 2993 et
415 2929 624 3010 colliguntur
653 2930 696 2993 ad
727 2929 856 2993 similes
885 2930 920 2992 in
949 2930 1090 3005 insemo,
1111 2932 1206 3013 quod
1235 2941 1289 2996 est
1316 2932 1342 2994 in

231 3023 336 3106 plaga
360 3026 635 3105 septentrionali,
659 3036 695 3088 et
725 3026 771 3088 ibi
799 3035 968 3106 apparent
997 3047 1016 3089 e
1046 3025 1239 3109 longinquo
1267 3028 1344 3091 sicut

231 3119 409 3184 mustelae.
454 3118 522 3183 Sed
542 3121 570 3183 si
589 3120 671 3183 dolo
689 3121 833 3183 inescati
855 3121 990 3191 suerint,
1006 3119 1051 3183 ab
1068 3120 1135 3184 hoc
1154 3123 1345 3188 deseruntur

230 3215 273 3277 ad
290 3214 457 3277 infernum
473 3214 681 3285 dolosorum,
699 3216 790 3297 quod
807 3223 860 3278 est
879 3216 913 3277 in
933 3216 1036 3298 plaga
1051 3217 1262 3281 occidentali
1277 3238 1345 3300 pro·

229 3309 332 3373 funde
359 3331 379 3373 a
406 3321 526 3391 tergo:
561 3312 594 3372 in
618 3311 683 3373 hoc
714 3331 733 3373 e
764 3310 953 3392 longinquo
975 3321 1144 3393 apparent
1167 3315 1259 3378 sicut
1282 3333 1345 3378 ser·

229 3414 355 3487 pentes
383 3407 466 3468 varii
497 3407 644 3487 generis,
669 3415 704 3468 et
735 3406 913 3469 dolossimi
944 3407 1032 3470 sicut
1053 3407 1215 3489 viperae;
1249 3419 1287 3474 at
1316 3409 1344 3472 in

228 3500 303 3580 ipso
326 3500 468 3572 inferno,
493 3502 525 3562 in
549 3500 641 3582 quod
665 3501 784 3563 datum
806 3511 861 3564 est
885 3502 1062 3582 inspicere,
1082 3502 1145 3565 visi
1167 3505 1252 3569 mihi
1274 3511 1349 3568 sunt

228 3595 316 3658 sicut
332 3594 441 3669 luridi,
456 3595 540 3659 sacie
553 3595 719 3673 calcaria;
743 3607 779 3659 et
795 3597 873 3677 quia
889 3608 968 3660 sunt
981 3616 1094 3660 merae
1107 3601 1350 3682 concupiscen-

229 3691 310 3764 tiae,
330 3710 400 3753 non
420 3700 538 3754 amant
559 3689 671 3772 loqui;
699 3703 735 3754 et
754 3692 782 3754 si
801 3692 997 3773 loquuntur,
1017 3692 1128 3755 solum
1147 3695 1299 3758 mutiunt
1317 3703 1355 3758 et

229 3796 441 3849 murmurant
464 3786 568 3860 varia,
593 3806 680 3868 quae
704 3806 773 3849 non
796 3787 841 3849 ab
863 3786 937 3849 aliis
960 3806 1061 3870 quam
1091 3807 1111 3851 a
1138 3791 1312 3855 consociis
1333 3811 1355 3854 a

228 3878 338 3943 latere
352 3879 615 3962 intelliguntur;
638 3881 699 3944 sed
719 3900 802 3944 mox
822 3890 860 3944 ut
879 3883 1002 3946 sedent
1020 3892 1080 3946 aut
1098 3892 1204 3958 stant,
1221 3885 1353 3950 faciunt

229 3992 267 4037 se
291 3970 569 4057 ¹¹¹inconspieuos,
590 3986 626 4038 et
649 3976 682 4038 in
706 3996 853 4040 caverna
872 3976 1149 4042 circumvolitant
1171 3980 1262 4045 sicut
1285 3980 1351 4045 lar·

227 4087 312 4146 vae;
343 4080 425 4134 tunc
448 4071 540 4133 enim
563 4072 596 4133 in
620 4072 803 4152 phantasia
824 4081 916 4148 sunt,
940 4083 976 4137 et
999 4073 1182 4154 phantasia
1206 4086 1351 4158 apparet

227 4163 355 4227 volare.
400 4166 482 4229 Post
500 4166 655 4230 volatum
674 4187 711 4229 se
733 4178 925 4248 reponunt;
949 4178 984 4232 et
1004 4178 1097 4246 tunc,
1117 4171 1209 4253 quod
1229 4173 1350 4235 mirum

227 4269 293 4329 est,
314 4279 382 4322 non
405 4264 587 4341 cognoscit
610 4282 695 4324 unus
718 4262 885 4342 alterum;
919 4264 984 4327 hoc
1008 4264 1087 4328 inde
1119 4277 1183 4340 est,
1208 4268 1287 4349 quia
1316 4268 1349 4328 in

229 4354 311 4417 dolo
334 4366 424 4432 sunt,
444 4377 483 4420 ac
511 4358 610 4421 dolus
630 4378 698 4421 non
718 4359 826 4423 credit
846 4359 956 4437 alteri,
977 4370 1013 4424 et
1036 4363 1082 4426 sic
1106 4362 1279 4426 subtrahit
1302 4382 1348 4424 se.
