2782 5026
395 119 448 168 DE
471 117 604 169 AMORE
627 116 945 183 comitemur-N.
970 120 1037 186 103.
1237 120 1275 188 91

123 312 165 356 a
186 289 350 354 Domino
383 288 419 353 in
441 286 625 364 hominem,
645 288 754 354 influit
776 290 811 353 in
834 289 991 354 intimum
1011 287 1093 371 ejus,
1114 289 1205 373 quod
1225 301 1280 354 est

123 388 274 462 anima,
295 394 334 448 et
361 385 544 449 descendit
564 385 643 447 inde
667 385 700 448 in
720 387 868 449 medium
888 385 969 467 ejus,
990 386 1081 468 quod
1101 395 1153 449 est
1169 406 1279 459 mens,

123 492 180 546 et
203 480 382 565 perhanc
402 481 437 543 in
456 479 614 544 ultimum
633 479 715 562 ejus,
733 481 824 562 quod
843 491 897 544 est
917 500 1049 564 corpus.
1095 482 1150 545 Ita
1168 482 1278 547 influit

126 575 358 657 conjugium
378 575 459 639 boni
478 584 514 639 et
533 576 603 640 veri
622 596 642 638 a
662 574 812 639 Domino
830 577 920 658 apud
939 576 1134 655 hominem;
1158 579 1279 642 imme-

125 672 246 736 diate
271 671 308 734 in
330 671 483 734 animam
501 670 583 752 ejus,
604 679 639 734 et
663 671 741 734 inde
761 672 874 754 pergit
894 672 937 734 ad
957 674 1146 755 sequentia,
1167 681 1202 736 et
1219 694 1280 755 per

126 767 237 830 haec
258 766 305 828 ad
324 775 507 842 extrema;
530 774 567 829 et
585 765 633 827 sic
653 763 861 846 conjundtim
879 766 1008 830 iaciunt
1025 786 1176 830 amorem
1196 787 1279 830 con·

120 861 330 944 jugialem.
376 860 432 924 Ex
456 861 534 924 idea
553 859 649 941 hujus
668 861 814 923 influxus
833 871 942 943 patet,
963 862 1053 943 quod
1073 862 1140 924 duo
1160 862 1279 942 conju·

131 976 215 1039 ges
236 957 310 1019 sint
329 955 390 1019 illa
411 953 521 1019 forma
542 956 577 1018 in
600 956 735 1037 intimis,
749 957 828 1033 suis,
849 965 885 1020 et
904 956 983 1020 inde
1007 956 1279 1040 insequentibus

130 1051 301 1117 exiliis.

216 1158 318 1210 lon.
349 1143 451 1227 Quod
481 1155 599 1208 autem
628 1143 793 1227 conjuges
826 1144 910 1209 fiant
948 1144 1008 1209 illa
1044 1145 1164 1220 forma,
1193 1146 1279 1209 sicut

132 1241 323 1305 interiora
342 1241 467 1303 mentis
486 1240 622 1304 illorum
645 1250 767 1323 aperta
789 1249 881 1316 sunt,
902 1251 956 1304 est
980 1241 1058 1322 quia
1081 1259 1178 1303 mens
1201 1261 1278 1304 suc·

138 1336 291 1400 cessive
314 1335 359 1398 ab
387 1334 531 1398 infantia
554 1355 659 1417 usque
688 1335 732 1398 ad
765 1354 877 1398 seram
907 1333 1082 1399 senectam
1109 1336 1278 1418 aperitur;

135 1431 263 1496 homo
292 1430 384 1494 enim
415 1431 567 1494 nascitur
595 1450 791 1513 corporeus,
815 1441 852 1495 et
884 1432 973 1495 sicut
1001 1451 1099 1494 mens
1129 1432 1280 1514 aperitur

139 1527 318 1609 proxime
347 1545 449 1609 supra
479 1544 613 1607 corpus,
637 1523 675 1588 fit
699 1525 899 1602 rationalis;
933 1535 969 1589 et
998 1527 1087 1589 sicut
1109 1525 1279 1589 rationale

139 1621 221 1685 lroc
242 1619 440 1703 purificatur
459 1629 496 1683 et
518 1621 614 1702 quasi
630 1621 835 1685 decantatur
857 1641 877 1683 a
900 1619 1055 1695 fallaciis,
1076 1641 1163 1703 quae
1181 1620 1279 1684 influ-

143 1726 218 1780 unt
234 1736 255 1779 a
274 1715 431 1777 sensibus
446 1715 610 1795 corporis,
627 1725 663 1778 et
682 1736 704 1777 a
719 1716 1018 1797 concupiscentiis,
1033 1736 1119 1796 quae
1136 1715 1279 1777 influunt

144 1832 202 1874 ex
214 1809 388 1875 illecebris
401 1810 533 1886 carnis;
556 1811 606 1873 ita
621 1810 791 1874 rationale
809 1812 972 1892 aperitur,
985 1821 1021 1873 et
1041 1810 1105 1873 hoc
1123 1809 1161 1873 fit
1181 1811 1279 1874 unice

147 1926 218 1989 per
235 1905 464 1987 sapientiam
488 1913 617 1968 etcum
636 1906 799 1969 interiora
817 1906 942 1968 mentis
960 1905 1138 1969 rationalis
1158 1916 1280 1986 aperta

151 2009 249 2071 sunt,
268 2010 349 2062 tunc
370 1997 408 2061 fit
428 1999 533 2063 homo
548 1999 656 2063 forma
672 2000 872 2082 sapientiae,
889 2008 926 2063 et
944 1999 1029 2064 haec
1049 2009 1104 2064 est
1122 2009 1279 2082 recepta·

153 2094 271 2158 culum
294 2095 421 2157 amoris
444 2091 549 2158 [lvere
572 2093 784 2176 coniugialis.

220 2188 421 2271 *Sapientia
454 2210 541 2272 quae
570 2189 652 2254 facit
679 2189 768 2252 hanc
797 2190 952 2264 sormam,
976 2200 1013 2253 et
1040 2190 1161 2272 recipit
1189 2190 1279 2253 hunc

156 2304 323 2360 amorem,
344 2295 399 2349 est
423 2286 594 2368 sapientia
612 2284 790 2348 rationalis
812 2294 848 2347 et
872 2286 972 2348 simul
996 2286 1157 2363 moralis;
1189 2286 1279 2367 sapi·

159 2381 254 2445 entia
276 2381 457 2445 rationalis
484 2378 620 2463 spectat
650 2401 730 2444 vera
760 2389 796 2443 et
827 2380 928 2456 bona,
952 2402 1040 2463 quae
1071 2382 1212 2444 interius
1244 2382 1278 2443 in

159 2475 297 2562 homine
314 2484 493 2558 apparent,
513 2496 580 2539 non
598 2485 635 2539 ut
654 2496 725 2551 sua,
737 2476 798 2538 sed
816 2476 992 2540 influentia
1010 2498 1030 2539 a
1047 2477 1219 2555 Domin0;
1243 2487 1279 2541 et

163 2571 329 2652 sapientia
349 2569 486 2635 moralis
509 2570 596 2652 sugit
615 2571 707 2634 mala
725 2580 761 2634 et
781 2570 876 2644 salsa,
894 2581 931 2634 ut
955 2571 1087 2654 lepras;
1115 2573 1280 2655 imprimis

165 2663 300 2743 lasciva,
318 2686 405 2748 quae
421 2685 574 2730 amorem
590 2685 687 2730 suum
704 2665 933 2748 conjugialem
950 2668 1214 2733 contaminant*

164 2896 258 2964 1⁰3.
282 2881 347 2946 His
366 2881 522 2965 adjiciam
538 2882 607 2946 duo
626 2882 874 2947 Memorabilia.
919 2882 1067 2948 Primum
1087 2883 1152 2947 hoc
1165 2906 1218 2950 2-

213 3015 354 3088 Quodam
374 3032 461 3071 mane
480 3026 550 3073 aute
570 3027 669 3072 ortum
692 3017 774 3080 solis,
794 3017 933 3089 prospexi
955 3034 1059 3072 versus
1080 3019 1227 3073 orientem
1251 3018 1280 3072 in

167 3096 274 3151 mundo
291 3095 449 3166 spirituali,
462 3105 494 3150 et
511 3096 574 3151 vidi
593 3108 723 3168 quatuor
740 3099 856 3168 equites
875 3097 954 3152 sicut
972 3097 1128 3152 evolantes
1145 3114 1182 3152 ex
1202 3099 1281 3152 nube

166 3174 294 3246 fulgente
313 3190 352 3230 ex
372 3174 493 3230 flamma
510 3190 651 3239 aurorae:
675 3192 766 3247 super
783 3177 919 3247 equitum
941 3177 1090 3247 capitibus
1109 3177 1191 3231 visae
1210 3187 1281 3231 sunt

166 3255 290 3312 cassides
304 3255 461 3326 crispatae,
474 3271 565 3326 super
576 3256 704 3311 brachiis
716 3257 795 3311 sicut
807 3256 879 3318 alae,
893 3265 924 3311 et
936 3257 1048 3310 circum
1061 3273 1187 3327 corpora
1201 3257 1282 3311 leves

167 3334 279 3390 tunicae
291 3334 402 3390 coloris
415 3336 559 3391 aurantii:
577 3336 620 3391 sic
632 3336 734 3391 vestiti
748 3347 782 3391 ut
796 3337 923 3397 veloces,
934 3337 1128 3407 insurgebant
1140 3347 1171 3391 et
1184 3336 1281 3390 inten-

168 3411 271 3468 debant
284 3415 349 3469 lora
363 3431 453 3484 super
464 3415 544 3485 jubis
556 3432 711 3488 equorum,
723 3416 772 3486 qui
789 3416 832 3470 sic
845 3417 1040 3471 excurrebant
1053 3417 1130 3471 sicut
1140 3416 1281 3485 alipedes.

170 3488 313 3564 Sequebar
325 3494 392 3548 visu
405 3510 525 3549 cursum
540 3511 593 3551 seu
606 3495 742 3550 volatum
759 3495 877 3550 iliorum
891 3507 993 3550 mente
1006 3495 1207 3566 cognoscendi
1221 3510 1281 3565 quo

170 3584 335 3643 pergerent3
354 3583 386 3629 et
400 3589 471 3629 ecce
486 3585 548 3630 tres
562 3575 678 3645 equites
694 3574 887 3629 effunderunt
902 3591 934 3629 se
950 3576 980 3630 in
996 3586 1058 3630 tres
1071 3576 1182 3645 plagas,
1195 3573 1282 3628 meri-

170 3649 249 3716 diem,
264 3653 464 3716 occidentem,
479 3663 511 3709 et
529 3655 774 3725 septentrionem,
789 3663 821 3708 et
839 3667 962 3725 quartus
982 3655 1011 3709 in
1031 3655 1130 3725 spatio
1148 3653 1231 3708 brevi
1252 3653 1282 3707 in

171 3731 274 3788 oriente
286 3732 436 3788 substitit.

216 3810 298 3868 llaec
316 3812 486 3867 admiratus
503 3812 621 3882 suspexi
642 3812 673 3867 in
692 3812 816 3875 caelum.
835 3821 867 3868 et
884 3812 1027 3884 quaesivi,
1043 3827 1104 3882 quo
1123 3820 1282 3881 pergerent

171 3890 274 3960 equites
288 3891 347 3956 illi;
366 3900 399 3945 et
411 3906 586 3961 responsum
599 3892 664 3955 tuli,
675 3899 691 3922 ⁴⁴
699 3893 749 3949 Ad
761 3893 911 3964 sapientes
924 3893 953 3946 in
967 3892 1066 3963 regnis
1077 3891 1221 3961 Europae,
1231 3890 1282 3961 qui

195 4089 210 4126 ⁸
224 4093 303 4144 Nora
318 4094 535 4142 ramosa-nb
545 4093 653 4143 nudare
662 4095 702 4143 hie
712 4095 877 4157 paragraphus
887 4095 959 4156 signis
969 4093 1086 4142 erutonis
1097 4092 1202 4140 inclusus
1212 4100 1256 4142 est
