2850 5026
227 452 292 502 210
573 451 755 502 DELlClAE
778 451 1006 503 SAPIENTIAE

226 619 360 689 sapiens:
378 635 413 674 ac
427 619 470 673 ita
481 635 623 689 apparere
636 619 725 674 discit
739 621 777 675 ab
791 619 932 683 infantia:
950 637 1028 692 quae
1040 637 1131 677 cansa
1142 632 1199 683 est,
1213 623 1293 693 quod
1310 633 1341 677 ut

225 700 354 770 primum
368 699 447 753 inter
460 699 598 753 homines
612 716 664 754 seu
681 699 711 753 in
727 709 833 755 coetus
845 700 938 762 venit,
951 700 1081 755 invertat
1096 701 1238 771 spiritum
1250 719 1340 763 suum.

224 793 260 833 ac
273 788 426 832 removeat
445 778 528 832 illurn
544 794 562 832 a
575 778 827 848 concupiscentia,
840 789 872 833 et
886 795 924 834 ex
939 779 1056 834 decoris
1067 790 1101 835 et
1112 781 1260 843 honestis,
1271 796 1342 852 quae

224 874 261 913 ex
274 857 399 912 infantia
411 857 525 920 didicit,
539 868 570 913 et
583 859 613 912 in
630 859 776 913 memoria
790 859 924 929 corporis
937 860 1056 922 retinet,
1066 861 1208 930 loquatur
1219 871 1257 916 et
1269 875 1341 932 agat,

223 949 255 993 et
269 955 359 1009 quarn
379 939 506 993 maxime
524 950 638 1000 caveat,
655 956 693 994 ne
708 940 821 1010 aliquid
840 956 878 994 ex
896 941 1158 1010 concupiscentiae
1172 942 1341 1004 vmniain

224 1028 341 1088 quaest
356 1019 421 1088 ejus
437 1018 567 1088 spiritus.
581 1029 709 1073 emanet.
747 1018 822 1074 Inde
836 1029 884 1074 est
898 1020 998 1074 omnis
1010 1020 1110 1082 homo,
1123 1019 1175 1090 qui
1191 1037 1253 1075 non
1270 1021 1343 1076 inte·

224 1097 284 1152 rius
297 1113 315 1151 a
329 1096 461 1151 Domino
473 1098 600 1159 ducitur,
613 1097 807 1160 1¹1simulaton
816 1099 1010 1169 sycophanta.
1019 1099 1184 1170 hypocrita.
1194 1111 1226 1154 et
1239 1100 1283 1155 sic
1294 1117 1343 1171 ap·

224 1192 329 1246 parens
338 1176 437 1238 homo.
445 1187 475 1230 et
483 1186 584 1231 tamen
594 1192 653 1230 non
663 1176 770 1239 homo;
783 1179 890 1247 dequo
899 1188 999 1247 potest
1007 1178 1163 1248 dici,quod
1171 1179 1343 1249 ejuscrustu

223 1271 276 1313 seu
289 1271 398 1326 corpus
413 1257 517 1326 sapiat.
530 1273 565 1311 ac
580 1257 646 1326 ejus
661 1257 786 1311 nucleus
804 1272 857 1311 seu
876 1256 999 1327 spiritus
1018 1257 1165 1320 insaniat;
1182 1268 1249 1313 tum
1264 1259 1342 1329 quod

223 1344 380 1389 externum
398 1335 463 1405 ejus
482 1336 521 1390 sit
540 1335 704 1389 humanum
723 1352 759 1390 ae
776 1335 927 1390 internum
946 1336 1090 1398 lerinum3
1109 1337 1186 1392 tales
1204 1338 1344 1408 occipitio

223 1412 359 1484 spetiant
371 1431 499 1476 sursum,
509 1424 540 1469 et
554 1414 742 1485 frontispicio
755 1416 913 1477 deorsum:
933 1415 975 1470 ita
987 1416 1142 1470 ambulant
1152 1417 1231 1471 sicut
1243 1433 1343 1487 grave·

222 1494 293 1547 dine
307 1494 430 1555 obsessi,
443 1493 540 1564 capite
556 1494 715 1564 pendente,
728 1510 797 1548 cum
810 1495 895 1549 vultu
910 1510 1006 1565 prono
1019 1496 1056 1549 ad
1070 1505 1196 1550 terram:
1215 1496 1258 1549 illi
1268 1496 1342 1551 dum

222 1582 336 1627 exuunt
351 1588 467 1644 corpus,
483 1583 514 1627 et
530 1572 606 1627 liunt
621 1573 752 1643 spiritus.
765 1584 796 1628 et
815 1584 888 1628 tunc
904 1574 1166 1637 manumittuntur,
1183 1574 1260 1629 fiunt
1275 1591 1343 1629 suae

222 1651 483 1721 concupiscentiae
501 1653 656 1714 vesaniae:
676 1669 744 1706 nam
761 1653 802 1706 illi
818 1654 869 1723 qui
889 1652 918 1707 in
938 1669 1040 1708 amore
1058 1654 1104 1708 sui
1123 1663 1202 1714 sunt.
1219 1654 1343 1723 cupiunt

222 1731 370 1785 dominari
392 1746 482 1802 super
503 1732 684 1793 universum,
704 1731 797 1786 immo
818 1733 982 1786 extendere
1003 1733 1068 1802 ejus
1086 1733 1199 1788 limites
1219 1733 1289 1788 illuc
1306 1734 1341 1789 ad

222 1809 463 1880 amplificandum
473 1811 657 1873 dominium:
677 1827 822 1881 nusquam
833 1812 938 1865 vident
948 1811 1047 1866 finem.
1084 1811 1130 1866 llli
1140 1813 1191 1882 qui
1203 1812 1234 1865 in
1243 1828 1342 1867 amore

222 1890 326 1943 mundi
342 1900 421 1951 sunt,
435 1890 561 1960 cupiunt
576 1891 730 1960 possidere
745 1890 847 1944 omnia
861 1891 936 1960 ejus.
950 1907 986 1945 ac
1001 1891 1106 1946 dolent
1120 1902 1151 1946 et
1166 1891 1305 1947 invident
1318 1891 1341 1948 si

221 1967 312 2039 aliqui
333 1969 466 2024 thesauri
481 1971 561 2039 apud
576 1970 694 2039 aliquos
713 1970 808 2023 latent
823 1970 987 2032 reconditi;
1005 1986 1096 2040 quare
1110 1971 1188 2025 tales
1206 1987 1245 2026 ne
1265 1986 1341 2026 mere

221 2048 483 2118 concupiscentiae
496 2048 577 2109 fiant.
591 2059 622 2102 et
635 2049 678 2103 sic
694 2065 753 2103 non
770 2048 916 2110 homines,
931 2049 1020 2103 datur
1033 2048 1090 2104 illis
1107 2048 1136 2102 in
1154 2051 1271 2105 mundo
1285 2050 1341 2120 spi·

221 2128 320 2181 rituali
334 2128 467 2198 cogitare
482 2144 520 2182 ex
535 2129 644 2182 timore
657 2127 791 2198 jacturae
807 2127 911 2190 lamae,
925 2137 956 2182 et
971 2128 1014 2183 sic
1029 2128 1154 2183 honoris
1166 2139 1199 2183 et
1212 2129 1296 2191 lucri,
1309 2141 1340 2183 ut

220 2217 301 2261 etex
313 2207 423 2262 timore
435 2208 510 2278 legis
523 2218 553 2262 et
566 2209 631 2278 ejus
648 2223 771 2277 poenae,
784 2218 816 2263 et
828 2223 949 2279 quoque
967 2208 1056 2262 datur
1071 2208 1247 2278 impendere
1262 2225 1340 2265 men·

220 2299 281 2340 tem
303 2287 331 2339 in
347 2287 470 2357 aliquod
486 2288 618 2342 studium
639 2303 692 2342 seu
708 2302 792 2357 opus,
806 2303 859 2357 per
872 2301 949 2357 quae
964 2297 1106 2342 tenentur
1119 2287 1149 2341 in
1165 2289 1298 2343 extemis
1311 2300 1341 2343 et

220 2367 263 2420 sic
277 2366 305 2419 in
319 2377 400 2420 statu
415 2367 639 2437 intelligentiae.
652 2376 806 2436 utcunque
820 2366 944 2420 interius
956 2367 1086 2421 delirant
1098 2376 1130 2420 et
1143 2367 1323 2423 insaniunt.’'

275 2445 349 2500 Post
365 2446 438 2500 haec
453 2446 594 2515 quaesivi,
611 2462 682 2498 num
702 2461 807 2501 omnes
826 2445 868 2500 illi
883 2445 934 2517 qui
954 2445 984 2500 in
1003 2447 1249 2515 concupiscentia
1264 2458 1338 2508 sunt.

220 2525 310 2579 etiam
325 2525 354 2578 in
368 2525 433 2595 ejus
446 2524 603 2594 phantasia
616 2525 685 2578 sint.

275 2603 509 2673 Respondebam
525 2605 606 2674 quod
623 2604 664 2657 illi
685 2604 713 2657 in
734 2603 891 2674 phantasia
909 2619 980 2658 suae
995 2604 1258 2675 concupiscentiae
1273 2606 1337 2667 sint.

219 2683 270 2753 qui
285 2683 409 2736 interius
426 2683 455 2735 in
470 2699 502 2737 se
517 2683 660 2753 cogitant.
674 2693 705 2736 et
722 2683 846 2736 nimium
864 2684 1021 2753 indulgent
1036 2700 1108 2738 suae
1124 2685 1338 2755 imaginationi.

220 2763 372 2831 loquendo
380 2777 496 2824 secum:
510 2762 562 2815 “hi
573 2762 651 2816 enim
661 2773 800 2832 separant
808 2762 947 2832 spiritum
956 2779 1044 2816 suum
1054 2779 1148 2833 paene
1158 2779 1176 2818 a
1186 2780 1266 2819 nexu
1273 2781 1338 2819 eum

219 2856 352 2910 corpore,
368 2850 399 2894 et
418 2857 454 2894 ex
473 2841 589 2895 visione
609 2841 756 2895 inundant
776 2841 968 2902 intellectum,
984 2853 1016 2896 et
1034 2841 1114 2896 latue
1133 2841 1289 2898 oblectant
1308 2859 1338 2898 se

219 2920 297 2973 sicut
314 2935 353 2973 ex
372 2920 561 2989 possessione
579 2919 757 2974 universali:
776 2921 805 2974 in
824 2921 883 2975 hoc
901 2921 1038 2974 delirium
1056 2921 1231 2977 immittitur
1250 2923 1339 2977 homo

220 3009 289 3068 post
313 3009 448 3060 mortem.
468 2999 519 3068 qui
542 2998 679 3069 spiritum
702 3015 788 3053 suum
810 3016 828 3053 a
848 3016 974 3070 corpore
995 3001 1147 3062 abstraxit.
1167 3011 1200 3055 et
1221 3018 1282 3057 non
1304 3017 1337 3057 ex

219 3077 328 3131 delicio
350 3077 446 3131 delirii
468 3078 564 3131 voluit
586 3079 741 3139 recedere:
763 3078 925 3149 cogitando
947 3079 1059 3150 aliquid
1080 3096 1118 3134 ex
1139 3080 1285 3152 religione
1303 3081 1338 3135 de
1364 3148 1368 3157 .

220 3157 305 3210 malis
327 3167 357 3210 et
379 3156 469 3218 falsis,
484 3166 515 3210 et
537 3157 661 3211 minime
682 3157 794 3227 aliquid
814 3158 851 3212 de
871 3157 987 3213 effreno
1005 3175 1107 3213 amore
1126 3159 1181 3220 sui.
1200 3161 1284 3230 quod
1301 3161 1337 3215 rit

218 3234 419 3290 destruliivus
432 3237 542 3290 amoris
557 3236 585 3289 in
601 3235 774 3297 Dominum,
787 3253 822 3291 ac
835 3237 872 3291 de
886 3237 1000 3292 effreno
1013 3254 1115 3292 amore
1129 3239 1242 3301 mundi.
1257 3239 1336 3310 quod

217 3315 256 3368 sit
269 3313 469 3370 destrutiivus
481 3316 591 3370 amoris
604 3332 675 3386 erga
688 3316 885 3386 proximum.”

270 3395 363 3451 2⁶8.
390 3393 463 3449 Post
476 3394 549 3450 haec
562 3395 735 3465 supervenit
748 3395 834 3449 binos
847 3396 971 3466 angelos
983 3406 1014 3451 et
1027 3412 1147 3468 quoque
1161 3412 1209 3452 me
1223 3398 1337 3453 deside·

218 3471 294 3525 rium
313 3473 434 3528 videndi
455 3475 529 3535 illos.
546 3474 597 3544 qui
618 3474 647 3527 in
670 3474 913 3544 concupiscentia
931 3475 1092 3530 visionaria
1110 3492 1162 3530 seu
1183 3477 1339 3546 phantasia

217 3553 416 3622 possessionis
435 3553 568 3607 omnium
589 3570 681 3624 opum
701 3570 738 3608 ex
757 3570 858 3609 amore
875 3555 977 3608 mundi
997 3566 1083 3617 sunt:
1102 3566 1132 3609 et
1152 3557 1337 3627 percepimus

216 3631 297 3700 quod
321 3632 503 3686 desiderium
528 3634 600 3686 illud
629 3633 822 3702 inspiraretur
842 3635 881 3688 ob
906 3634 996 3688 finem
1018 3645 1052 3688 ut
1077 3647 1338 3705 cognoscerentur.

220 3710 380 3766 Domicilia
393 3712 512 3766 illorum
526 3724 612 3768 erant
625 3716 680 3768 sub
693 3724 772 3768 terra
786 3715 895 3783 pedum
910 3727 1090 3775 nostrorum,
1103 3726 1134 3769 at
1147 3732 1239 3786 supra
1251 3714 1337 3771 infer·

217 3808 305 3855 num;
325 3808 417 3862 quare
435 3794 606 3863 aspeximus
626 3811 680 3849 nos
700 3805 813 3856 mutuo.
828 3804 859 3849 et
877 3795 1016 3854 diximus.
1034 3803 1049 3824 ¹⁶
1060 3795 1169 3851 Eamus
1179 3796 1203 3858 ;'’
1223 3812 1259 3851 ac
1276 3797 1337 3852 visa

216 3882 263 3927 est
272 3884 420 3943 apertura,
430 3885 461 3927 et
472 3875 511 3927 ibi
522 3875 616 3937 scala;
632 3891 684 3944 per
694 3875 770 3929 hanc
780 3875 1007 3937 descendimus:
1026 3886 1056 3930 et
1066 3875 1180 3930 dilium
1190 3888 1246 3940 est,
1256 3877 1335 3948 quod

217 3953 347 4006 adeundi
362 3954 423 4007 sint
436 3955 474 4008 ab
487 3955 610 4016 oriente.
625 3972 662 4009 ne
676 3956 821 4009 intremus
836 3955 864 4008 in
876 3955 1009 4009 nimbum
1021 3957 1196 4027 phantasiae
1210 3958 1335 4018 illorum,

216 4048 251 4087 ac
265 4033 471 4088 inumbremur
483 4035 584 4105 quoad
602 4033 795 4096 intellecium,
809 4044 840 4089 et
853 4045 926 4090 tunc
939 4037 1028 4090 simul
1044 4037 1144 4106 quoad
1157 4037 1267 4094 visum.

271 4112 309 4168 Et
327 4130 397 4168 ecce
412 4114 476 4168 visa
491 4125 537 4168 est
555 4115 663 4168 domus
682 4114 795 4169 strudia
813 4131 850 4169 ex
869 4116 999 4178 calamis,
1016 4116 1058 4170 sic
1074 4117 1191 4179 rimosa.
1205 4129 1290 4174 stans
1307 4117 1335 4171 in

216 4192 327 4255 nimbo,
341 4194 392 4264 qui
405 4194 483 4248 sicut
496 4193 597 4248 fumus
611 4195 756 4249 continue
769 4194 883 4249 effluxit
902 4212 955 4266 per
968 4196 1058 4251 rimas
1073 4198 1163 4250 trium
1180 4198 1335 4267 parietum.

218 4270 410 4336 intravimus,
423 4284 455 4328 et
467 4274 522 4328 visi
536 4285 606 4329 sunt
616 4274 833 4346 quinquaginta
846 4275 894 4329 hic
906 4287 937 4330 et
947 4276 1165 4347 quinquaginta
1178 4279 1218 4332 ibi
1232 4279 1335 4333 seden-

215 4361 262 4406 tes
274 4370 363 4422 super
377 4355 514 4415 scamnis,
527 4364 558 4408 et
573 4355 667 4408 aversi
684 4355 721 4408 ab
736 4356 851 4410 oriente
867 4366 897 4410 et
917 4357 1041 4411 meridie
1061 4358 1284 4427 prospiciebant
1298 4357 1333 4412 ad

215 4433 403 4488 occidentem
416 4445 447 4489 et
460 4435 712 4506 septentrionem
730 4446 800 4490 ante
815 4437 980 4507 quemlibet
995 4447 1058 4492 erat
1074 4454 1185 4501 mensa.
1201 4450 1233 4494 et
1248 4453 1335 4511 super

550 4676 721 4738 Α
