<?xml version="1.0" encoding="UTF-8"?>
<!DOCTYPE html PUBLIC "-//W3C//DTD XHTML 1.0 Transitional//EN"
    "http://www.w3.org/TR/xhtml1/DTD/xhtml1-transitional.dtd">
<html xmlns="http://www.w3.org/1999/xhtml" xml:lang="en" lang="en">
 <head>
  <title>
</title>
<meta http-equiv="Content-Type" content="text/html;charset=utf-8" />
  <meta name='ocr-system' content='tesseract 3.04.00' />
  <meta name='ocr-capabilities' content='ocr_page ocr_carea ocr_par ocr_line ocrx_word'/>
</head>
<body>
  <div class='ocr_page' id='page_1' title='image "./deliciaesapient00swedgoog_0276.png"; bbox 0 0 2782 5026; ppageno 0'>
   <div class='ocr_carea' id='block_1_1' title="bbox 396 101 1274 184">
    <p class='ocr_par' dir='ltr' id='par_1_1' title="bbox 396 101 1274 184">
     <span class='ocr_line' id='line_1_1' title="bbox 396 101 1274 184; baseline -0.003 -16"><span class='ocrx_word' id='word_1_1' title='bbox 396 116 447 168; x_wconf 80' lang='lat' dir='ltr'>ns</span> <span class='ocrx_word' id='word_1_2' title='bbox 468 116 605 168; x_wconf 75' lang='lat' dir='ltr'>suone</span> <span class='ocrx_word' id='word_1_3' title='bbox 627 115 947 182; x_wconf 62' lang='lat' dir='ltr'>comumnes-u.</span> <span class='ocrx_word' id='word_1_4' title='bbox 969 101 1040 183; x_wconf 85' lang='lat'><strong>336.</strong></span> <span class='ocrx_word' id='word_1_5' title='bbox 1211 102 1274 184; x_wconf 88' lang='lat'>267</span> 
     </span>
    </p>
   </div>
   <div class='ocr_carea' id='block_1_2' title="bbox 124 286 1277 3685">
    <p class='ocr_par' dir='ltr' id='par_1_2' title="bbox 142 286 1275 468">
     <span class='ocr_line' id='line_1_2' title="bbox 142 286 1275 372; baseline 0 -20"><span class='ocrx_word' id='word_1_6' title='bbox 142 288 281 372; x_wconf 83' lang='lat' dir='ltr'>gialem</span> <span class='ocrx_word' id='word_1_7' title='bbox 307 289 376 352; x_wconf 92' lang='lat' dir='ltr'>duo</span> <span class='ocrx_word' id='word_1_8' title='bbox 398 297 580 352; x_wconf 83' lang='lat' dir='ltr'><strong>consortes</strong></span> <span class='ocrx_word' id='word_1_9' title='bbox 603 287 686 352; x_wconf 87' lang='lat' dir='ltr'>fiant</span> <span class='ocrx_word' id='word_1_10' title='bbox 708 310 775 352; x_wconf 91' lang='lat' dir='ltr'>una</span> <span class='ocrx_word' id='word_1_11' title='bbox 797 308 888 364; x_wconf 87' lang='lat' dir='ltr'>caro,</span> <span class='ocrx_word' id='word_1_12' title='bbox 912 287 947 351; x_wconf 92' lang='lat' dir='ltr'>in</span> <span class='ocrx_word' id='word_1_13' title='bbox 974 286 1137 370; x_wconf 83' lang='lat' dir='ltr'>peculiari</span> <span class='ocrx_word' id='word_1_14' title='bbox 1160 287 1275 371; x_wconf 84' lang='lat' dir='ltr'>capite</span> 
     </span>
     <span class='ocr_line' id='line_1_3' title="bbox 146 383 938 468; baseline -0.004 -19"><span class='ocrx_word' id='word_1_15' title='bbox 146 384 261 468; x_wconf 87' lang='lat' dir='ltr'>(quod</span> <span class='ocrx_word' id='word_1_16' title='bbox 280 394 336 448; x_wconf 91' lang='lat' dir='ltr'>est</span> <span class='ocrx_word' id='word_1_17' title='bbox 355 405 376 447; x_wconf 89' lang='lat' dir='ltr'>a</span> <span class='ocrx_word' id='word_1_18' title='bbox 391 404 422 447; x_wconf 95' lang='lat' dir='ltr'>n.</span> <span class='ocrx_word' id='word_1_19' title='bbox 447 385 505 465; x_wconf 83' lang='lat'>156</span> <span class='ocrx_word' id='word_1_20' title='bbox 519 385 563 447; x_wconf 89' lang='lat' dir='ltr'>ad</span> <span class='ocrx_word' id='word_1_21' title='bbox 581 383 653 465; x_wconf 85' lang='lat'>183)</span> <span class='ocrx_word' id='word_1_22' title='bbox 674 394 853 447; x_wconf 87' lang='lat' dir='ltr'>ostensum</span> <span class='ocrx_word' id='word_1_23' title='bbox 872 393 938 448; x_wconf 92' lang='lat' dir='ltr'>est.</span> 
     </span>
    </p>

    <p class='ocr_par' dir='ltr' id='par_1_3' title="bbox 124 477 1277 2837">
     <span class='ocr_line' id='line_1_4' title="bbox 212 477 1277 563; baseline 0.001 -23"><span class='ocrx_word' id='word_1_24' title='bbox 212 494 314 563; x_wconf 75' lang='lat'>335.</span> <span class='ocrx_word' id='word_1_25' title='bbox 340 479 403 562; x_wconf 90' lang='lat' dir='ltr'>(ii.)</span> <span class='ocrx_word' id='word_1_26' title='bbox 430 477 527 557; x_wconf 79' lang='lat' dir='ltr'>Quod</span> <span class='ocrx_word' id='word_1_27' title='bbox 540 479 589 542; x_wconf 85' lang='lat' dir='ltr'>sic</span> <span class='ocrx_word' id='word_1_28' title='bbox 606 479 677 541; x_wconf 86' lang='lat' dir='ltr'>m&#39;si</span> <span class='ocrx_word' id='word_1_29' title='bbox 688 500 760 541; x_wconf 88' lang='lat' dir='ltr'>cum</span> <span class='ocrx_word' id='word_1_30' title='bbox 776 500 842 542; x_wconf 87' lang='lat' dir='ltr'>una</span> <span class='ocrx_word' id='word_1_31' title='bbox 858 500 961 541; x_wconf 82' lang='lat' dir='ltr'>uxore</span> <span class='ocrx_word' id='word_1_32' title='bbox 978 498 1041 540; x_wconf 86' lang='lat' dir='ltr'>non</span> <span class='ocrx_word' id='word_1_33' title='bbox 1060 477 1143 541; x_wconf 82' lang='lat' dir='ltr'>dari</span> <span class='ocrx_word' id='word_1_34' title='bbox 1154 487 1277 560; x_wconf 81' lang='lat' dir='ltr'><em>queant</em></span> 
     </span>
     <span class='ocr_line' id='line_1_5' title="bbox 138 574 1275 658; baseline 0 -21"><span class='ocrx_word' id='word_1_35' title='bbox 138 574 372 638; x_wconf 75' lang='lat' dir='ltr'><em>beatitudines</em></span> <span class='ocrx_word' id='word_1_36' title='bbox 388 574 551 649; x_wconf 82' lang='lat' dir='ltr'>caelestes,</span> <span class='ocrx_word' id='word_1_37' title='bbox 560 575 764 654; x_wconf 82' lang='lat' dir='ltr'>saustr&#39;tates</span> <span class='ocrx_word' id='word_1_38' title='bbox 780 574 988 655; x_wconf 81' lang='lat' dir='ltr'><em>spirituales,</em></span> <span class='ocrx_word' id='word_1_39' title='bbox 1005 584 1037 636; x_wconf 83' lang='lat' dir='ltr'>et</span> <span class='ocrx_word' id='word_1_40' title='bbox 1043 575 1275 658; x_wconf 82' lang='lat' dir='ltr'><em>jucunditates</em></span> 
     </span>
     <span class='ocr_line' id='line_1_6' title="bbox 137 668 1277 760; baseline -0.001 -29"><span class='ocrx_word' id='word_1_41' title='bbox 137 669 338 743; x_wconf 78' lang='lat' dir='ltr'><em>naturales,</em></span> <span class='ocrx_word' id='word_1_42' title='bbox 362 690 446 751; x_wconf 85' lang='lat' dir='ltr'>quae</span> <span class='ocrx_word' id='word_1_43' title='bbox 467 668 509 733; x_wconf 86' lang='lat' dir='ltr'>ab</span> <span class='ocrx_word' id='word_1_44' title='bbox 532 669 627 760; x_wconf 64' lang='lat' dir='ltr'>ciritio</span> <span class='ocrx_word' id='word_1_45' title='bbox 645 670 807 750; x_wconf 79' lang='lat' dir='ltr'><em>provisae</em></span> <span class='ocrx_word' id='word_1_46' title='bbox 828 680 907 732; x_wconf 87' lang='lat' dir='ltr'>suut</span> <span class='ocrx_word' id='word_1_47' title='bbox 929 668 1000 731; x_wconf 84' lang='lat' dir='ltr'>illis</span> <span class='ocrx_word' id='word_1_48' title='bbox 1022 669 1083 751; x_wconf 83' lang='lat' dir='ltr'>qui</span> <span class='ocrx_word' id='word_1_49' title='bbox 1106 669 1141 731; x_wconf 87' lang='lat' dir='ltr'>in</span> <span class='ocrx_word' id='word_1_50' title='bbox 1163 689 1277 733; x_wconf 83' lang='lat' dir='ltr'>amore</span> 
     </span>
     <span class='ocr_line' id='line_1_7' title="bbox 130 762 1274 847; baseline 0 -21"><span class='ocrx_word' id='word_1_51' title='bbox 130 785 225 827; x_wconf 72' lang='lat' dir='ltr'>arere</span> <span class='ocrx_word' id='word_1_52' title='bbox 238 762 421 847; x_wconf 70' lang='lat' dir='ltr'>conjugruli</span> <span class='ocrx_word' id='word_1_53' title='bbox 432 764 737 827; x_wconf 72' lang='lat' dir='ltr'>sunt—Dicuntur</span> <span class='ocrx_word' id='word_1_54' title='bbox 753 765 987 827; x_wconf 85' lang='lat' dir='ltr'>beatitudines</span> <span class='ocrx_word' id='word_1_55' title='bbox 1004 764 1183 838; x_wconf 87' lang='lat' dir='ltr'>caelestes,</span> <span class='ocrx_word' id='word_1_56' title='bbox 1201 763 1274 827; x_wconf 85' lang='lat' dir='ltr'>lau·</span> 
     </span>
     <span class='ocr_line' id='line_1_8' title="bbox 133 858 1275 942; baseline 0.002 -22"><span class='ocrx_word' id='word_1_57' title='bbox 133 859 292 921; x_wconf 83' lang='lat' dir='ltr'>stitates</span> <span class='ocrx_word' id='word_1_58' title='bbox 315 858 522 941; x_wconf 84' lang='lat' dir='ltr'>spirituales,</span> <span class='ocrx_word' id='word_1_59' title='bbox 548 868 584 921; x_wconf 95' lang='lat' dir='ltr'>et</span> <span class='ocrx_word' id='word_1_60' title='bbox 604 858 840 939; x_wconf 88' lang='lat' dir='ltr'>jucunditates</span> <span class='ocrx_word' id='word_1_61' title='bbox 864 859 1050 932; x_wconf 88' lang='lat' dir='ltr'>naturales,</span> <span class='ocrx_word' id='word_1_62' title='bbox 1074 860 1153 942; x_wconf 85' lang='lat' dir='ltr'>quia</span> <span class='ocrx_word' id='word_1_63' title='bbox 1176 878 1275 922; x_wconf 88' lang='lat' dir='ltr'>mens</span> 
     </span>
     <span class='ocr_line' id='line_1_9' title="bbox 133 951 1275 1036; baseline 0 -20"><span class='ocrx_word' id='word_1_64' title='bbox 133 952 300 1016; x_wconf 77' lang='lat' dir='ltr'>humana</span> <span class='ocrx_word' id='word_1_65' title='bbox 323 951 486 1017; x_wconf 74' lang='lat' dir='ltr'>distindta</span> <span class='ocrx_word' id='word_1_66' title='bbox 509 964 564 1016; x_wconf 92' lang='lat' dir='ltr'>est</span> <span class='ocrx_word' id='word_1_67' title='bbox 593 955 628 1016; x_wconf 92' lang='lat' dir='ltr'>in</span> <span class='ocrx_word' id='word_1_68' title='bbox 658 965 729 1017; x_wconf 91' lang='lat' dir='ltr'>tres</span> <span class='ocrx_word' id='word_1_69' title='bbox 753 955 924 1035; x_wconf 82' lang='lat' dir='ltr'>regiones,</span> <span class='ocrx_word' id='word_1_70' title='bbox 949 973 1091 1035; x_wconf 92' lang='lat' dir='ltr'>quarum</span> <span class='ocrx_word' id='word_1_71' title='bbox 1114 974 1275 1036; x_wconf 90' lang='lat' dir='ltr'>suprema</span> 
     </span>
     <span class='ocr_line' id='line_1_10' title="bbox 129 1048 1273 1130; baseline 0.001 -20"><span class='ocrx_word' id='word_1_72' title='bbox 129 1059 295 1112; x_wconf 82' lang='lat' dir='ltr'>vocatur</span> <span class='ocrx_word' id='word_1_73' title='bbox 316 1048 489 1122; x_wconf 86' lang='lat' dir='ltr'>caelestis,</span> <span class='ocrx_word' id='word_1_74' title='bbox 508 1049 662 1111; x_wconf 91' lang='lat' dir='ltr'>secunda</span> <span class='ocrx_word' id='word_1_75' title='bbox 681 1048 878 1130; x_wconf 90' lang='lat' dir='ltr'>spiritualis,</span> <span class='ocrx_word' id='word_1_76' title='bbox 899 1057 936 1111; x_wconf 92' lang='lat' dir='ltr'>et</span> <span class='ocrx_word' id='word_1_77' title='bbox 959 1049 1062 1111; x_wconf 89' lang='lat' dir='ltr'>tertia</span> <span class='ocrx_word' id='word_1_78' title='bbox 1085 1048 1273 1125; x_wconf 87' lang='lat' dir='ltr'>naturalis;</span> 
     </span>
     <span class='ocr_line' id='line_1_11' title="bbox 128 1142 1274 1225; baseline 0.002 -20"><span class='ocrx_word' id='word_1_79' title='bbox 128 1162 184 1206; x_wconf 79' lang='lat' dir='ltr'>ac</span> <span class='ocrx_word' id='word_1_80' title='bbox 199 1152 273 1206; x_wconf 92' lang='lat' dir='ltr'>tres</span> <span class='ocrx_word' id='word_1_81' title='bbox 286 1142 366 1206; x_wconf 87' lang='lat' dir='ltr'>illae</span> <span class='ocrx_word' id='word_1_82' title='bbox 378 1144 536 1225; x_wconf 85' lang='lat' dir='ltr'>regiones</span> <span class='ocrx_word' id='word_1_83' title='bbox 549 1143 639 1225; x_wconf 90' lang='lat' dir='ltr'>apud</span> <span class='ocrx_word' id='word_1_84' title='bbox 652 1143 741 1218; x_wconf 91' lang='lat' dir='ltr'>illos,</span> <span class='ocrx_word' id='word_1_85' title='bbox 755 1144 810 1225; x_wconf 90' lang='lat' dir='ltr'>qui</span> <span class='ocrx_word' id='word_1_86' title='bbox 823 1144 857 1205; x_wconf 92' lang='lat' dir='ltr'>in</span> <span class='ocrx_word' id='word_1_87' title='bbox 869 1162 985 1205; x_wconf 90' lang='lat' dir='ltr'>amore</span> <span class='ocrx_word' id='word_1_88' title='bbox 998 1163 1077 1206; x_wconf 91' lang='lat' dir='ltr'>vere</span> <span class='ocrx_word' id='word_1_89' title='bbox 1091 1142 1274 1224; x_wconf 85' lang='lat' dir='ltr'>conjugiali</span> 
     </span>
     <span class='ocr_line' id='line_1_12' title="bbox 130 1237 1272 1320; baseline 0 -19"><span class='ocrx_word' id='word_1_90' title='bbox 130 1247 240 1313; x_wconf 82' lang='lat' dir='ltr'>sunt,</span> <span class='ocrx_word' id='word_1_91' title='bbox 261 1248 403 1320; x_wconf 87' lang='lat' dir='ltr'>apertae</span> <span class='ocrx_word' id='word_1_92' title='bbox 422 1246 529 1312; x_wconf 87' lang='lat' dir='ltr'>stant,</span> <span class='ocrx_word' id='word_1_93' title='bbox 549 1257 589 1301; x_wconf 88' lang='lat' dir='ltr'>ac</span> <span class='ocrx_word' id='word_1_94' title='bbox 609 1237 757 1300; x_wconf 88' lang='lat' dir='ltr'>influxus</span> <span class='ocrx_word' id='word_1_95' title='bbox 776 1239 927 1318; x_wconf 92' lang='lat' dir='ltr'>sequitur</span> <span class='ocrx_word' id='word_1_96' title='bbox 945 1238 1064 1300; x_wconf 85' lang='lat' dir='ltr'>ordine</span> <span class='ocrx_word' id='word_1_97' title='bbox 1083 1238 1272 1301; x_wconf 91' lang='lat' dir='ltr'>secundum</span> 
     </span>
     <span class='ocr_line' id='line_1_13' title="bbox 128 1333 1273 1416; baseline -0.001 -20"><span class='ocrx_word' id='word_1_98' title='bbox 128 1343 348 1416; x_wconf 79' lang='lat' dir='ltr'>aperturas:</span> <span class='ocrx_word' id='word_1_99' title='bbox 378 1342 414 1397; x_wconf 89' lang='lat' dir='ltr'>et</span> <span class='ocrx_word' id='word_1_100' title='bbox 438 1335 515 1415; x_wconf 87' lang='lat' dir='ltr'>quia</span> <span class='ocrx_word' id='word_1_101' title='bbox 539 1335 770 1396; x_wconf 87' lang='lat' dir='ltr'>amoenitates</span> <span class='ocrx_word' id='word_1_102' title='bbox 794 1333 883 1395; x_wconf 89' lang='lat' dir='ltr'>illius</span> <span class='ocrx_word' id='word_1_103' title='bbox 906 1335 1032 1395; x_wconf 90' lang='lat' dir='ltr'>amoris</span> <span class='ocrx_word' id='word_1_104' title='bbox 1056 1334 1090 1396; x_wconf 91' lang='lat' dir='ltr'>in</span> <span class='ocrx_word' id='word_1_105' title='bbox 1113 1351 1273 1414; x_wconf 88' lang='lat' dir='ltr'>suprema</span> 
     </span>
     <span class='ocr_line' id='line_1_14' title="bbox 127 1426 1272 1508; baseline -0.001 -18"><span class='ocrx_word' id='word_1_106' title='bbox 127 1428 288 1508; x_wconf 82' lang='lat' dir='ltr'>regione</span> <span class='ocrx_word' id='word_1_107' title='bbox 304 1428 595 1491; x_wconf 89' lang='lat' dir='ltr'>eminentissimae</span> <span class='ocrx_word' id='word_1_108' title='bbox 612 1434 702 1500; x_wconf 90' lang='lat' dir='ltr'>sunt,</span> <span class='ocrx_word' id='word_1_109' title='bbox 720 1427 953 1508; x_wconf 90' lang='lat' dir='ltr'>percipiuntur</span> <span class='ocrx_word' id='word_1_110' title='bbox 968 1426 1048 1488; x_wconf 93' lang='lat' dir='ltr'>illae</span> <span class='ocrx_word' id='word_1_111' title='bbox 1064 1436 1101 1488; x_wconf 96' lang='lat' dir='ltr'>ut</span> <span class='ocrx_word' id='word_1_112' title='bbox 1120 1426 1272 1489; x_wconf 90' lang='lat' dir='ltr'>beatitu-</span> 
     </span>
     <span class='ocr_line' id='line_1_15' title="bbox 128 1522 1271 1606; baseline -0.001 -21"><span class='ocrx_word' id='word_1_113' title='bbox 128 1523 269 1600; x_wconf 81' lang='lat' dir='ltr'>dines;</span> <span class='ocrx_word' id='word_1_114' title='bbox 300 1532 336 1586; x_wconf 93' lang='lat' dir='ltr'>et</span> <span class='ocrx_word' id='word_1_115' title='bbox 364 1525 441 1606; x_wconf 90' lang='lat' dir='ltr'>quia</span> <span class='ocrx_word' id='word_1_116' title='bbox 468 1524 502 1586; x_wconf 92' lang='lat' dir='ltr'>in</span> <span class='ocrx_word' id='word_1_117' title='bbox 526 1524 638 1585; x_wconf 91' lang='lat' dir='ltr'>media</span> <span class='ocrx_word' id='word_1_118' title='bbox 661 1523 803 1602; x_wconf 87' lang='lat' dir='ltr'>regione</span> <span class='ocrx_word' id='word_1_119' title='bbox 827 1522 938 1583; x_wconf 90' lang='lat' dir='ltr'>minus</span> <span class='ocrx_word' id='word_1_120' title='bbox 961 1523 1155 1583; x_wconf 86' lang='lat' dir='ltr'>eminentes</span> <span class='ocrx_word' id='word_1_121' title='bbox 1178 1532 1271 1596; x_wconf 92' lang='lat' dir='ltr'>sunt,</span> 
     </span>
     <span class='ocr_line' id='line_1_16' title="bbox 127 1615 1271 1698; baseline -0.001 -18"><span class='ocrx_word' id='word_1_122' title='bbox 127 1618 380 1698; x_wconf 78' lang='lat' dir='ltr'>percipiuntur</span> <span class='ocrx_word' id='word_1_123' title='bbox 396 1618 475 1680; x_wconf 91' lang='lat' dir='ltr'>illae</span> <span class='ocrx_word' id='word_1_124' title='bbox 494 1627 531 1680; x_wconf 92' lang='lat' dir='ltr'>ut</span> <span class='ocrx_word' id='word_1_125' title='bbox 550 1616 764 1694; x_wconf 85' lang='lat' dir='ltr'>t&#39;austitates;</span> <span class='ocrx_word' id='word_1_126' title='bbox 788 1626 824 1679; x_wconf 90' lang='lat' dir='ltr'>et</span> <span class='ocrx_word' id='word_1_127' title='bbox 844 1617 980 1679; x_wconf 91' lang='lat' dir='ltr'>demum</span> <span class='ocrx_word' id='word_1_128' title='bbox 1001 1617 1033 1678; x_wconf 94' lang='lat' dir='ltr'>in</span> <span class='ocrx_word' id='word_1_129' title='bbox 1051 1615 1165 1679; x_wconf 84' lang='lat' dir='ltr'>infima</span> <span class='ocrx_word' id='word_1_130' title='bbox 1181 1616 1271 1697; x_wconf 87' lang='lat' dir='ltr'>regi·</span> 
     </span>
     <span class='ocr_line' id='line_1_17' title="bbox 127 1710 1271 1793; baseline -0.003 -19"><span class='ocrx_word' id='word_1_131' title='bbox 127 1731 222 1786; x_wconf 78' lang='lat' dir='ltr'>one,</span> <span class='ocrx_word' id='word_1_132' title='bbox 237 1721 276 1774; x_wconf 91' lang='lat' dir='ltr'>ut</span> <span class='ocrx_word' id='word_1_133' title='bbox 292 1710 546 1793; x_wconf 87' lang='lat' dir='ltr'>jucunditates:</span> <span class='ocrx_word' id='word_1_134' title='bbox 570 1713 661 1793; x_wconf 92' lang='lat' dir='ltr'>quod</span> <span class='ocrx_word' id='word_1_135' title='bbox 681 1711 761 1774; x_wconf 89' lang='lat' dir='ltr'>illae</span> <span class='ocrx_word' id='word_1_136' title='bbox 777 1711 859 1784; x_wconf 91' lang='lat' dir='ltr'>sint,</span> <span class='ocrx_word' id='word_1_137' title='bbox 877 1712 1118 1793; x_wconf 87' lang='lat' dir='ltr'>percipiantur,</span> <span class='ocrx_word' id='word_1_138' title='bbox 1136 1721 1172 1772; x_wconf 91' lang='lat' dir='ltr'>et</span> <span class='ocrx_word' id='word_1_139' title='bbox 1192 1729 1271 1772; x_wconf 91' lang='lat' dir='ltr'>sen·</span> 
     </span>
     <span class='ocr_line' id='line_1_18' title="bbox 127 1806 1270 1887; baseline 0 -18"><span class='ocrx_word' id='word_1_140' title='bbox 127 1808 288 1881; x_wconf 81' lang='lat' dir='ltr'>tiantur,</span> <span class='ocrx_word' id='word_1_141' title='bbox 305 1814 446 1869; x_wconf 80' lang='lat' dir='ltr'>constat</span> <span class='ocrx_word' id='word_1_142' title='bbox 462 1827 507 1870; x_wconf 88' lang='lat' dir='ltr'>ex</span> <span class='ocrx_word' id='word_1_143' title='bbox 524 1806 816 1882; x_wconf 90' lang='lat' dir='ltr'>Memorabilibus,</span> <span class='ocrx_word' id='word_1_144' title='bbox 834 1807 867 1868; x_wconf 91' lang='lat' dir='ltr'>in</span> <span class='ocrx_word' id='word_1_145' title='bbox 884 1807 1004 1887; x_wconf 91' lang='lat' dir='ltr'>quibus</span> <span class='ocrx_word' id='word_1_146' title='bbox 1021 1806 1270 1869; x_wconf 91' lang='lat' dir='ltr'>describuntur.</span> 
     </span>
     <span class='ocr_line' id='line_1_19' title="bbox 129 1899 1270 1983; baseline 0.001 -20"><span class='ocrx_word' id='word_1_147' title='bbox 129 1899 251 1982; x_wconf 79' lang='lat' dir='ltr'>Quod</span> <span class='ocrx_word' id='word_1_148' title='bbox 274 1920 395 1964; x_wconf 92' lang='lat' dir='ltr'>omnes</span> <span class='ocrx_word' id='word_1_149' title='bbox 418 1901 498 1964; x_wconf 87' lang='lat' dir='ltr'>illae</span> <span class='ocrx_word' id='word_1_150' title='bbox 520 1901 704 1965; x_wconf 80' lang='lat' dir='ltr'>felicitates</span> <span class='ocrx_word' id='word_1_151' title='bbox 734 1902 779 1964; x_wconf 91' lang='lat' dir='ltr'>ab</span> <span class='ocrx_word' id='word_1_152' title='bbox 808 1902 907 1965; x_wconf 93' lang='lat' dir='ltr'>initio</span> <span class='ocrx_word' id='word_1_153' title='bbox 931 1903 1087 1983; x_wconf 89' lang='lat' dir='ltr'>provisae</span> <span class='ocrx_word' id='word_1_154' title='bbox 1110 1902 1178 1964; x_wconf 91' lang='lat' dir='ltr'>sint</span> <span class='ocrx_word' id='word_1_155' title='bbox 1202 1901 1270 1964; x_wconf 88' lang='lat' dir='ltr'>illis</span> 
     </span>
     <span class='ocr_line' id='line_1_20' title="bbox 125 1995 1270 2077; baseline 0.003 -21"><span class='ocrx_word' id='word_1_156' title='bbox 125 1996 199 2077; x_wconf 79' lang='lat' dir='ltr'>qui</span> <span class='ocrx_word' id='word_1_157' title='bbox 215 1996 250 2057; x_wconf 92' lang='lat' dir='ltr'>in</span> <span class='ocrx_word' id='word_1_158' title='bbox 266 2014 383 2059; x_wconf 92' lang='lat' dir='ltr'>amore</span> <span class='ocrx_word' id='word_1_159' title='bbox 396 2016 475 2059; x_wconf 93' lang='lat' dir='ltr'>vere</span> <span class='ocrx_word' id='word_1_160' title='bbox 488 1995 671 2077; x_wconf 86' lang='lat' dir='ltr'>conjugiali</span> <span class='ocrx_word' id='word_1_161' title='bbox 684 2006 776 2070; x_wconf 92' lang='lat' dir='ltr'>sunt,</span> <span class='ocrx_word' id='word_1_162' title='bbox 790 2006 844 2059; x_wconf 92' lang='lat' dir='ltr'>est</span> <span class='ocrx_word' id='word_1_163' title='bbox 860 1997 939 2077; x_wconf 88' lang='lat' dir='ltr'>quia</span> <span class='ocrx_word' id='word_1_164' title='bbox 955 1995 1105 2059; x_wconf 88' lang='lat' dir='ltr'>infinitas</span> <span class='ocrx_word' id='word_1_165' title='bbox 1118 1997 1270 2059; x_wconf 92' lang='lat' dir='ltr'>omnium</span> 
     </span>
     <span class='ocr_line' id='line_1_21' title="bbox 124 2088 1268 2171; baseline 0.002 -19"><span class='ocrx_word' id='word_1_166' title='bbox 124 2088 397 2153; x_wconf 77' lang='lat' dir='ltr'>beatitudinum</span> <span class='ocrx_word' id='word_1_167' title='bbox 419 2092 453 2153; x_wconf 94' lang='lat' dir='ltr'>in</span> <span class='ocrx_word' id='word_1_168' title='bbox 478 2090 628 2154; x_wconf 89' lang='lat' dir='ltr'>Domino</span> <span class='ocrx_word' id='word_1_169' title='bbox 656 2100 722 2164; x_wconf 90' lang='lat' dir='ltr'>est,</span> <span class='ocrx_word' id='word_1_170' title='bbox 746 2100 783 2153; x_wconf 95' lang='lat' dir='ltr'>et</span> <span class='ocrx_word' id='word_1_171' title='bbox 813 2090 891 2171; x_wconf 92' lang='lat' dir='ltr'>Ipse</span> <span class='ocrx_word' id='word_1_172' title='bbox 914 2101 969 2154; x_wconf 93' lang='lat' dir='ltr'>est</span> <span class='ocrx_word' id='word_1_173' title='bbox 1000 2091 1142 2153; x_wconf 89' lang='lat' dir='ltr'>Divinus</span> <span class='ocrx_word' id='word_1_174' title='bbox 1161 2111 1268 2167; x_wconf 88' lang='lat' dir='ltr'>amor,</span> 
     </span>
     <span class='ocr_line' id='line_1_22' title="bbox 124 2185 1268 2259; baseline 0 -10"><span class='ocrx_word' id='word_1_175' title='bbox 124 2193 178 2249; x_wconf 77' lang='lat' dir='ltr'>et</span> <span class='ocrx_word' id='word_1_176' title='bbox 197 2185 325 2247; x_wconf 89' lang='lat' dir='ltr'>amoris</span> <span class='ocrx_word' id='word_1_177' title='bbox 342 2187 494 2248; x_wconf 91' lang='lat' dir='ltr'>essentia</span> <span class='ocrx_word' id='word_1_178' title='bbox 513 2195 579 2259; x_wconf 92' lang='lat' dir='ltr'>est,</span> <span class='ocrx_word' id='word_1_179' title='bbox 597 2195 635 2248; x_wconf 96' lang='lat' dir='ltr'>ut</span> <span class='ocrx_word' id='word_1_180' title='bbox 655 2185 739 2249; x_wconf 91' lang='lat' dir='ltr'>velit</span> <span class='ocrx_word' id='word_1_181' title='bbox 756 2187 871 2248; x_wconf 89' lang='lat' dir='ltr'>omnia</span> <span class='ocrx_word' id='word_1_182' title='bbox 890 2206 951 2249; x_wconf 92' lang='lat' dir='ltr'>sua</span> <span class='ocrx_word' id='word_1_183' title='bbox 968 2186 1059 2248; x_wconf 88' lang='lat' dir='ltr'>bona</span> <span class='ocrx_word' id='word_1_184' title='bbox 1075 2188 1268 2249; x_wconf 93' lang='lat' dir='ltr'>communi·</span> 
     </span>
     <span class='ocr_line' id='line_1_23' title="bbox 127 2279 1267 2362; baseline 0.001 -19"><span class='ocrx_word' id='word_1_185' title='bbox 127 2301 223 2344; x_wconf 77' lang='lat' dir='ltr'>care</span> <span class='ocrx_word' id='word_1_186' title='bbox 247 2279 355 2355; x_wconf 88' lang='lat' dir='ltr'>alteri,</span> <span class='ocrx_word' id='word_1_187' title='bbox 380 2299 482 2361; x_wconf 91' lang='lat' dir='ltr'>quem</span> <span class='ocrx_word' id='word_1_188' title='bbox 505 2290 619 2344; x_wconf 89' lang='lat' dir='ltr'>amat:</span> <span class='ocrx_word' id='word_1_189' title='bbox 651 2301 755 2362; x_wconf 87' lang='lat' dir='ltr'>quare</span> <span class='ocrx_word' id='word_1_190' title='bbox 780 2301 846 2343; x_wconf 85' lang='lat' dir='ltr'>una</span> <span class='ocrx_word' id='word_1_191' title='bbox 875 2300 951 2344; x_wconf 89' lang='lat' dir='ltr'>cum</span> <span class='ocrx_word' id='word_1_192' title='bbox 975 2281 1114 2344; x_wconf 93' lang='lat' dir='ltr'>homine</span> <span class='ocrx_word' id='word_1_193' title='bbox 1137 2281 1267 2345; x_wconf 87' lang='lat' dir='ltr'>creavit</span> 
     </span>
     <span class='ocr_line' id='line_1_24' title="bbox 128 2374 1269 2459; baseline 0.002 -22"><span class='ocrx_word' id='word_1_194' title='bbox 128 2375 240 2437; x_wconf 88' lang='lat' dir='ltr'>illum</span> <span class='ocrx_word' id='word_1_195' title='bbox 264 2394 427 2449; x_wconf 89' lang='lat' dir='ltr'>amorem,</span> <span class='ocrx_word' id='word_1_196' title='bbox 452 2395 492 2439; x_wconf 88' lang='lat' dir='ltr'>ac</span> <span class='ocrx_word' id='word_1_197' title='bbox 522 2375 572 2439; x_wconf 91' lang='lat' dir='ltr'>illi</span> <span class='ocrx_word' id='word_1_198' title='bbox 595 2376 769 2458; x_wconf 89' lang='lat' dir='ltr'>inscripsit</span> <span class='ocrx_word' id='word_1_199' title='bbox 792 2374 993 2439; x_wconf 81' lang='lat' dir='ltr'>facultatem</span> <span class='ocrx_word' id='word_1_200' title='bbox 1017 2377 1203 2459; x_wconf 88' lang='lat' dir='ltr'>recipiendi</span> <span class='ocrx_word' id='word_1_201' title='bbox 1233 2386 1269 2440; x_wconf 89' lang='lat' dir='ltr'>et</span> 
     </span>
     <span class='ocr_line' id='line_1_25' title="bbox 126 2469 1269 2552; baseline 0.003 -20"><span class='ocrx_word' id='word_1_202' title='bbox 126 2470 353 2552; x_wconf 76' lang='lat' dir='ltr'>percipiendi</span> <span class='ocrx_word' id='word_1_203' title='bbox 372 2471 440 2533; x_wconf 92' lang='lat' dir='ltr'>illa.</span> <span class='ocrx_word' id='word_1_204' title='bbox 485 2469 570 2552; x_wconf 85' lang='lat' dir='ltr'>Quis</span> <span class='ocrx_word' id='word_1_205' title='bbox 587 2479 658 2532; x_wconf 94' lang='lat' dir='ltr'>tam</span> <span class='ocrx_word' id='word_1_206' title='bbox 676 2471 782 2533; x_wconf 90' lang='lat' dir='ltr'>hebes</span> <span class='ocrx_word' id='word_1_207' title='bbox 802 2480 838 2534; x_wconf 91' lang='lat' dir='ltr'>et</span> <span class='ocrx_word' id='word_1_208' title='bbox 858 2490 979 2534; x_wconf 91' lang='lat' dir='ltr'>vecors</span> <span class='ocrx_word' id='word_1_209' title='bbox 995 2472 1134 2552; x_wconf 86' lang='lat' dir='ltr'>ingenio</span> <span class='ocrx_word' id='word_1_210' title='bbox 1150 2480 1213 2546; x_wconf 90' lang='lat' dir='ltr'>est,</span> <span class='ocrx_word' id='word_1_211' title='bbox 1231 2482 1269 2535; x_wconf 92' lang='lat' dir='ltr'>ut</span> 
     </span>
     <span class='ocr_line' id='line_1_26' title="bbox 129 2564 1268 2649; baseline 0.003 -22"><span class='ocrx_word' id='word_1_212' title='bbox 129 2585 211 2627; x_wconf 79' lang='lat' dir='ltr'>mon</span> <span class='ocrx_word' id='word_1_213' title='bbox 228 2566 338 2648; x_wconf 90' lang='lat' dir='ltr'>possit</span> <span class='ocrx_word' id='word_1_214' title='bbox 354 2567 481 2638; x_wconf 90' lang='lat' dir='ltr'>videre,</span> <span class='ocrx_word' id='word_1_215' title='bbox 495 2565 587 2648; x_wconf 92' lang='lat' dir='ltr'>quod</span> <span class='ocrx_word' id='word_1_216' title='bbox 600 2564 721 2646; x_wconf 90' lang='lat' dir='ltr'>aliquis</span> <span class='ocrx_word' id='word_1_217' title='bbox 737 2585 834 2628; x_wconf 90' lang='lat' dir='ltr'>amor</span> <span class='ocrx_word' id='word_1_218' title='bbox 846 2567 903 2640; x_wconf 91' lang='lat' dir='ltr'>sit,</span> <span class='ocrx_word' id='word_1_219' title='bbox 917 2567 951 2628; x_wconf 91' lang='lat' dir='ltr'>in</span> <span class='ocrx_word' id='word_1_220' title='bbox 963 2586 1064 2649; x_wconf 91' lang='lat' dir='ltr'>quem</span> <span class='ocrx_word' id='word_1_221' title='bbox 1081 2587 1101 2630; x_wconf 91' lang='lat' dir='ltr'>a</span> <span class='ocrx_word' id='word_1_222' title='bbox 1118 2567 1268 2630; x_wconf 92' lang='lat' dir='ltr'>Domino</span> 
     </span>
     <span class='ocr_line' id='line_1_27' title="bbox 126 2659 1267 2745; baseline 0.003 -23"><span class='ocrx_word' id='word_1_223' title='bbox 126 2659 241 2723; x_wconf 84' lang='lat' dir='ltr'>illata</span> <span class='ocrx_word' id='word_1_224' title='bbox 264 2671 345 2723; x_wconf 92' lang='lat' dir='ltr'>sunt</span> <span class='ocrx_word' id='word_1_225' title='bbox 369 2661 484 2723; x_wconf 92' lang='lat' dir='ltr'>omnia</span> <span class='ocrx_word' id='word_1_226' title='bbox 502 2660 617 2736; x_wconf 87' lang='lat' dir='ltr'>beata,</span> <span class='ocrx_word' id='word_1_227' title='bbox 636 2661 758 2736; x_wconf 85' lang='lat' dir='ltr'>fausta,</span> <span class='ocrx_word' id='word_1_228' title='bbox 778 2670 814 2724; x_wconf 94' lang='lat' dir='ltr'>et</span> <span class='ocrx_word' id='word_1_229' title='bbox 834 2659 993 2742; x_wconf 87' lang='lat' dir='ltr'>jucunda,</span> <span class='ocrx_word' id='word_1_230' title='bbox 1013 2682 1101 2744; x_wconf 88' lang='lat' dir='ltr'>quae</span> <span class='ocrx_word' id='word_1_231' title='bbox 1124 2682 1267 2745; x_wconf 90' lang='lat' dir='ltr'>usquam</span> 
     </span>
     <span class='ocr_line' id='line_1_28' title="bbox 131 2754 445 2837; baseline 0.006 -21"><span class='ocrx_word' id='word_1_232' title='bbox 131 2754 257 2818; x_wconf 85' lang='lat' dir='ltr'>inserti</span> <span class='ocrx_word' id='word_1_233' title='bbox 276 2754 445 2837; x_wconf 87' lang='lat' dir='ltr'>possunt?</span> 
     </span>
    </p>

    <p class='ocr_par' dir='ltr' id='par_1_4' title="bbox 131 2847 1267 3504">
     <span class='ocr_line' id='line_1_29' title="bbox 205 2847 1267 2933; baseline 0.001 -19"><span class='ocrx_word' id='word_1_234' title='bbox 205 2850 308 2932; x_wconf 73' lang='lat'>33⁶·</span> <span class='ocrx_word' id='word_1_235' title='bbox 333 2848 406 2931; x_wconf 88' lang='lat' dir='ltr'>(iii.)</span> <span class='ocrx_word' id='word_1_236' title='bbox 434 2847 531 2927; x_wconf 85' lang='lat' dir='ltr'>Quod</span> <span class='ocrx_word' id='word_1_237' title='bbox 541 2849 603 2913; x_wconf 88' lang='lat' dir='ltr'>illa</span> <span class='ocrx_word' id='word_1_238' title='bbox 620 2849 731 2913; x_wconf 84' lang='lat' dir='ltr'>omnia</span> <span class='ocrx_word' id='word_1_239' title='bbox 746 2870 809 2912; x_wconf 85' lang='lat' dir='ltr'>non</span> <span class='ocrx_word' id='word_1_240' title='bbox 828 2850 910 2914; x_wconf 80' lang='lat' dir='ltr'>dari</span> <span class='ocrx_word' id='word_1_241' title='bbox 923 2861 1055 2933; x_wconf 84' lang='lat' dir='ltr'>queant,</span> <span class='ocrx_word' id='word_1_242' title='bbox 1073 2852 1144 2915; x_wconf 83' lang='lat' dir='ltr'>nisi</span> <span class='ocrx_word' id='word_1_243' title='bbox 1158 2874 1180 2915; x_wconf 89' lang='lat' dir='ltr'>a</span> <span class='ocrx_word' id='word_1_244' title='bbox 1197 2852 1267 2916; x_wconf 85' lang='lat' dir='ltr'>solo</span> 
     </span>
     <span class='ocr_line' id='line_1_30' title="bbox 131 2944 1266 3030; baseline 0.004 -23"><span class='ocrx_word' id='word_1_245' title='bbox 131 2944 309 3017; x_wconf 75' lang='lat' dir='ltr'>Domino:</span> <span class='ocrx_word' id='word_1_246' title='bbox 335 2955 368 3009; x_wconf 83' lang='lat' dir='ltr'>et</span> <span class='ocrx_word' id='word_1_247' title='bbox 388 2946 479 3027; x_wconf 84' lang='lat' dir='ltr'>quod</span> <span class='ocrx_word' id='word_1_248' title='bbox 493 2967 555 3010; x_wconf 87' lang='lat' dir='ltr'>non</span> <span class='ocrx_word' id='word_1_249' title='bbox 577 2947 698 3010; x_wconf 83' lang='lat' dir='ltr'>dentur</span> <span class='ocrx_word' id='word_1_250' title='bbox 712 2947 802 3021; x_wconf 78' lang='lat' dir='ltr'>aliz&#39;s,</span> <span class='ocrx_word' id='word_1_251' title='bbox 819 2968 920 3029; x_wconf 88' lang='lat' dir='ltr'>quam</span> <span class='ocrx_word' id='word_1_252' title='bbox 941 2949 1002 3030; x_wconf 86' lang='lat' dir='ltr'>qui</span> <span class='ocrx_word' id='word_1_253' title='bbox 1021 2949 1137 3029; x_wconf 81' lang='lat' dir='ltr'>Ipsum</span> <span class='ocrx_word' id='word_1_254' title='bbox 1159 2948 1266 3012; x_wconf 86' lang='lat' dir='ltr'>solum</span> 
     </span>
     <span class='ocr_line' id='line_1_31' title="bbox 131 3040 1264 3125; baseline 0.004 -23"><span class='ocrx_word' id='word_1_255' title='bbox 131 3040 273 3115; x_wconf 77' lang='lat' dir='ltr'>adeunt,</span> <span class='ocrx_word' id='word_1_256' title='bbox 297 3050 330 3103; x_wconf 85' lang='lat' dir='ltr'>et</span> <span class='ocrx_word' id='word_1_257' title='bbox 358 3041 477 3103; x_wconf 80' lang='lat' dir='ltr'>uiuunt</span> <span class='ocrx_word' id='word_1_258' title='bbox 498 3042 673 3105; x_wconf 84' lang='lat' dir='ltr'>secuudum</span> <span class='ocrx_word' id='word_1_259' title='bbox 695 3052 874 3123; x_wconf 81' lang='lat' dir='ltr'>praecepta</span> <span class='ocrx_word' id='word_1_260' title='bbox 895 3043 1145 3123; x_wconf 73' lang='lat' dir='ltr'>Ipsius-Hoc</span> <span class='ocrx_word' id='word_1_261' title='bbox 1173 3045 1264 3125; x_wconf 89' lang='lat' dir='ltr'>prius</span> 
     </span>
     <span class='ocr_line' id='line_1_32' title="bbox 133 3135 1263 3220; baseline 0.004 -23"><span class='ocrx_word' id='word_1_262' title='bbox 133 3135 260 3198; x_wconf 83' lang='lat' dir='ltr'>multis</span> <span class='ocrx_word' id='word_1_263' title='bbox 287 3136 320 3198; x_wconf 92' lang='lat' dir='ltr'>in</span> <span class='ocrx_word' id='word_1_264' title='bbox 344 3135 430 3198; x_wconf 89' lang='lat' dir='ltr'>locis</span> <span class='ocrx_word' id='word_1_265' title='bbox 453 3136 728 3200; x_wconf 91' lang='lat' dir='ltr'>demonstratum</span> <span class='ocrx_word' id='word_1_266' title='bbox 754 3148 831 3215; x_wconf 90' lang='lat' dir='ltr'>est;</span> <span class='ocrx_word' id='word_1_267' title='bbox 863 3139 984 3220; x_wconf 91' lang='lat' dir='ltr'>quibus</span> <span class='ocrx_word' id='word_1_268' title='bbox 1007 3138 1263 3220; x_wconf 85' lang='lat' dir='ltr'>adjungendum</span> 
     </span>
     <span class='ocr_line' id='line_1_33' title="bbox 134 3231 1263 3314; baseline 0.004 -22"><span class='ocrx_word' id='word_1_269' title='bbox 134 3241 207 3305; x_wconf 80' lang='lat' dir='ltr'>est,</span> <span class='ocrx_word' id='word_1_270' title='bbox 230 3231 322 3313; x_wconf 90' lang='lat' dir='ltr'>quod</span> <span class='ocrx_word' id='word_1_271' title='bbox 346 3232 463 3294; x_wconf 87' lang='lat' dir='ltr'>omnia</span> <span class='ocrx_word' id='word_1_272' title='bbox 485 3231 545 3294; x_wconf 91' lang='lat' dir='ltr'>illa</span> <span class='ocrx_word' id='word_1_273' title='bbox 567 3232 682 3306; x_wconf 90' lang='lat' dir='ltr'>beata,</span> <span class='ocrx_word' id='word_1_274' title='bbox 706 3232 819 3295; x_wconf 80' lang='lat' dir='ltr'>fausta</span> <span class='ocrx_word' id='word_1_275' title='bbox 848 3243 884 3296; x_wconf 94' lang='lat' dir='ltr'>et</span> <span class='ocrx_word' id='word_1_276' title='bbox 911 3232 1072 3314; x_wconf 86' lang='lat' dir='ltr'>jucunda,</span> <span class='ocrx_word' id='word_1_277' title='bbox 1098 3254 1166 3297; x_wconf 93' lang='lat' dir='ltr'>non</span> <span class='ocrx_word' id='word_1_278' title='bbox 1190 3235 1263 3299; x_wconf 91' lang='lat' dir='ltr'>dari</span> 
     </span>
     <span class='ocr_line' id='line_1_34' title="bbox 133 3325 1262 3410; baseline 0.005 -23"><span class='ocrx_word' id='word_1_279' title='bbox 133 3337 270 3406; x_wconf 84' lang='lat' dir='ltr'>queant</span> <span class='ocrx_word' id='word_1_280' title='bbox 288 3345 390 3408; x_wconf 89' lang='lat' dir='ltr'>quam</span> <span class='ocrx_word' id='word_1_281' title='bbox 408 3346 429 3388; x_wconf 93' lang='lat' dir='ltr'>a</span> <span class='ocrx_word' id='word_1_282' title='bbox 448 3325 609 3403; x_wconf 91' lang='lat' dir='ltr'>Domino,</span> <span class='ocrx_word' id='word_1_283' title='bbox 626 3336 663 3390; x_wconf 92' lang='lat' dir='ltr'>et</span> <span class='ocrx_word' id='word_1_284' title='bbox 681 3327 772 3410; x_wconf 92' lang='lat' dir='ltr'>quod</span> <span class='ocrx_word' id='word_1_285' title='bbox 792 3338 974 3410; x_wconf 90' lang='lat' dir='ltr'>propterea</span> <span class='ocrx_word' id='word_1_286' title='bbox 991 3348 1059 3391; x_wconf 92' lang='lat' dir='ltr'>non</span> <span class='ocrx_word' id='word_1_287' title='bbox 1079 3328 1163 3391; x_wconf 88' lang='lat' dir='ltr'>alius</span> <span class='ocrx_word' id='word_1_288' title='bbox 1179 3330 1262 3393; x_wconf 87' lang='lat' dir='ltr'>ade·</span> 
     </span>
     <span class='ocr_line' id='line_1_35' title="bbox 135 3420 548 3504; baseline 0.005 -22"><span class='ocrx_word' id='word_1_289' title='bbox 135 3420 250 3484; x_wconf 88' lang='lat' dir='ltr'>undus</span> <span class='ocrx_word' id='word_1_290' title='bbox 269 3421 334 3484; x_wconf 89' lang='lat' dir='ltr'>sit:</span> <span class='ocrx_word' id='word_1_291' title='bbox 358 3423 432 3504; x_wconf 89' lang='lat' dir='ltr'>quis</span> <span class='ocrx_word' id='word_1_292' title='bbox 451 3421 548 3498; x_wconf 90' lang='lat' dir='ltr'>alius,</span> 
     </span>
    </p>

    <p class='ocr_par' dir='ltr' id='par_1_5' title="bbox 189 3553 1031 3623">
     <span class='ocr_line' id='line_1_36' title="bbox 189 3553 1031 3623; baseline 0.002 -17"><span class='ocrx_word' id='word_1_293' title='bbox 189 3555 257 3606; x_wconf 86' lang='lat' dir='ltr'>Cum</span> <span class='ocrx_word' id='word_1_294' title='bbox 270 3571 319 3619; x_wconf 87' lang='lat' dir='ltr'>per</span> <span class='ocrx_word' id='word_1_295' title='bbox 331 3555 424 3620; x_wconf 86' lang='lat' dir='ltr'>ipsum</span> <span class='ocrx_word' id='word_1_296' title='bbox 437 3553 510 3606; x_wconf 75' lang='lat' dir='ltr'>laeta</span> <span class='ocrx_word' id='word_1_297' title='bbox 521 3566 585 3606; x_wconf 87' lang='lat' dir='ltr'>sunt</span> <span class='ocrx_word' id='word_1_298' title='bbox 597 3559 690 3607; x_wconf 89' lang='lat' dir='ltr'>omnia</span> <span class='ocrx_word' id='word_1_299' title='bbox 702 3574 770 3622; x_wconf 88' lang='lat' dir='ltr'>quae</span> <span class='ocrx_word' id='word_1_300' title='bbox 782 3555 856 3608; x_wconf 68' lang='lat' dir='ltr'>iacta</span> <span class='ocrx_word' id='word_1_301' title='bbox 866 3557 941 3623; x_wconf 80' lang='lat' dir='ltr'>(Jol.</span> <span class='ocrx_word' id='word_1_302' title='bbox 954 3560 970 3608; x_wconf 90' lang='lat' dir='ltr'>i.</span> <span class='ocrx_word' id='word_1_303' title='bbox 984 3557 1011 3623; x_wconf 81' lang='lat'>3)</span> <span class='ocrx_word' id='word_1_304' title='bbox 1024 3574 1031 3618; x_wconf 86' lang='lat'><strong>;</strong></span> 
     </span>
    </p>

    <p class='ocr_par' dir='ltr' id='par_1_6' title="bbox 189 3621 989 3685">
     <span class='ocr_line' id='line_1_37' title="bbox 189 3621 989 3685; baseline 0.003 -13"><span class='ocrx_word' id='word_1_305' title='bbox 189 3621 257 3672; x_wconf 85' lang='lat' dir='ltr'>Cum</span> <span class='ocrx_word' id='word_1_306' title='bbox 272 3622 335 3685; x_wconf 87' lang='lat' dir='ltr'>lpse</span> <span class='ocrx_word' id='word_1_307' title='bbox 347 3632 390 3672; x_wconf 81' lang='lat' dir='ltr'>est</span> <span class='ocrx_word' id='word_1_308' title='bbox 403 3622 477 3672; x_wconf 85' lang='lat' dir='ltr'>Deus</span> <span class='ocrx_word' id='word_1_309' title='bbox 489 3624 556 3672; x_wconf 88' lang='lat' dir='ltr'>caeli</span> <span class='ocrx_word' id='word_1_310' title='bbox 569 3633 596 3672; x_wconf 89' lang='lat' dir='ltr'>et</span> <span class='ocrx_word' id='word_1_311' title='bbox 608 3634 695 3673; x_wconf 84' lang='lat' dir='ltr'>terrae</span> <span class='ocrx_word' id='word_1_312' title='bbox 708 3625 815 3683; x_wconf 71' lang='lat' dir='ltr'>(Marti.</span> <span class='ocrx_word' id='word_1_313' title='bbox 827 3625 918 3675; x_wconf 85' lang='lat' dir='ltr'>xxviii.</span> <span class='ocrx_word' id='word_1_314' title='bbox 933 3626 989 3685; x_wconf 79' lang='lat'>18);</span> 
     </span>
    </p>
   </div>
   <div class='ocr_carea' id='block_1_3' title="bbox 189 3686 1260 3820">
    <p class='ocr_par' dir='ltr' id='par_1_7' title="bbox 189 3686 1260 3820">
     <span class='ocr_line' id='line_1_38' title="bbox 189 3686 1260 3753; baseline 0 -13"><span class='ocrx_word' id='word_1_315' title='bbox 189 3686 256 3740; x_wconf 86' lang='lat' dir='ltr'>Cum</span> <span class='ocrx_word' id='word_1_316' title='bbox 271 3703 405 3752; x_wconf 85' lang='lat' dir='ltr'>nusquam</span> <span class='ocrx_word' id='word_1_317' title='bbox 418 3688 509 3752; x_wconf 79' lang='lat' dir='ltr'>aliqua</span> <span class='ocrx_word' id='word_1_318' title='bbox 520 3690 624 3751; x_wconf 86' lang='lat' dir='ltr'>species</span> <span class='ocrx_word' id='word_1_319' title='bbox 636 3688 686 3739; x_wconf 89' lang='lat' dir='ltr'>Dei</span> <span class='ocrx_word' id='word_1_320' title='bbox 701 3689 788 3739; x_wconf 84' lang='lat' dir='ltr'>Patris</span> <span class='ocrx_word' id='word_1_321' title='bbox 801 3690 861 3739; x_wconf 76' lang='lat' dir='ltr'>visa</span> <span class='ocrx_word' id='word_1_322' title='bbox 873 3691 916 3751; x_wconf 87' lang='lat' dir='ltr'>sit,</span> <span class='ocrx_word' id='word_1_323' title='bbox 929 3706 978 3739; x_wconf 89' lang='lat' dir='ltr'>nec</span> <span class='ocrx_word' id='word_1_324' title='bbox 990 3706 1044 3739; x_wconf 87' lang='lat' dir='ltr'>vox</span> <span class='ocrx_word' id='word_1_325' title='bbox 1057 3689 1147 3753; x_wconf 89' lang='lat' dir='ltr'>Ipsius</span> <span class='ocrx_word' id='word_1_326' title='bbox 1158 3691 1260 3751; x_wconf 78' lang='lat' dir='ltr'>audita,</span> 
     </span>
     <span class='ocr_line' id='line_1_39' title="bbox 269 3753 1097 3820; baseline -0.005 -14"><span class='ocrx_word' id='word_1_327' title='bbox 269 3755 323 3806; x_wconf 84' lang='lat' dir='ltr'>nisi</span> <span class='ocrx_word' id='word_1_328' title='bbox 338 3769 388 3820; x_wconf 87' lang='lat' dir='ltr'>per</span> <span class='ocrx_word' id='word_1_329' title='bbox 402 3753 496 3818; x_wconf 82' lang='lat' dir='ltr'>Ipsum</span> <span class='ocrx_word' id='word_1_330' title='bbox 508 3753 583 3820; x_wconf 77' lang='lat' dir='ltr'>(Jol.</span> <span class='ocrx_word' id='word_1_331' title='bbox 596 3755 613 3804; x_wconf 91' lang='lat' dir='ltr'>i.</span> <span class='ocrx_word' id='word_1_332' title='bbox 628 3755 674 3815; x_wconf 76' lang='lat'>¹⁸3</span> <span class='ocrx_word' id='word_1_333' title='bbox 692 3769 749 3818; x_wconf 86' lang='lat' dir='ltr'>cap.</span> <span class='ocrx_word' id='word_1_334' title='bbox 762 3770 787 3804; x_wconf 85' lang='lat' dir='ltr'>v.</span> <span class='ocrx_word' id='word_1_335' title='bbox 800 3768 849 3816; x_wconf 75' lang='lat'>³73</span> <span class='ocrx_word' id='word_1_336' title='bbox 867 3771 924 3820; x_wconf 81' lang='lat' dir='ltr'>cap.</span> <span class='ocrx_word' id='word_1_337' title='bbox 937 3754 1097 3817; x_wconf 84' lang='lat' dir='ltr'>xiv.(&gt;-11)?</span> 
     </span>
    </p>
   </div>
   <div class='ocr_carea' id='block_1_4' title="bbox 134 3883 1259 4163">
    <p class='ocr_par' dir='ltr' id='par_1_8' title="bbox 134 3883 1259 4163">
     <span class='ocr_line' id='line_1_40' title="bbox 137 3883 1259 3973; baseline 0.004 -24"><span class='ocrx_word' id='word_1_338' title='bbox 137 3883 196 3951; x_wconf 84' lang='lat' dir='ltr'>Ex</span> <span class='ocrx_word' id='word_1_339' title='bbox 213 3888 265 3953; x_wconf 92' lang='lat' dir='ltr'>his</span> <span class='ocrx_word' id='word_1_340' title='bbox 284 3900 320 3954; x_wconf 89' lang='lat' dir='ltr'>et</span> <span class='ocrx_word' id='word_1_341' title='bbox 340 3888 555 3972; x_wconf 90' lang='lat' dir='ltr'>perplurimis</span> <span class='ocrx_word' id='word_1_342' title='bbox 573 3889 648 3951; x_wconf 90' lang='lat' dir='ltr'>aliis</span> <span class='ocrx_word' id='word_1_343' title='bbox 666 3889 701 3953; x_wconf 92' lang='lat' dir='ltr'>in</span> <span class='ocrx_word' id='word_1_344' title='bbox 720 3889 848 3966; x_wconf 89' lang='lat' dir='ltr'>Verbo,</span> <span class='ocrx_word' id='word_1_345' title='bbox 866 3899 1017 3964; x_wconf 91' lang='lat' dir='ltr'>constat,</span> <span class='ocrx_word' id='word_1_346' title='bbox 1035 3890 1125 3972; x_wconf 93' lang='lat' dir='ltr'>quod</span> <span class='ocrx_word' id='word_1_347' title='bbox 1142 3889 1259 3973; x_wconf 89' lang='lat' dir='ltr'>conju·</span> 
     </span>
     <span class='ocr_line' id='line_1_41' title="bbox 139 3982 1259 4068; baseline 0.005 -25"><span class='ocrx_word' id='word_1_348' title='bbox 139 3982 230 4061; x_wconf 82' lang='lat' dir='ltr'>glum</span> <span class='ocrx_word' id='word_1_349' title='bbox 248 3986 374 4047; x_wconf 88' lang='lat' dir='ltr'>amoris</span> <span class='ocrx_word' id='word_1_350' title='bbox 393 3995 428 4049; x_wconf 92' lang='lat' dir='ltr'>et</span> <span class='ocrx_word' id='word_1_351' title='bbox 448 3983 651 4066; x_wconf 91' lang='lat' dir='ltr'>sapientiae,</span> <span class='ocrx_word' id='word_1_352' title='bbox 672 4005 732 4047; x_wconf 90' lang='lat' dir='ltr'>seu</span> <span class='ocrx_word' id='word_1_353' title='bbox 751 3985 831 4048; x_wconf 92' lang='lat' dir='ltr'>boni</span> <span class='ocrx_word' id='word_1_354' title='bbox 854 3996 890 4049; x_wconf 91' lang='lat' dir='ltr'>et</span> <span class='ocrx_word' id='word_1_355' title='bbox 913 3987 995 4059; x_wconf 91' lang='lat' dir='ltr'>veri,</span> <span class='ocrx_word' id='word_1_356' title='bbox 1016 4007 1061 4048; x_wconf 88' lang='lat' dir='ltr'>ex</span> <span class='ocrx_word' id='word_1_357' title='bbox 1084 4006 1152 4068; x_wconf 92' lang='lat' dir='ltr'>quo</span> <span class='ocrx_word' id='word_1_358' title='bbox 1175 4005 1259 4049; x_wconf 89' lang='lat' dir='ltr'>con·</span> 
     </span>
     <span class='ocr_line' id='line_1_42' title="bbox 134 4071 1257 4163; baseline 0.005 -25"><span class='ocrx_word' id='word_1_359' title='bbox 134 4071 228 4159; x_wconf 78' lang='lat' dir='ltr'>jugia</span> <span class='ocrx_word' id='word_1_360' title='bbox 245 4096 344 4142; x_wconf 88' lang='lat' dir='ltr'>suam</span> <span class='ocrx_word' id='word_1_361' title='bbox 363 4080 530 4160; x_wconf 84' lang='lat' dir='ltr'>originem</span> <span class='ocrx_word' id='word_1_362' title='bbox 550 4080 648 4143; x_wconf 90' lang='lat' dir='ltr'>unice</span> <span class='ocrx_word' id='word_1_363' title='bbox 668 4079 807 4155; x_wconf 90' lang='lat' dir='ltr'>ducunt,</span> <span class='ocrx_word' id='word_1_364' title='bbox 824 4081 868 4144; x_wconf 91' lang='lat' dir='ltr'>ab</span> <span class='ocrx_word' id='word_1_365' title='bbox 887 4081 968 4163; x_wconf 90' lang='lat' dir='ltr'>Ipso</span> <span class='ocrx_word' id='word_1_366' title='bbox 987 4081 1063 4144; x_wconf 91' lang='lat' dir='ltr'>solo</span> <span class='ocrx_word' id='word_1_367' title='bbox 1083 4082 1257 4162; x_wconf 88' lang='lat' dir='ltr'>procedat.</span> 
     </span>
    </p>
   </div>
   <div class='ocr_carea' id='block_1_5' title="bbox 0 0 1396 5026">
    <p class='ocr_par' dir='ltr' id='par_1_9' title="bbox 0 0 1396 5026">
     <span class='ocr_line' id='line_1_43' title="bbox 0 0 1396 5026; baseline 0 4"><span class='ocrx_word' id='word_1_368' title='bbox 0 0 1396 5026; x_wconf 95' lang='lat' dir='ltr'> </span> 
     </span>
    </p>
   </div>
  </div>
 </body>
</html>
