2782 5026
178 424 242 507 336
510 432 760 485 volturnus
780 432 967 483 txsaxun

175 608 391 695 apiritmlem
412 606 609 683 bominem
637 626 743 689 quare
764 606 926 688 sequitur,
949 605 1045 688 quod
1063 605 1287 688 jucunditates

173 707 288 770 carnis
302 704 417 788 quoad
431 702 667 783 jumnditates
678 703 807 765 amoris
823 702 1032 773 scutatorii,
1051 720 1124 765 non
1141 704 1213 766 sint
1234 704 1289 767 nisi

174 819 278 884 quam
294 800 472 862 libidinum
486 797 780 869 climentiae,
789 816 878 879 quae
891 797 928 859 in
942 798 1068 879 spiritu
1082 796 1171 861 liunt
1184 808 1290 863 scate-

174 897 259 959 brae
275 894 573 976 impudicitiam.

236 1003 336 1072 441.
355 989 599 1070 jucunditates
612 999 730 1050 autem
740 987 869 1050 amons
881 985 1089 1069 conjugialis
1103 987 1189 1053 nihil
1203 1006 1294 1053 com-

174 1102 279 1149 mune
297 1085 428 1147 babent
449 1102 529 1147 cum
546 1082 750 1146 faeculentis
763 1082 1038 1163 jucunditatibus
1053 1085 1183 1146 amoris
1205 1103 1295 1149 scor*

174 1181 315 1255 tatorii;
346 1180 412 1243 bae
440 1178 581 1262 quidem
601 1179 720 1241 insunt
748 1178 843 1240 carni
869 1177 1019 1258 cujusvis
1048 1177 1212 1252 bominis,
1238 1177 1296 1242 sed

173 1285 379 1357 separantur
395 1285 433 1337 et
455 1284 688 1346 removentur,
706 1274 796 1335 sicut
814 1272 955 1353 spiritus
973 1272 1124 1336 bominis
1142 1272 1298 1337 elevatur

173 1389 278 1451 supra
304 1369 477 1433 sensualia
505 1369 671 1448 corporis,
693 1378 731 1430 et
759 1387 807 1430 ex
834 1366 1021 1430 altitudine
1049 1368 1149 1432 videt
1178 1367 1297 1432 horum

172 1466 396 1547 apparentias
430 1474 467 1526 et
502 1462 659 1525 iallacias
690 1461 799 1537 inira3
835 1461 994 1525 similiter
1030 1473 1116 1526 tunc
1152 1464 1298 1546 percipit

170 1560 321 1643 jucunda
336 1578 462 1622 carnea
480 1558 627 1640 primum
645 1565 684 1619 ut
700 1556 852 1637 jucunda
868 1559 1076 1638 apparentia
1093 1567 1131 1621 et
1150 1559 1298 1633 fallacia,

173 1674 216 1719 ac
233 1666 358 1737 postea
380 1665 418 1716 ut
442 1653 625 1715 libidinosa
647 1664 684 1714 et
708 1651 837 1713 lasciva
858 1670 947 1733 quae
963 1652 1128 1733 fugienda
1146 1665 1242 1728 sunt,
1260 1672 1300 1717 ac

173 1750 367 1813 successive
386 1760 423 1811 ut
442 1748 611 1809 damnosa
628 1758 666 1809 et
684 1748 820 1808 animae
837 1748 955 1820 noxia,
971 1756 1009 1810 et
1027 1748 1173 1811 tandern
1193 1751 1299 1814 sentit

60 1897 77 1925 ,
173 1844 234 1909 illa
251 1854 290 1908 ut
306 1843 500 1925 injucunda,
520 1854 623 1911 tetra,
642 1853 679 1905 et
698 1842 962 1917 nauseabunda;
988 1851 1026 1906 et
1047 1844 1082 1905 in
1101 1864 1173 1926 quo
1191 1846 1300 1927 gradu

173 1940 235 2004 illa
250 1940 399 2022 jucunda
417 1941 469 2002 ita
486 1939 634 2021 percipit
651 1949 688 2000 et
707 1939 828 2010 sentit,
847 1937 882 1999 in
904 1957 949 1999 en
965 1937 1072 2001 etiarn
1090 1939 1205 2019 gradu
1223 1960 1300 2023 per,

173 2036 258 2117 cipit
277 2034 430 2116 jucunda
451 2034 579 2096 amoris
600 2031 805 2112 coniugialia
832 2042 869 2094 ut
895 2032 1042 2095 innocua
1064 2045 1103 2096 et
1125 2044 1242 2110 casta,
1264 2045 1300 2099 et

174 2131 319 2194 tandem
337 2139 375 2193 ut
394 2129 561 2192 deliciosa
578 2139 615 2190 et
638 2128 754 2189 beata
798 2124 901 2207 Quod
916 2126 1156 2206 jucunditates
1172 2131 1301 2194 amoris

175 2224 379 2306 conjugialis
393 2224 501 2286 etiam
516 2221 601 2285 liant
616 2222 755 2307 spiritus
769 2222 804 2283 in
819 2241 933 2293 carne,
949 2231 1003 2286 est
1019 2225 1101 2305 quia
1115 2234 1301 2308 postquam

171 2318 408 2406 jucunditates
418 2319 547 2381 amoris
561 2318 756 2380 scortatorii
771 2328 926 2380 remotae
941 2328 1035 2392 sunt,
1048 2328 1087 2382 ut
1100 2337 1187 2381 rnox
1200 2336 1303 2402 supra

174 2411 303 2478 dictum
319 2424 385 2483 est,
402 2414 541 2495 spiritus
556 2412 691 2475 solutus
708 2413 753 2474 ab
770 2412 837 2475 illis
854 2412 890 2475 in
905 2432 1030 2494 corpus
1045 2413 1155 2477 intrat
1172 2423 1302 2493 castus,

174 2527 215 2572 ac
233 2510 366 2573 deliciis
381 2508 607 2571 beatitudinis
622 2528 704 2571 suae
723 2507 844 2589 implet
861 2504 1011 2590 pectora,
1029 2517 1068 2571 et
1086 2529 1134 2572 ex
1153 2506 1303 2591 pectoris

174 2604 239 2667 bus
264 2606 371 2667 etiarn
394 2604 516 2666 ultima
539 2602 630 2665 illius
651 2603 778 2664 amoris
803 2603 837 2664 in
861 2621 1025 2683 corpore,
1055 2603 1138 2667 inde
1161 2605 1303 2686 spiritus

175 2716 254 2762 curn
270 2701 334 2771 his,
351 2709 387 2762 et
404 2699 490 2761 baec
507 2716 585 2760 curn
601 2698 733 2779 spiritu,
747 2706 871 2779 postea
885 2696 920 2759 in
935 2694 1041 2778 plena
1055 2699 1302 2763 communione

177 2804 294 2877 agunt.

237 2904 337 2974 442.
364 2888 467 2969 (xvi.)
496 2886 596 2963 Quod
608 2886 842 2971 jucunditates
862 2887 990 2951 sums
1011 2890 1215 2953 scortatorii
1233 2891 1304 2957 rrirt

173 2984 360 3066 uoluptates
378 2984 541 3051 insamae.
560 2992 600 3046 ot
621 2983 712 3064 quod
714 2982 944 3063 jucunditates
961 2983 1089 3046 cruoris
1103 2986 1302 3070 conjirgr‘olir

173 3079 245 3144 sint
260 3079 396 3142 delinire
412 3075 757 3159 snpientia—Quod
772 3076 1006 3157 jucunditates
1021 3079 1151 3143 amoris
1167 3090 1302 3145 scorta·

174 3174 254 3238 torii
269 3175 338 3237 sint
354 3174 556 3256 voluptates
574 3174 740 3243 insaniae,
757 3182 812 3236 est
827 3173 905 3255 quia
921 3192 989 3235 non
1004 3173 1063 3236 alii
1078 3194 1183 3256 quam
1199 3186 1301 3239 natu·

173 3269 264 3333 tales
286 3265 473 3331 ¹¹¹homines
502 3269 537 3330 in
566 3268 629 3330 illo
657 3287 776 3330 amore
805 3278 897 3339 sunt,
927 3286 968 3330 ac
998 3269 1167 3332 naturalis
1195 3270 1302 3335 bomo

173 3364 300 3427 insanit
320 3364 353 3426 in
372 3362 617 3446 spiritualibus,
635 3373 689 3425 est
706 3363 797 3425 enim
814 3374 937 3425 contra
951 3360 1020 3435 illa,
1034 3381 1074 3426 ac
1091 3365 1173 3427 ideo
1188 3364 1301 3429 solum

171 3457 405 3541 jucunditates
418 3458 604 3531 naturales,
617 3456 805 3529 sensuales,
818 3466 855 3521 et
872 3476 1055 3538 corporeas
1065 3458 1297 3542 amplectitur.

174 3552 309 3617 Dicitur
330 3554 422 3636 quod
442 3553 680 3634 jucunditates
703 3551 890 3625 naturales,
914 3551 1092 3616 sensuales
1115 3564 1152 3618 et
1175 3576 1300 3639 corpo

172 3666 261 3719 reas,
274 3648 351 3729 quia
369 3648 528 3711 naturale
543 3648 767 3729 distinguitur
782 3648 816 3710 in
832 3658 903 3710 tres
916 3647 1063 3729 gradus3
1086 3649 1121 3711 in
1138 3669 1300 3730 supremo

172 3742 281 3827 gradu
298 3743 473 3807 naturales
488 3752 568 3805 sunt
588 3742 648 3816 illi,
665 3743 722 3824 qui
740 3763 786 3805 ex
805 3743 879 3805 visu
894 3741 1053 3807 rationali
1068 3743 1190 3808 vident
1207 3745 1299 3809 insa·

173 3838 258 3911 nias,
278 3848 314 3901 et
333 3859 440 3921 usque
458 3837 613 3901 feruntur
631 3856 652 3900 a
667 3837 824 3917 jucundis
843 3837 988 3910 illarum,
1005 3837 1093 3900 sicut
1112 3839 1262 3919 cymbae
1278 3859 1300 3905 a

172 3951 262 3996 vena
285 3931 397 4007 fluvii:
427 3933 461 3996 in
484 3933 634 3996 interiori
657 3933 766 4012 gradu
789 3931 963 3996 naturales
985 3943 1077 4007 sunt,
1101 3934 1158 4016 qui
1185 3934 1299 4007 solum

172 4027 292 4091 vident
309 4038 344 4090 et
360 4027 517 4108 judicant
534 4047 582 4090 ex
601 4027 758 4088 sensibus
774 4026 937 4109 corporis,
953 4045 994 4089 ac
1012 4027 1197 4091 rationalia
1213 4047 1297 4093 con·

173 4131 229 4187 tra
255 4124 477 4205 apparentiae
499 4131 536 4186 et
558 4121 713 4185 fallacias
735 4133 974 4203 aspernantur,
996 4130 1033 4185 et
1056 4123 1145 4185 sicut
1168 4122 1297 4188 floccos

172 4218 349 4301 rejiciunt;
373 4220 406 4282 in
426 4217 543 4281 infimo
561 4218 670 4299 gradu
687 4218 863 4281 naturales
878 4227 969 4291 sunt,
986 4218 1042 4299 qui
1061 4218 1193 4301 absquo
1207 4218 1295 4300 judi·

173 4314 227 4378 cio
245 4313 398 4376 feruntur
416 4315 461 4375 ab
479 4313 691 4375 illecebrosis
709 4314 863 4376 aestibus
882 4313 932 4374 sui
950 4313 1126 4394 corporis;
1150 4312 1185 4377 ni
1203 4325 1293 4389 sunt,

173 4407 229 4492 qul
248 4418 415 4471 vocantur
431 4407 607 4471 naturales
625 4410 791 4490 corporei,
809 4409 939 4492 priores
956 4407 1006 4471 illi
1024 4408 1202 4479 naturales
1216 4427 1294 4473 sen·
