2782 5026
338 493 387 544 nn
409 493 543 545 nnonr:
565 490 884 559 comumnes-u.
904 478 955 558 87.
1163 476 1203 556 83

147 666 219 746 85·
249 661 337 726 Cum
353 663 466 745 itaque
483 662 649 726 Dominus
666 661 760 724 Deus
777 659 921 725 Creator
936 667 989 723 est
1005 658 1076 741 ipse
1094 658 1206 722 Amor

87 767 120 821 et
139 759 213 839 ipsa
231 755 418 838 Sapientia,
438 767 474 820 et
493 757 537 820 ab
553 757 633 839 Ipso
651 765 803 819 creatum
820 765 874 819 est
892 755 1096 831 universum,
1114 755 1205 837 quod

87 852 162 915 inde
184 862 240 915 est
263 853 351 914 sicut
370 871 454 933 opus
472 851 662 932 procedens
685 851 729 914 ab
752 850 843 931 Ipso,
864 870 932 913 non
956 858 1073 931 potest
1091 851 1204 927 aliter,

88 964 185 1027 quam
204 945 297 1027 quod
321 947 354 1007 in
374 946 530 1008 omnibus
549 954 584 1007 et
608 944 749 1026 singulis
768 945 891 1007 creatis
909 945 953 1006 sit
976 944 1102 1026 aliquid
1125 944 1205 1007 boni

88 1051 120 1104 et
136 1042 207 1103 veri
226 1041 271 1104 ab
287 1041 387 1122 Ipso;
412 1061 491 1103 narn
507 1041 598 1123 quod
617 1039 655 1103 fit
671 1049 706 1102 et
726 1040 880 1121 procedit
899 1039 943 1102 ab
958 1038 1083 1121 aliquo,
1100 1039 1205 1102 trahit

90 1135 192 1198 simile
220 1136 265 1198 ab
294 1135 364 1199 illo.
410 1135 511 1217 Quod
534 1136 583 1198 ita
605 1136 660 1209 sit,
681 1135 786 1197 etiam
805 1143 921 1216 potest
943 1135 1077 1198 ratione
1099 1134 1205 1197 videri

91 1248 128 1292 ex
140 1231 261 1293 ordine
277 1232 310 1294 in
330 1251 398 1314 quo
414 1231 527 1294 omnia
543 1240 579 1293 et
595 1229 729 1311 singula
745 1229 889 1292 universi
906 1229 1011 1292 creati
1027 1237 1106 1291 sunt
1121 1249 1128 1305 ;
1149 1229 1205 1310 qui

91 1333 148 1397 est,
167 1325 259 1405 quod
279 1344 383 1387 unum
412 1326 456 1388 sit
483 1334 622 1406 propter
640 1323 796 1398 alterum,
817 1333 853 1386 et
884 1323 975 1405 quod
999 1323 1079 1384 inde
1102 1340 1205 1384 unum

92 1419 233 1497 pendeat
249 1420 294 1483 ab
308 1419 430 1493 altero,
444 1420 531 1483 sicut
548 1429 671 1483 catena
686 1440 731 1481 ex
749 1419 863 1495 uncis3
888 1427 967 1480 sunt
984 1418 1074 1481 enim
1091 1418 1206 1480 omnia

92 1524 223 1595 propter
240 1514 426 1577 humanum
443 1534 561 1595 genus,
583 1524 619 1577 ut
641 1535 687 1577 ex
705 1512 766 1577 illo
785 1514 829 1576 sit
848 1512 980 1575 caelum
1000 1511 1204 1593 angelicum,

93 1626 143 1686 per
160 1610 251 1692 quod
271 1611 358 1673 redit
377 1611 506 1673 creatio
525 1610 569 1672 ad
593 1610 708 1691 Ipsum
728 1608 940 1683 Creatorem,
960 1629 980 1671 a
1003 1607 1100 1689 Quo:
1125 1609 1204 1671 inde

90 1714 138 1766 est
167 1701 363 1784 conjundtio
381 1704 526 1766 universi
556 1706 661 1767 creati
689 1724 766 1766 cum
796 1724 858 1766 suo
885 1702 1059 1777 Creatore,
1080 1712 1115 1765 et
1145 1723 1206 1784 per

85 1795 357 1878 conjunctionem
374 1799 582 1878 sempiterna
597 1798 823 1861 conservatio.
868 1796 926 1859 Ex
944 1797 1010 1860 hoc
1031 1807 1094 1872 est,
1111 1797 1204 1879 quod

83 1892 210 1954 bonum
230 1901 266 1954 et
285 1911 403 1954 verum
423 1892 578 1954 dicantur
597 1891 801 1955 universalia
819 1893 1019 1954 creationis:
1044 1893 1135 1973 quod
1156 1892 1205 1954 ita

75 1987 141 2060 sit,
163 1996 259 2066 patet
289 1987 396 2048 cuivis
422 1986 754 2068 contemplatoriex
785 1987 937 2065 ratione3
967 1985 1021 2049 hic
1044 1986 1139 2048 videt
1169 1986 1202 2048 in

72 2083 177 2144 omni
195 2090 315 2144 creato
334 2081 368 2143 id
391 2081 482 2163 quod
505 2102 541 2144 se
560 2081 663 2145 refert
688 2081 732 2144 ad
760 2081 898 2157 bonum,
919 2089 955 2144 et
984 2081 1017 2143 id
1047 2080 1139 2163 quod
1168 2100 1205 2143 se

66 2173 185 2238 refert
203 2176 246 2238 ad
266 2195 394 2238 verum.

151 2268 220 2336 86.
250 2267 352 2351 Quod
381 2270 507 2332 bonum
538 2279 573 2334 et
602 2290 719 2333 verum
750 2270 783 2333 in
807 2266 966 2351 subjeetis
989 2269 1112 2333 creatis
1134 2269 1205 2332 sint

62 2364 268 2426 secundum
288 2362 435 2444 cujusvis
453 2365 606 2439 sormam,
626 2374 679 2428 est
698 2365 775 2447 quia
794 2384 895 2427 omne
912 2361 1100 2444 subjedtum
1119 2363 1204 2426 reci·

61 2458 143 2536 pit
161 2458 320 2521 influxum
340 2459 526 2521 secundum
545 2458 659 2537 illam;
687 2461 903 2521 conservatio
927 2460 1032 2522 totius
1058 2477 1126 2520 non
1150 2468 1204 2520 est

63 2549 178 2613 aliud
195 2572 295 2634 quam
316 2563 499 2634 perpetuus
519 2552 666 2615 influxus
685 2553 800 2616 Divini
820 2553 906 2615 Boni
929 2562 965 2616 et
989 2552 1101 2614 Divini
1121 2551 1204 2614 Veri

63 2643 120 2703 in
150 2644 264 2709 formas
287 2667 367 2709 ase
391 2658 534 2721 creatas,
552 2648 599 2710 sic
623 2648 713 2710 enim
737 2647 960 2710 subsistentia
982 2667 1042 2709 seu
1065 2667 1204 2708 conser-

68 2740 182 2801 vatio
205 2751 258 2804 est
287 2751 454 2822 perpetua
483 2743 670 2805 existentia
698 2762 758 2804 seu
788 2743 927 2805 creatio.
972 2739 1074 2822 Quod
1104 2760 1205 2803 omne

72 2831 270 2913 subjeetum
284 2836 427 2916 recipiat
444 2835 607 2898 influxum
622 2837 809 2899 secundum
827 2854 921 2899 suam
937 2835 1091 2909 formam,
1109 2835 1204 2898 illus·

76 2928 171 2989 tran
186 2939 300 3010 potest
324 2949 384 3011 per
403 2931 514 3007 varia;
542 2940 579 2993 ut
603 2951 662 3012 per
681 2930 845 2993 influxum
869 2928 991 2992 caloris
1014 2939 1050 2992 et
1076 2929 1160 2993 lucis
1184 2950 1203 2992 e

81 3018 164 3082 sole
179 3024 208 3085 in
225 3026 337 3087 omnis
353 3026 487 3105 generis
502 3025 731 3106 vegetabilia3
755 3024 933 3108 quodlibet
949 3045 994 3088 ex
1014 3024 1067 3088 his
1084 3025 1204 3105 recipit

86 3103 181 3179 illum
197 3119 383 3181 secundum
403 3139 498 3181 suam
517 3118 671 3193 sormam,
692 3120 741 3182 ita
764 3120 875 3183 omnis
894 3119 995 3182 arbor
1013 3119 1201 3181 secundum

93 3216 193 3286 suam,
215 3233 316 3276 omne
346 3212 531 3294 virgultum
556 3214 741 3276 secundum
766 3232 872 3288 suam,
897 3215 1007 3276 omnis
1030 3213 1136 3277 herba
1166 3226 1203 3278 et

98 3311 186 3368 omne
195 3327 334 3389 gramen
345 3308 530 3370 secundum
543 3326 638 3370 suam
650 3329 657 3385 ;
677 3308 823 3371 influxus
832 3320 885 3372 est
898 3309 1015 3371 similis
1028 3309 1061 3371 in
1076 3310 1201 3384 omnia,

103 3396 155 3457 sed
168 3405 320 3485 receptio,
338 3403 417 3485 quia
433 3412 486 3465 est
502 3403 687 3465 secundum
703 3403 857 3479 sormam,
874 3403 955 3466 facit
972 3413 1009 3466 ut
1028 3403 1202 3485 quaelibet

107 3496 213 3564 species
238 3507 381 3561 maneat
411 3518 472 3560 sua
501 3499 643 3580 species.
688 3498 784 3561 Idem
814 3498 879 3561 hoc
910 3498 1013 3560 etiam
1044 3498 1204 3563 illustrari

110 3594 200 3655 Potest
220 3613 279 3675 per
302 3591 467 3655 influxum
490 3593 524 3655 in
548 3594 658 3656 omnis
677 3593 811 3674 generis
834 3592 994 3656 animalia
1016 3594 1202 3657 secundum

111 3675 227 3755 cujusvis
256 3686 412 3749 sormam.
457 3686 558 3768 Quod
586 3687 732 3750 influxus
762 3688 805 3749 sit
838 3687 1026 3750 secundum
1056 3687 1202 3769 cujusvis

112 3762 233 3869 formam,
250 3782 357 3844 etiam
376 3800 397 3842 a
415 3782 541 3844 rustico
558 3790 674 3862 potest
691 3780 809 3854 videri,
827 3782 855 3843 si
874 3781 1027 3845 attendit
1045 3782 1089 3844 ad
1108 3783 1203 3844 varia

112 3877 307 3939 instrumenta
341 3875 426 3951 soni,
457 3875 502 3937 ad
532 3874 673 3948 fistulas,
699 3875 810 3947 tibias,
835 3875 947 3950 tubas,
971 3875 1142 3950 buccinas
1167 3887 1203 3939 et

113 3971 220 4044 0rgana,
234 3969 327 4053 quod
344 3969 429 4031 haec
445 3979 570 4034 sonent
585 3991 630 4032 ex
646 3969 748 4032 simili
759 3968 877 4032 afflatu
893 3989 953 4032 seu
969 3969 1099 4033 influxu
1115 3971 1202 4033 aeris

113 4065 265 4128 secundum
284 4084 365 4129 suas
382 4062 518 4127 formas.

156 4151 211 4239 87.
234 4157 297 4242 (ii.)
326 4157 426 4236 Quod
443 4178 507 4221 non
535 4157 633 4222 detur
657 4155 775 4221 bonum
800 4157 1005 4233 solitarium,
1030 4158 1093 4223 sed
1114 4160 1205 4242 quod

114 4236 194 4313 vlr‘vis
210 4252 381 4336 comantia
399 4250 590 4332 sint-Qui
612 4272 657 4315 ex
675 4252 789 4335 aliquo
808 4272 910 4315 sensu
928 4253 1005 4316 vult
1024 4253 1086 4316 sibi
1106 4273 1201 4315 corn·

10 4350 12 4435 j
113 4347 201 4408 Parare
220 4347 333 4410 ideam
357 4346 402 4409 de
425 4345 526 4421 bono,
552 4366 620 4409 non
644 4356 760 4427 potest
782 4348 934 4410 invenire
956 4347 1049 4411 illam
1072 4348 1202 4431 absque

114 4424 199 4515 aliquo
214 4439 361 4525 adjecto,
378 4440 470 4524 quod
490 4440 582 4504 sistit
598 4451 634 4504 et
650 4441 846 4506 manifestat
864 4442 968 4521 illud;
987 4443 1116 4525 absque
1134 4443 1200 4508 hoc
