2782 5026
135 448 195 499 110
477 446 660 499 DELICIAE
682 446 911 500 sumimur:

129 628 161 674 et
170 611 292 673 scribite
302 616 379 672 banc
389 618 589 688 supercharta
597 634 684 681 nova,
693 628 725 673 et
735 618 816 674 iilam
826 618 963 689 reponite
972 635 1064 689 super
1073 617 1132 673 hac
1143 635 1260 682 mensa,

130 708 162 753 et
175 697 357 758 videbimus;
376 697 401 752 si
417 699 569 752 sententia
586 715 676 769 super
690 699 775 754 lance
788 699 960 769 aequilibris
975 709 1006 752 et
1020 700 1105 769 justa
1119 710 1259 769 apparet,

130 776 251 831 dabitur
264 777 372 848 cuique
386 787 519 832 vestrum
536 777 700 848 praemium
715 778 907 849 sapientiae.''
945 776 1003 833 His
1021 777 1108 834 ledlis
1124 795 1259 835 recesse-

131 866 202 910 runt
214 854 276 909 bini
288 855 397 926 angeli,
410 871 446 910 ac
458 857 568 911 sublati
582 868 652 912 sunt
665 857 695 912 in
706 873 778 912 suos
790 857 898 913 caelos.

186 933 224 989 Et
241 944 315 989 tunc
332 935 473 990 sedentes
492 950 581 1006 super
599 935 682 991 soliis
701 937 884 1008 incipiebant
898 934 1044 990 ventilare
1063 946 1096 991 et
1113 936 1258 992 evolvere

129 1028 238 1069 arcana
247 1013 305 1069 iliis
319 1015 483 1084 proposita,
495 1025 527 1070 et
539 1015 632 1070 locuti
645 1026 716 1070 sunt
730 1017 759 1070 in
773 1016 887 1078 ordine,
900 1015 1029 1086 primum
1039 1015 1094 1086 qui
1107 1016 1257 1070 sedebant

129 1094 168 1148 ad
185 1093 429 1163 septentrionem,
445 1094 514 1149 dein
530 1094 572 1149 illi
587 1095 640 1166 qui
655 1096 693 1149 ad
709 1095 906 1156 occidentem,
922 1106 1028 1166 postea
1042 1095 1095 1165 qui
1110 1095 1151 1149 ad
1168 1095 1256 1149 meri-

130 1173 219 1234 diem,
228 1184 259 1228 et
269 1174 376 1229 ultimo
383 1174 434 1245 qui
445 1176 482 1229 ad
491 1174 638 1230 orientem
650 1193 657 1240 ;
671 1187 703 1231 et
712 1186 938 1248 assumpserunt
944 1175 1074 1246 primum
1082 1172 1254 1245 subjetium

129 1253 341 1313 ventilationis.
355 1254 437 1324 quod
456 1265 528 1318 erat,
544 1255 626 1325 Qm'd
641 1258 739 1326 rinago
755 1258 822 1318 Dei,
833 1262 862 1310 et
874 1255 950 1324 quill
959 1254 1128 1308 st'mt'litudo
1141 1255 1209 1316 Dei,
1223 1257 1256 1306 in

39 1373 43 1381 .
129 1348 203 1401 quas
220 1332 301 1386 homo
317 1340 434 1386 creatus
450 1340 500 1388 est.
537 1333 624 1388 Tunc
642 1333 772 1406 primum
797 1351 834 1390 ex
858 1334 948 1389 Libro
967 1333 1133 1388 Creatr'onri
1151 1348 1253 1388 coram

130 1411 271 1466 omnibus
285 1408 433 1481 praeletla
445 1422 516 1466 sunt
529 1413 619 1468 haec:

175 1511 267 1557 “Dixit
280 1511 355 1561 Deus.
368 1511 495 1556 Faciamus
504 1511 627 1556 hominem
638 1511 662 1557 in
670 1511 800 1571 imaginem
811 1519 916 1558 nostram
927 1512 1061 1558 seeundum
1072 1512 1254 1558 slmssitudment

251 1580 370 1625 nostram:
383 1607 388 1617 .
402 1607 423 1618 ..
436 1579 473 1618 ,et
492 1572 579 1617 creavit
597 1573 664 1618 Deus
673 1573 796 1620 homiuem
811 1574 837 1620 ia
851 1575 980 1632 imaginem
990 1587 1068 1626 mam,
1079 1574 1104 1619 in
1123 1574 1254 1632 imaginem

252 1633 297 1678 Dei
308 1632 395 1678 creavit
406 1633 473 1677 illum
483 1632 496 1648 '⁸
509 1631 580 1693 (Gen
592 1633 606 1678 i.
619 1634 656 1687 26,
667 1635 723 1691 27):

176 1693 256 1751 “Quo
267 1694 306 1738 die
317 1694 385 1739 Deus
393 1695 481 1738 creavit
491 1694 622 1747 hominem,
633 1694 658 1739 in
668 1694 849 1741 similitudinem
860 1694 906 1740 Dei
917 1694 972 1740 fecit
981 1707 1038 1740 eum
1046 1693 1060 1710 '¹
1074 1692 1150 1755 (Gen.
1161 1708 1184 1742 v.
1196 1693 1224 1754 i).

186 1800 232 1855 illi
248 1802 298 1872 qui
312 1801 458 1856 sedebant
473 1802 511 1855 ad
527 1801 762 1871 septentrionem
776 1802 905 1873 primum
917 1801 1011 1856 locuti
1024 1813 1104 1865 sunt,
1118 1803 1254 1858 dicentes

130 1881 211 1952 quod
228 1881 327 1952 imago
344 1880 399 1935 Dei
422 1889 453 1935 et
475 1879 640 1935 similitudo
655 1879 712 1935 Dei
733 1881 794 1936 sint
808 1881 896 1937 binae
910 1881 990 1937 vitae
1006 1882 1123 1936 bomini
1146 1899 1166 1936 a
1189 1881 1253 1937 Deo

132 1960 301 2031 inspiratae,
314 1975 391 2032 quae
404 1970 474 2014 sunt
486 1959 549 2014 vita
560 1959 725 2015 voluntatis
739 1971 771 2016 et
785 1961 849 2016 vita
862 1958 1046 2022 inteliedlus3
1066 1968 1082 1990 ‘⁸
1092 1977 1164 2015 nam
1180 1962 1253 2032 tegi-

131 2050 190 2101 tur,

177 2138 299 2200 'Jehovah
317 2139 397 2184 Deus.
407 2171 413 2183 .
424 2172 430 2183 .
440 2136 560 2195 inspiravit
579 2137 603 2181 in
619 2134 702 2182 nares'
712 2136 801 2182 Atlanti
811 2137 929 2183 'animam
945 2137 1061 2194 titanum
1084 2144 1108 2184 et
1123 2137 1205 2185 iactus
1219 2144 1254 2185 est

251 2200 326 2244 homo
337 2199 361 2243 in
372 2198 476 2243 animam
488 2197 620 2242 viventem'
630 2194 702 2258 (Gen.
713 2198 736 2244 ii.
748 2197 788 2259 7);

132 2301 177 2356 ‘in
197 2301 299 2357 nares'
314 2313 361 2357 est
382 2302 411 2356 in
431 2301 663 2372 perceptionem,
681 2301 763 2372 quod
778 2301 918 2357 voluntas
936 2301 1007 2357 boni
1026 2317 1061 2357 ac
1080 2302 1254 2359 intellelius

131 2382 203 2444 veri,
216 2392 248 2436 et
263 2382 305 2436 sic
321 2382 420 2435 anima
435 2381 563 2435 vitarum
581 2380 622 2434 iiii
639 2379 765 2443 inesset;
783 2391 815 2436 et
829 2381 900 2452 quia
911 2381 975 2437 vita
988 2397 1006 2436 a
1023 2381 1089 2437 Deo
1104 2383 1146 2437 ilii
1161 2384 1253 2455 inspi-

131 2472 196 2516 rata
205 2473 259 2522 est,
269 2462 367 2532 imago
377 2471 408 2515 et
421 2460 587 2515 similitudo
599 2459 653 2514 Dei
664 2460 832 2531 significant
843 2460 1046 2532 integritatem
1057 2477 1095 2517 ex
1105 2462 1255 2534 sapientia
1268 2517 1274 2533 ,

131 2552 163 2596 et
176 2557 286 2601 amore,
300 2557 396 2610 exque
407 2540 525 2611 justitia
537 2551 574 2594 et
580 2540 693 2611 judicio
707 2542 735 2594 in
751 2540 829 2595 illo.”
934 2568 942 2595 ι
982 2578 986 2583 -

186 2619 243 2674 His
260 2620 300 2673 illi
314 2619 365 2690 qui
381 2620 526 2674 sedebant
539 2620 575 2674 ad
592 2620 779 2675 occidentem
793 2619 947 2681 laverunt;
964 2618 1138 2689 adjiciendo
1151 2631 1254 2677 tamen

131 2699 198 2761 hoc,
209 2700 290 2770 quod
304 2710 401 2753 status
411 2700 459 2753 ille
471 2699 651 2770 integritatis
664 2699 826 2770 inspiratus
837 2715 856 2752 a
866 2698 941 2761 Deo,
951 2698 1047 2753 cuivis
1057 2699 1176 2754 bomini
1187 2711 1256 2772 post

133 2779 216 2832 illum
232 2779 375 2832 continue
389 2778 564 2848 inspiretur;
583 2780 635 2833 sed
648 2780 729 2850 quod
746 2779 776 2833 in
792 2778 915 2833 homine
930 2777 970 2833 sit
982 2777 1058 2832 sicut
1075 2779 1105 2832 in
1121 2792 1256 2851 recepta·

132 2859 216 2919 culo:
235 2874 270 2911 ac
284 2857 384 2918 homo,
398 2858 475 2912 sicut
488 2869 535 2913 est
548 2859 778 2928 receptaculum,
788 2868 834 2912 est
848 2858 948 2928 imago
960 2867 991 2912 et
1003 2857 1176 2914 similitudo
1190 2859 1255 2916 Dei.

186 2936 297 2991 Postea
306 2937 386 2991 tertii
401 2936 430 2990 in
441 2937 555 2999 ordine,
566 2938 617 3010 qui
628 2948 713 2992 erant
722 2937 773 3009 qui
786 2938 930 2992 sedebant
942 2937 980 2991 ad
994 2937 1161 3000 meridiem,
1173 2939 1257 2994 dixe·

132 3027 210 3078 runt,
220 3024 236 3045 ‘⁴
246 3016 348 3087 imago
360 3015 415 3071 Dei
425 3027 456 3071 et
466 3017 633 3072 similitudo
646 3017 701 3071 Dei
710 3026 780 3072 sunt
790 3018 850 3072 duo
860 3014 1009 3078 distindla,
1020 3017 1073 3071 sed
1089 3017 1119 3070 in
1130 3017 1258 3074 homine

132 3111 150 3150 a
164 3096 315 3149 creatione
333 3096 432 3157 unita:
457 3107 489 3151 et
506 3097 644 3152 videmus
660 3097 736 3151 sicut
752 3113 789 3151 ex
807 3097 874 3151 luce
889 3096 1039 3157 interiore,
1052 3097 1135 3167 quod
1155 3097 1258 3169 imago

134 3173 190 3229 Dei
202 3175 298 3245 possit
307 3174 439 3245 disperdi
449 3176 488 3230 ab
497 3176 627 3238 homine,
639 3193 698 3230 non
710 3186 810 3230 autem
822 3175 989 3231 similitudo
1001 3174 1073 3237 Dei:
1092 3176 1154 3230 hoc
1164 3193 1258 3248 appa·

133 3263 178 3309 ret
193 3255 270 3308 sicut
286 3270 338 3324 per
353 3265 544 3310 transennam
561 3271 597 3310 ex
613 3272 658 3316 eo,
671 3257 752 3326 quod
767 3255 902 3310 Adamus
912 3255 1067 3310 retinuerit
1080 3257 1259 3311 similitudi·

133 3351 200 3388 nem
216 3333 280 3395 Dei,
297 3346 456 3405 postquam
469 3335 609 3390 amiserat
622 3335 782 3407 imaginem
798 3334 862 3398 Dei,
875 3351 944 3390 nam
958 3335 1067 3406 legitur
1080 3345 1150 3406 post
1165 3337 1257 3391 male·

132 3412 304 3474 ditiionem,

178 3514 183 3533 ¹
193 3510 256 3555 Ecce
266 3511 340 3554 homo
351 3517 386 3555 est
396 3510 456 3556 sicut
467 3523 530 3556 unus
540 3524 570 3556 ex
580 3509 657 3565 nobis,
667 3510 766 3556 sciendo
775 3510 867 3556 bonum
877 3517 902 3556 et
912 3508 1016 3556 malum'
1027 3508 1100 3570 (Gen.
1112 3510 1143 3556 iii.
1157 3512 1201 3574 aa)
1211 3527 1217 3567 ;

131 3629 162 3673 et
175 3629 281 3690 postea
292 3630 418 3673 vocatur
429 3619 594 3674 similitudo
609 3619 673 3682 Dei,
686 3628 718 3674 et
731 3635 790 3674 non
803 3618 903 3690 imago
916 3619 972 3674 Dei
984 3620 1065 3688 (Gen.
1075 3636 1103 3675 v.
1120 3621 1157 3687 ι).
1197 3622 1257 3677 Sed

132 3699 335 3768 relinquamus
353 3700 503 3754 consociis
522 3700 640 3759 nostris,
659 3699 710 3770 qui
726 3700 764 3753 ad
784 3699 929 3753 orientem
948 3701 1064 3760 sedent,
1080 3709 1113 3755 et
1133 3700 1207 3756 inde
1227 3702 1258 3756 in

132 3779 284 3848 superiore
298 3778 364 3832 luce
377 3789 456 3839 sunt,
467 3779 575 3840 dicere,
585 3779 658 3850 quid
672 3778 792 3849 proprie
806 3778 906 3849 imago
920 3778 975 3833 Dei
988 3789 1085 3841 estet
1098 3780 1174 3850 quid
1189 3796 1258 3851 pro-

132 3858 195 3928 prie
209 3857 375 3912 similitudo
390 3857 473 3912 Dei.”

187 3937 225 3992 Et
234 3948 306 3990 tunc
320 3948 390 4007 post
402 3936 555 3991 silentium
569 3935 688 3999 iac'ium,
701 3937 841 3991 sedentes
853 3936 891 3990 ad
904 3935 1051 3991 orientem
1065 3950 1082 3990 e
1094 3936 1183 3993 soliis
1192 3955 1258 3993 sur·

131 4028 282 4077 rexerunt,
296 4027 326 4070 et
339 4026 539 4087 suspexerunt
553 4018 589 4071 ad
609 4016 780 4078 Dominum,
794 4026 825 4070 et
839 4026 910 4087 post
922 4015 1102 4070 remiserunt
1116 4032 1150 4070 se
1166 4034 1260 4088 super

132 4097 216 4158 solia,
231 4106 262 4151 et
279 4096 429 4157 dixerunt,
445 4096 526 4167 quod
550 4096 650 4167 imago
670 4095 725 4150 Dei
744 4097 784 4151 sit
803 4096 1025 4166 receptaculum
1051 4095 1116 4157 Dei,
1133 4106 1166 4151 et
1185 4099 1257 4168 quia

135 4175 215 4231 Deus
228 4187 275 4230 est
289 4176 351 4246 ipse
364 4191 449 4229 amor
461 4186 492 4230 et
505 4174 569 4246 ipsa
581 4176 737 4245 sapientia,
750 4176 832 4246 quod
846 4176 946 4247 imago
959 4175 1015 4230 Dei
1028 4175 1068 4231 sit
1077 4187 1258 4247 ,receptacu-

133 4255 193 4308 lum
205 4258 314 4311 amoris
325 4267 355 4309 et
365 4254 529 4325 sapientiae
539 4271 557 4309 a
569 4254 633 4309 Deo
644 4254 672 4308 in
685 4256 750 4316 illo:
765 4267 796 4309 at
806 4256 887 4326 quod
895 4255 1062 4310 similitudo
1072 4255 1129 4311 Dei
1139 4259 1181 4312 sit
1191 4274 1258 4328 per·

135 4334 211 4389 ledia
226 4337 393 4390 similitudo
408 4345 439 4389 et
455 4335 543 4405 piena
558 4335 733 4405 apparentia
748 4336 825 4389 sicut
840 4351 926 4389 amor
939 4345 970 4390 et
985 4335 1134 4406 sapientia
1145 4337 1209 4393 sint
1226 4337 1257 4392 in

132 4414 263 4478 homine,
279 4426 310 4471 et
325 4417 394 4470 inde
410 4431 531 4487 prorsus
544 4415 623 4470 sicut
637 4416 717 4486 ejus;
745 4415 863 4470 “homo
876 4415 956 4470 enim
972 4431 1033 4470 non
1048 4417 1144 4471 sentit
1157 4418 1258 4483 aliter,
