2850 5026
404 432 455 482 oa
479 431 614 484 Ariona
637 432 959 500 comparant-u.
979 421 1053 486 218.
1229 439 1289 506 177

168 601 267 687 gialis
286 602 437 666 resideat
454 604 543 685 apud
561 624 697 679 uxores,
715 605 776 668 sed
793 605 885 688 quod
900 624 996 668 amor
1012 603 1144 669 illarum
1161 604 1291 690 depen·
1324 633 1327 641 ¹

169 698 252 761 deat
271 718 291 760 a
311 699 452 760 maritis.

230 807 320 875 217.
346 791 441 875 (viii.)
469 791 567 871 Quod
589 814 709 857 uxores
735 805 846 858 ament
866 794 999 858 vincula
1020 796 1171 879 carry'ugii,
1195 795 1290 860 mode

167 886 241 950 viri
255 898 366 950 ament
384 888 426 950 ill
448 889 578 952 .—Hoc
609 890 758 971 sequitur
786 911 830 953 ex
864 889 964 953 dietis
994 893 1027 953 in
1058 892 1289 972 praecedente

167 982 331 1047 articulo:
363 984 510 1058 accedit,
522 985 612 1065 quod
624 1005 750 1047 uxores
767 1006 812 1048 ex
828 987 930 1047 insito
940 986 1047 1049 velint
1059 1007 1183 1049 uxores
1202 1007 1289 1061 esse,

168 1088 205 1142 et
219 1098 346 1141 uxores
359 1080 528 1142 nominari
540 1100 548 1156 ;
571 1078 636 1142 hoc
651 1079 716 1142 illis
730 1089 783 1143 est
797 1100 922 1143 nomen
933 1081 1066 1143 decoris
1079 1092 1113 1144 et
1131 1081 1270 1144 honoris
1282 1102 1291 1160 ;

169 1193 273 1255 quare
292 1173 429 1236 vincula
447 1170 595 1256 conjugii
612 1184 751 1238 amant:
781 1184 818 1238 et
841 1177 919 1257 quia
937 1185 1055 1239 castae
1075 1196 1200 1238 uxores
1220 1196 1289 1238 non

169 1270 309 1332 nomine
328 1280 440 1344 tenus,
458 1270 518 1332 sed
535 1267 715 1332 aetualiter
730 1269 851 1333 volunt
868 1291 994 1332 uxores
1011 1291 1096 1343 esse,
1115 1281 1149 1334 et
1169 1270 1234 1334 hoc
1251 1271 1290 1335 fit

168 1384 230 1447 per
252 1364 452 1446 ligationem
477 1362 656 1427 areliorem
680 1374 715 1427 et
740 1363 919 1428 aritiorem
944 1385 1020 1428 cum
1045 1367 1186 1441 maritis,
1211 1367 1289 1430 ideo

168 1458 306 1522 vincula
329 1459 475 1541 conjugii
505 1480 550 1523 ex
581 1460 861 1523 constabilitione
891 1459 1036 1523 foederis
1064 1460 1135 1540 ejus
1159 1471 1288 1536 amant,

167 1563 203 1617 et
217 1555 250 1616 id
264 1575 306 1617 eo
319 1553 394 1636 plus
404 1555 491 1617 sicut
502 1555 721 1618 redamantur
732 1575 752 1617 a
765 1554 903 1630 maritis,
916 1576 985 1629 seu,
997 1556 1087 1638 quod
1102 1556 1211 1619 simile
1224 1566 1290 1631 est,

167 1650 256 1713 sicut
275 1650 336 1712 viri
356 1650 414 1712 illa
432 1649 569 1713 vincula
588 1660 715 1713 amant.

231 1743 325 1809 218.
346 1742 423 1826 (ix.)
450 1743 547 1823 Quod
565 1743 784 1825 intelligentia
804 1743 1015 1824 seminarum
1037 1745 1071 1808 in
1094 1767 1130 1810 se
1152 1745 1199 1809 sit
1219 1769 1291 1810 mo·

167 1839 274 1914 desta,
294 1838 437 1920 elegans,
457 1840 610 1922 pacifica,
630 1841 756 1914 cedens,
776 1839 896 1914 anellis,
917 1850 1055 1914 lenern,·
1078 1850 1110 1903 et
1131 1842 1221 1922 quod
1238 1841 1291 1903 in·

168 1934 351 2016 tellzgentra
369 1934 520 1998 virerum
539 1934 573 1997 in
592 1956 628 1998 se
644 1935 691 1998 sit
704 1935 841 2015 gravis,
861 1946 994 2015 aspera,
1012 1935 1109 2011 detra,
1127 1935 1289 2008 animosa,

168 2027 317 2091 licentiae
344 2028 622 2111 amans-Quod
652 2029 741 2092 tales
768 2030 836 2093 sint
865 2029 1022 2102 feminae.
1047 2040 1082 2093 et
1107 2030 1195 2093 tales
1222 2031 1290 2093 sint

168 2124 240 2197 viri,
262 2133 357 2205 patet
377 2125 556 2187 manifeste
575 2145 620 2187 ex
641 2126 814 2205 utriusque
833 2145 986 2205 corpore,
1006 2125 1101 2197 facie,
1121 2145 1217 2199 sono,
1238 2124 1288 2187 lo·

168 2217 280 2301 quela,
305 2229 417 2301 gestu,
438 2231 473 2305 et
496 2220 666 2296 moribus;
697 2240 742 2282 ex
765 2229 909 2300 corpore,
930 2220 1020 2301 quod
1041 2221 1101 2282 viri
1124 2221 1192 2282 sint
1216 2220 1291 2281 duri

168 2324 249 2377 cute
273 2323 308 2377 et
332 2334 445 2388 came,
471 2315 615 2377 feminae
639 2324 754 2377 autem
779 2314 893 2377 molli:
927 2336 972 2377 ex
987 2314 1090 2395 facie,
1110 2316 1200 2396 quod
1224 2315 1286 2376 viri

168 2409 237 2472 sint
257 2409 401 2484 duriore,
422 2409 612 2481 obnixiore,
633 2411 814 2491 asperiore,
834 2409 983 2484 flaviore,
1003 2411 1106 2472 etiam
1134 2408 1290 2482 barbata,

168 2503 217 2567 ita
239 2504 490 2585 impulchriore,
509 2505 654 2568 feminae
678 2514 794 2568 autem
818 2504 983 2577 molliore,
1004 2505 1211 2576 cedentiore,
1236 2513 1289 2566 te·

169 2599 312 2673 neriore‚
333 2599 540 2671 candidiore.
559 2609 593 2662 et
613 2600 691 2662 inde
712 2599 1003 2681 pulchritudines:
1029 2619 1074 2661 ex
1093 2619 1181 2670 sano,
1195 2598 1286 2679 quod

169 2694 247 2756 viris
266 2693 310 2756 sit
330 2694 454 2774 gravis,
469 2693 600 2780 leminis
616 2704 730 2757 autem
744 2706 860 2757 tener:
885 2714 930 2755 ex
946 2692 1084 2774 loquela,
1099 2693 1189 2774 quod
1209 2693 1288 2754 viris

169 2788 213 2851 sit
233 2787 390 2850 licentiae
406 2808 524 2851 amans
543 2799 579 2852 et
595 2790 759 2863 animosa,
779 2789 911 2851 leminis
934 2799 1050 2850 autem
1073 2787 1231 2850 modesta
1250 2796 1286 2848 et

169 2881 328 2965 pacifica:
354 2903 397 2945 ex
413 2892 525 2963 gestu,
543 2883 634 2964 quod
653 2884 730 2945 viris
750 2884 795 2946 sit
813 2883 932 2946 sortior
951 2893 986 2945 et
1005 2881 1140 2953 firmior,
1155 2880 1289 2942 leminis

170 2987 285 3040 autem
309 2976 488 3039 invalidior
517 2989 552 3040 et
579 2977 799 3041 imbecillior:
835 2998 880 3040 ex
907 2975 1064 3050 maribus,
1089 2975 1179 3057 quod
1207 2975 1290 3037 viris

169 3072 238 3135 sint
262 3071 566 3146 immoderatiores,
591 3073 723 3136 seminis
746 3082 862 3135 autem
885 3070 1124 3151 elegantiores.
1171 3067 1288 3149 Quan-

170 3175 242 3229 tum
262 3166 306 3228 ab
322 3167 395 3247 ipsa
412 3167 594 3230 nativitate
611 3166 721 3230 differt
739 3167 858 3248 genius
878 3166 1024 3228 virorum
1041 3185 1061 3226 a
1079 3164 1181 3245 genio
1193 3163 1288 3226 femi·

170 3280 299 3335 narum,
314 3261 423 3342 patuit
440 3260 521 3323 mihi
540 3260 630 3324 clare
646 3281 665 3324 a
682 3262 761 3323 visis
780 3261 890 3341 pueris
907 3269 941 3322 et
959 3258 1079 3342 puellis
1096 3260 1128 3321 in
1141 3278 1287 3340 congre·

169 3356 388 3437 gationibus:
417 3356 485 3418 vidi
508 3355 571 3419 has
594 3355 773 3437 aliquoties
797 3376 856 3437 per
879 3355 1066 3418 fenestram
1097 3355 1129 3416 in
1160 3372 1288 3433 magna

170 3451 251 3514 urbe
275 3471 376 3533 super
395 3450 520 3532 platea,
541 3451 575 3512 in
599 3470 665 3532 qua
684 3450 773 3514 ultra
792 3451 913 3532 viginti
932 3450 1053 3532 quovis
1077 3449 1130 3511 die
1149 3469 1186 3511 se
1205 3467 1287 3510 con·

170 3546 385 3628 gregabant3
418 3547 462 3609 ibi
494 3546 586 3628 pueri
615 3545 802 3609 secundum
832 3544 983 3607 indolem
1013 3545 1075 3607 sibi
1105 3553 1287 3606 connatam

170 3641 392 3705 colludebant
416 3640 668 3716 tumultuando,
693 3640 921 3714 vociferando,
946 3638 1143 3721 pugnando,
1168 3639 1287 3700 verbe·

170 3736 288 3810 rando,
308 3733 518 3818 projiciendo
535 3736 666 3817 lapides
685 3737 717 3798 in
735 3735 882 3812 alteros;
906 3744 942 3798 at
959 3734 1093 3815 puellae
1112 3734 1154 3795 ad
1167 3732 1288 3813 januas

146 3831 332 3895 ·domuum
362 3832 531 3894 sedebant
561 3829 732 3911 pacificae,
751 3829 919 3912 quaedam
951 3829 1109 3892 ludentes
1134 3846 1211 3889 cum
1236 3829 1288 3890 in-

169 3926 329 4001 fantibus,
343 3925 511 4008 quaedam
525 3927 725 3988 amicientes
742 3944 859 4006 pupas,
874 3923 1040 4005 quaedam
1055 3932 1176 3985 nentes
1189 3941 1290 4002 super

170 4021 320 4086 frustulis
344 4022 452 4093 lineis,
472 4021 640 4102 quaedam
664 4041 700 4083 se
724 4019 943 4097 osculantes;
974 4029 1009 4082 et
1033 4017 1122 4100 quod
1147 4018 1288 4079 miratus

171 4137 256 4191 sum,
278 4137 382 4199 usque
406 4116 558 4178 amoenis
581 4114 688 4178 oculis
707 4111 933 4195 aspellabant
957 4133 1089 4194 pueros,
1110 4112 1165 4194 qui
1189 4110 1287 4174 tales.

170 4210 226 4274 Ex
239 4211 292 4275 his
305 4209 485 4295 manifeste
497 4210 612 4273 videre
625 4209 731 4290 potui,
745 4208 836 4291 quod
850 4209 899 4272 vir
911 4219 1070 4271 nascatur
1082 4203 1286 4277 intelleetus,

171 4319 209 4370 ac
232 4305 358 4370 semina
380 4324 496 4382 amor;
531 4315 566 4368 et
596 4305 704 4387 qualis
728 4314 781 4367 est
805 4301 1012 4378 intelleCius,
1037 4311 1072 4364 et
1096 4300 1204 4382 qualis
1234 4309 1287 4362 est

171 4420 265 4466 amor
288 4402 322 4479 in
344 4401 413 4464 suis
431 4400 602 4484 principiis
614 4421 623 4481 ;
653 4410 689 4464 et
711 4399 760 4463 sic
784 4399 892 4482 qualis
910 4398 998 4462 soret
1017 4394 1212 4461 intelleeius
1229 4395 1288 4457 viri
