2782 5026
384 178 436 230 os
458 175 593 228 suone
616 174 975 228 semimortuo—N.
994 180 1067 246 45²·
1219 181 1280 247 345

164 354 268 418 citur:
294 351 389 436 quod
408 350 600 416 tolerentur
616 370 638 414 a
655 350 805 431 regibus,
822 350 1092 432 magistratibus,
1109 359 1146 413 et
1163 350 1243 414 inde
1261 371 1282 415 a

162 448 339 531 judicibus,
362 445 628 530 inquisitoribus,
651 453 687 509 et
711 467 731 508 a
754 445 892 527 populo,
917 445 1076 520 Londini,
1099 445 1280 529 Amstelo·

165 545 266 619 dauri,
302 543 447 618 Parisiis,
482 541 651 616 Viennae,
672 540 841 613 Venetiis,
873 541 1047 623 Neapolis,
1082 551 1117 604 et
1147 561 1281 624 quoque

164 637 309 713 Romae,
334 646 471 719 praeter
500 636 534 700 in
565 637 682 701 multis
705 636 779 699 aliis
809 636 903 708 locis,
930 647 1050 698 notum
1080 646 1156 715 est;
1191 637 1283 700 inter

164 753 295 809 causas,
315 742 457 815 propter
475 752 570 813 quas,
589 742 668 795 sunt
688 732 791 795 etiam
811 741 1135 811 supramemoratae.

222 843 322 913 452.
346 825 433 910 (vii.)
460 825 558 904 Quod
566 826 751 906 fornicatio
775 825 858 889 levis
883 826 939 897 sit,
963 837 1123 906 quantum
1153 827 1282 907 spellat

163 919 211 983 ad
243 941 390 983 amorem
421 919 646 1005 cortsirgablem,
669 930 703 983 et
734 920 820 983 haenc
837 920 1132 1002 praefert—Sunt
1153 922 1280 1003 gradus

162 1013 368 1096 qualitatum
404 1015 496 1088 mali,
530 1017 618 1078 sicut
659 1025 740 1078 sunt
776 1015 904 1097 gradus
937 1015 1143 1096 qualitatum
1178 1016 1280 1093 boni;

163 1129 265 1191 quare
284 1110 427 1191 quodvis
446 1109 573 1172 malum
596 1120 649 1173 est
674 1110 781 1172 levius
804 1120 840 1173 et
863 1111 1009 1191 gravius,
1030 1110 1118 1173 sicut
1137 1111 1281 1193 quodvis

163 1205 290 1268 bonum
313 1215 368 1267 est
392 1205 512 1269 melius
538 1214 574 1268 et
608 1206 763 1286 opimius.
809 1204 926 1268 Simile
949 1216 1003 1268 est
1033 1225 1111 1267 cum
1133 1205 1280 1269 fornica·

163 1301 269 1373 tione,
289 1320 377 1381 quae
395 1300 474 1382 quia
492 1309 545 1363 est
570 1300 687 1374 libido,
707 1320 747 1364 ac
771 1300 937 1363 naturalis
960 1299 1108 1362 hominis
1127 1303 1280 1365 nondum

163 1393 341 1476 purificati,
369 1404 423 1458 est
454 1395 602 1473 malum;
634 1396 697 1463 sed
728 1397 806 1478 quia
837 1397 947 1458 omnis
978 1394 1084 1458 homo
1114 1395 1281 1478 purificari

163 1497 291 1570 potest,
307 1489 386 1552 ideo
404 1499 570 1570 quantum
589 1491 725 1554 accedit
744 1491 788 1554 ad
808 1500 938 1553 statum
957 1489 1181 1572 purificatum,
1201 1501 1280 1555 tan·

163 1593 235 1645 tum
257 1581 342 1646 illud
366 1583 495 1647 malum
518 1582 556 1648 fit
587 1583 695 1647 levius
718 1584 856 1658 malum,
882 1603 962 1647 nam
985 1594 1121 1648 tantum
1145 1586 1280 1649 abster-

163 1679 254 1758 gitur
268 1698 287 1755 ;’
309 1678 359 1742 ita
377 1688 543 1761 quantum
563 1675 771 1742 ¹¹¹s0rnicati0
793 1681 927 1742 accedit
954 1680 997 1743 ad
1021 1699 1172 1742 amorem
1196 1700 1280 1744 con·

161 1771 334 1854 jugialem,
358 1774 415 1855 qui
447 1781 501 1837 est
524 1783 638 1837 status
661 1775 787 1836 amoris
810 1794 916 1838 sexus
940 1773 1155 1856 purificatus;
1189 1777 1280 1858 quod

163 1867 288 1931 malum
306 1867 538 1931 fornicationis
557 1868 693 1949 gravius
712 1869 768 1940 sit,
786 1878 950 1949 quantum
969 1870 1103 1932 accedit
1121 1869 1166 1931 ad
1184 1889 1279 1932 amo·

164 1981 232 2024 rem
255 1962 424 2038 adulterii,
449 1964 483 2026 in
513 1963 744 2044 subsequente
770 1962 914 2025 articulo
943 1963 1122 2026 videbitur.
1178 1962 1281 2045 Quod

164 2056 342 2121 fornicatio
360 2059 405 2122 sit
425 2058 520 2133 levis,
540 2069 704 2139 quantum
724 2055 858 2138 spectat
876 2058 920 2120 ad
939 2078 1089 2121 amorem
1106 2055 1280 2141 conjugia·

165 2150 240 2227 lem,
260 2159 314 2215 est
333 2153 412 2234 quia
430 2162 511 2216 tunc
530 2174 575 2216 ex
594 2163 688 2217 statu
708 2153 841 2216 incasto
860 2153 892 2215 in
912 2174 980 2235 quo
998 2164 1063 2227 est,
1083 2152 1217 2234 spectat
1236 2155 1280 2217 ad

165 2255 293 2311 statum
312 2258 464 2326 castum;
490 2256 526 2311 et
547 2258 711 2330 quantum
731 2247 820 2311 hunc
840 2248 999 2329 praefert,
1020 2258 1154 2311 tantum
1174 2250 1280 2313 etiam

165 2342 195 2406 in
217 2363 260 2407 eo
283 2352 337 2406 est
361 2344 473 2425 quoad
496 2341 720 2417 intellectum,
740 2352 776 2406 et
800 2353 965 2424 quantum
989 2363 1057 2405 non
1082 2343 1185 2406 modo
1202 2363 1279 2406 eum

166 2437 319 2517 praefert,
332 2438 393 2501 sed
406 2439 511 2501 etiam
525 2448 710 2518 praeamat,
722 2447 858 2501 tantum
875 2439 908 2500 in
927 2459 969 2501 eo
985 2449 1038 2501 est
1051 2438 1154 2501 etiam
1167 2439 1279 2520 quoad

166 2530 391 2606 voluntatem,
411 2533 466 2595 sic·
478 2532 591 2613 quoad
610 2533 779 2595 internum
798 2532 993 2609 hominem;
1017 2542 1053 2594 et
1076 2542 1157 2595 tunc
1176 2531 1281 2597 iorni·

166 2625 263 2700 catio,
296 2626 324 2689 si
354 2626 573 2691 nihilominus
603 2628 637 2690 in
666 2627 726 2690 illa
752 2638 894 2709 perstat,
919 2628 967 2691 illi
997 2637 1050 2691 est
1081 2628 1279 2705 necessitas,

166 2716 254 2798 cujus
278 2739 400 2785 causae
428 2722 463 2785 in
493 2723 677 2803 explorato
698 2723 790 2803 apud
819 2722 913 2785 illum
937 2733 1026 2785 sunt.
1071 2721 1157 2786 Sunt
1180 2723 1282 2787 binae

166 2815 324 2891 rationes,
356 2836 441 2899 quae
471 2815 634 2891 efficiunt,
665 2818 756 2900 quod
786 2817 966 2881 fornicatio
993 2817 1082 2898 apud
1112 2817 1199 2890 illos,
1224 2818 1280 2900 qui

165 2909 356 2988 praeierunt
382 2921 420 2975 et
449 2920 650 2994 praeamant
676 2922 806 2976 statum
836 2911 1073 2993 conjugialem,
1102 2913 1145 2975 sit
1176 2911 1278 2975 levis:

165 3004 271 3083 prima
286 3015 351 3079 est,
368 3007 458 3089 quod
479 3006 545 3069 illis
563 3007 635 3069 vita
650 3006 850 3088 conjugialis
867 3008 911 3069 sit
928 3008 1153 3088 propositum,
1166 3007 1279 3069 inten-

165 3100 211 3162 tio
233 3119 293 3164 seu
311 3099 405 3178 finis;
430 3101 540 3164 altera
559 3112 623 3173 est,
645 3102 736 3183 quod
755 3102 846 3182 apud
869 3122 906 3165 se
929 3111 1091 3182 separent
1110 3101 1237 3164 malum
1260 3120 1281 3163 a

165 3193 264 3258 bono.
309 3193 411 3276 Quod
423 3196 574 3276 primum
591 3198 729 3270 attinet,
746 3196 836 3279 quod
854 3195 920 3258 illis
935 3196 1006 3258 vita
1018 3195 1217 3276 coniugialis
1235 3195 1281 3258 sit

165 3289 387 3370 propositum,
407 3291 556 3354 intentio
578 3312 638 3355 seu
660 3291 746 3366 linis,
770 3301 824 3353 est
847 3291 924 3372 quia
946 3289 1051 3352 homo
1073 3289 1152 3352 talis
1175 3289 1280 3352 homo

165 3393 225 3458 est,
242 3384 352 3465 qualis
367 3394 421 3448 est
440 3385 473 3448 in
490 3406 552 3449 suo
568 3387 756 3467 proposito,
769 3385 959 3447 intentione
975 3404 1034 3447 seu
1049 3383 1126 3457 tine,
1144 3393 1179 3446 et
1196 3403 1281 3465 quo·

165 3497 227 3559 que
242 3477 322 3542 talis
338 3488 393 3542 est
408 3499 523 3544 coram
540 3481 690 3545 Domino
709 3490 744 3544 et
764 3498 879 3543 coram
895 3479 1038 3560 angelis,
1055 3480 1160 3542 immo
1175 3479 1280 3541 etiam

165 3573 239 3636 talis
252 3572 427 3655 spectatur
437 3594 552 3640 coram
562 3576 772 3656 sapientibus
784 3576 817 3638 in
832 3574 960 3637 mundo
973 3595 981 3651 ;
1001 3583 1054 3636 est
1067 3574 1157 3636 enim
1168 3573 1281 3635 inten-

166 3668 211 3730 tio
232 3669 348 3732 anima
370 3671 520 3733 omnium
543 3668 726 3744 actionum,
749 3689 790 3734 ac
812 3669 893 3733 iacit
920 3669 953 3731 in
977 3668 1104 3731 mundo
1126 3665 1280 3747 inculpa-

166 3763 285 3839 tiones,
314 3772 350 3828 et
380 3766 652 3847 exculpationes,
680 3775 715 3829 et
745 3773 824 3848 post
854 3775 1001 3828 mortem
1024 3762 1280 3843 imputationes.

168 3854 284 3938 Quoad
304 3859 459 3935 alterum,
476 3861 567 3943 quod
591 3861 647 3942 qui
669 3879 820 3923 amorem
843 3857 1068 3940 conjugialem
1087 3855 1280 3938 praeferunt

167 3949 292 4017 libidini
308 3955 552 4030 fornicationis,
570 3965 731 4036 separent
747 3954 873 4018 malum
892 3975 912 4017 a
928 3953 1030 4025 bono,
1047 3952 1097 4014 ita
1111 3951 1281 4013 incastum

167 4060 314 4127 acasto;
339 4060 374 4114 et
391 4053 446 4134 qui
459 4060 619 4132 separant
632 4050 691 4113 illa
703 4051 770 4113 duo
783 4049 1003 4131 perceptione
1019 4065 1059 4109 ac
1076 4045 1278 4119 intentione,

168 4158 348 4232 antequam
378 4147 412 4210 in
442 4148 534 4210 bono
562 4156 621 4210 aut
650 4156 748 4209 casto
776 4153 869 4219 sunt,
893 4143 997 4207 etiam
1020 4149 1221 4225 separantur
1243 4148 1280 4203 et
