2782 5026
10 4258 48 4424 l,

344 110 393 159 ns
417 109 551 161 anons
573 110 893 178 comumnes—u.
913 115 985 181 239.
1160 120 1219 184 193

96 278 212 360 gativa
226 280 408 343 animabus
421 282 523 346 insita
535 302 555 346 a
568 283 742 346 creatione
756 304 764 361 ;
781 292 817 346 et
830 284 1037 368 insuper'per
1046 286 1220 366 analogon

97 375 126 438 in
144 372 314 456 subjeftis
333 377 429 457 regni
447 377 664 458 vegetabilis,
683 380 773 461 quod
797 379 830 441 in
850 379 979 443 intimis
995 382 1220 462 germinatio·

99 489 174 535 uum
195 471 310 535 lateat
334 474 539 555 propagatio
561 474 666 555 ipsius
685 475 835 548 seminis,
855 484 891 538 et
911 476 990 538 inde
1009 478 1128 553 totius,
1148 478 1221 540 sive

99 565 137 629 sit
155 567 272 642 arbor,
290 568 362 630 sive
378 569 566 644 arbustum,
584 569 656 631 sive
671 569 869 650 virgultum.
914 570 977 633 Vis
993 571 1078 635 haec
1095 593 1219 656 propa-

101 663 214 739 gativa
248 681 309 724 seu
341 661 487 745 plastica
520 664 554 726 in
587 665 773 728 seminibus
803 666 836 727 in
867 665 932 728 hoc
965 686 1084 747 regno,
1116 677 1152 731 et
1185 669 1219 731 in

103 757 278 820 animabus
307 756 342 820 in
369 758 491 832 altero,
518 779 587 820 non
617 758 754 822 aliunde
784 770 849 834 est,
874 780 975 843 quam
998 781 1044 823 ex
1075 762 1220 844 sphaera

103 850 294 932 conjugiali,
314 871 401 934 quae
423 862 479 917 est
504 853 584 916 boni
607 864 642 916 et
663 855 745 928 veri,
765 875 853 936 quae
876 876 921 917 ex
946 855 1096 919 Domino
1115 856 1218 920 Crea-

104 957 172 1011 tore
202 957 241 1011 et
271 946 414 1011 Statore
436 950 583 1012 universi
607 960 775 1031 perpetuo
797 960 947 1024 emanat,
968 961 1004 1014 et
1029 951 1135 1014 influit
1161 951 1219 1034 (de

100 1062 163 1124 qua
181 1062 296 1124 supra,
317 1061 349 1104 n.
370 1041 555 1124 aaa-225);
580 1064 692 1126 exque
712 1044 786 1107 nisu
809 1046 951 1107 duorum
975 1045 1120 1119 illorum,
1138 1046 1218 1109 boni

95 1146 133 1201 et
161 1139 245 1210 veri,
270 1138 363 1211 inibi,
387 1137 431 1200 ad
461 1137 738 1219 conjungendum
768 1159 805 1202 se
834 1141 868 1202 in
895 1160 1019 1216 unum;
1049 1140 1103 1203 hic
1127 1141 1219 1203 nisus

90 1231 300 1314 conjugialis
318 1232 469 1295 insidens
488 1233 665 1296 animabus
688 1242 753 1307 est,
774 1255 819 1297 ex
838 1255 906 1316 quo
925 1236 1104 1316 originitus
1123 1254 1219 1298 amor

83 1327 300 1409 conjugialis
322 1329 464 1392 existit:
498 1330 589 1411 quod
620 1329 711 1392 idem
739 1329 821 1392 illud
852 1329 1058 1411 conjugium,
1083 1352 1128 1394 ex
1151 1352 1219 1414 quo

77 1423 246 1505 sphaera
268 1422 328 1486 illa
351 1423 552 1487 universalis
575 1434 639 1497 est,
664 1423 766 1487 iaciat
788 1425 968 1488 ecclesiam
992 1426 1081 1507 apud
1108 1426 1218 1489 homi·

72 1537 190 1592 nem,
210 1518 378 1600 incapite
398 1517 451 1581 Dc
470 1516 640 1599 Conjugio
659 1518 746 1582 Boni
764 1529 800 1584 et
816 1518 910 1591 Veri,
927 1529 963 1583 et
983 1519 1107 1600 pluries
1126 1521 1217 1596 alibi,

67 1614 183 1676 satis
194 1633 363 1696 superque
376 1622 553 1676 ostensum
568 1623 640 1676 est:
664 1614 744 1677 inde
759 1614 792 1676 in
809 1614 901 1677 omni
918 1615 1090 1678 evidentia
1102 1635 1218 1680 coram

64 1710 233 1772 ratione
253 1717 364 1791 patet,
384 1709 476 1791 quod
499 1710 596 1790 origo
617 1707 784 1772 ecclesiae
807 1719 843 1772 et
867 1710 964 1789 origo
986 1710 1111 1773 amoris
1135 1730 1217 1774 con-

58 1797 115 1876 iu
122 1802 242 1883 gialis,
253 1803 322 1867 sint
339 1803 372 1865 in
386 1823 452 1865 una
465 1802 558 1877 sede,
572 1814 609 1867 et
621 1804 711 1886 quod
725 1805 795 1866 sint
812 1804 845 1866 in
858 1805 1020 1868 continuo
1033 1804 1196 1887 amplexu
1210 1827 1217 1882 ;

60 1899 165 1960 sed
181 1899 221 1962 de
240 1898 304 1961 hac
324 1918 360 1961 re
376 1897 558 1961 videantur
576 1897 673 1980 plura
689 1917 790 1979 supra
811 1897 858 1980 (n.
879 1897 974 1979 13o);
999 1899 1055 1962 ubi
1074 1901 1217 1963 demon-

59 1992 117 2045 st
126 2002 246 2055 ratum
265 2001 331 2066 est,
351 1992 443 2075 quod
467 2012 563 2056 amor
582 1992 785 2075 conjugialis
808 1994 853 2056 sit
876 1994 1063 2056 secundum
1087 2003 1218 2057 statum

60 2086 265 2151 eeclesiae
287 2089 378 2169 apud
407 2088 602 2166 hominem;
637 2089 684 2152 sic
715 2109 760 2151 ex
789 2087 966 2169 religione,
990 2091 1069 2172 quia
1098 2089 1218 2171 religio

60 2165 181 2273 facit
208 2183 297 2247 bunc
327 2193 469 2248 statum.
515 2183 632 2247 Homo
662 2185 766 2248 etiam
794 2194 929 2247 creatus
951 2195 1017 2257 est,
1043 2193 1079 2247 ut
1108 2187 1217 2267 possit

59 2279 115 2328 ¹¹¹
127 2279 238 2343 terior
257 2288 294 2342 et
312 2279 454 2343 interior
469 2277 551 2353 lieri,
565 2289 600 2342 et
620 2280 668 2342 sic
688 2280 825 2363 propius
841 2289 876 2343 et
894 2281 1031 2361 propius
1047 2281 1217 2344 introduci
1255 2359 1261 2370 ἱ

60 2372 163 2460 se„
175 2372 298 2438 elevari
317 2374 360 2437 ad
379 2372 463 2437 illud
479 2374 683 2455 conjugium,
701 2384 736 2438 et
753 2376 800 2438 sic
820 2375 853 2437 in
869 2395 1021 2438 amorem
1038 2396 1117 2438 vere
1133 2395 1216 2439 con·

57 2466 268 2548 Jugialem,
291 2479 328 2533 et
357 2469 423 2532 hoc
452 2489 558 2551 usque
581 2480 617 2532 ut
645 2471 810 2552 percipiat
833 2478 965 2532 statum
994 2470 1217 2533 beatitudinis

59 2547 190 2655 ejus:
212 2564 304 2648 quod
325 2565 461 2627 unicum
480 2564 629 2628 medium
648 2563 910 2629 introdudlionis
926 2585 986 2628 seu
1002 2564 1215 2640 elevationis,

57 2652 145 2716 ⁸¹¹:
164 2658 293 2742 religio,
313 2668 413 2742 patet
436 2657 528 2722 clare
546 2680 566 2721 a
585 2657 799 2741 supradictis,
819 2660 910 2742 quod
934 2660 1032 2739 origo
1050 2658 1217 2724 ecclesiae

57 2747 120 2803 εἴ
153 2756 245 2836 origo
258 2755 385 2818 amoris
397 2753 598 2836 conjugialis
611 2756 680 2818 sint
696 2757 729 2817 in
743 2756 864 2818 eadem
876 2755 969 2829 sede,
983 2764 1018 2817 et
1035 2755 1079 2817 ibi
1096 2756 1129 2817 in
1143 2775 1216 2818 mu·

56 2831 162 2912 ²¹¹0
175 2849 351 2934 amplexu,
364 2859 400 2913 et
411 2841 503 2932 quod
520 2851 599 2913 inde
616 2870 684 2913 non
701 2851 833 2932 possint
850 2869 918 2912 non
932 2847 1113 2930 conjuncta
1129 2871 1216 2914 esse.

55 3010 62 3025 ,
161 2959 258 3028 139.
288 2944 346 3008 Ex
370 2964 459 3008 nunc
489 2942 588 3008 didtis
611 2946 774 3026 sequitur,
798 2944 890 3026 quod
914 2944 968 3006 ubi
992 2964 1060 3008 non
1084 2944 1215 3025 religio,

54 3011 142 3129 ¹¹Ji
167 3060 227 3104 nec
250 3040 353 3103 detur
375 3058 472 3103 amor
494 3037 715 3120 conjugialis;
738 3047 774 3102 et
797 3039 887 3121 quod
912 3039 968 3102 ubi
990 3059 1059 3101 non
1082 3038 1148 3114 hic,
1169 3040 1214 3103 ibi

54 3124 142 3191 ”t
161 3133 283 3216 frigus;
307 3134 399 3218 quod
419 3134 524 3215 frigus
540 3132 732 3215 conjugiale
748 3135 793 3196 sit
811 3134 958 3214 privatio
974 3132 1063 3195 illius
1078 3135 1215 3208 amoris,

55 3213 252 3293 Videatur
271 3248 373 3312 supra
397 3227 445 3311 (n.
466 3227 565 3310 235);
589 3237 841 3311 consequenter
857 3229 947 3310 quod
971 3227 1075 3309 frigus
1099 3228 1215 3309 conju·

57 3308 188 3387 fiale
215 3323 260 3390 sit
290 3325 396 3388 etiam
428 3324 575 3404 privatio
604 3333 717 3387 status
745 3321 923 3395 ecclesiae,
947 3341 1007 3384 seu
1031 3323 1215 3403 religionis.

106 3418 378 3482 onfirmativum
396 3419 481 3481 satis
498 3418 649 3493 evidens,
666 3417 758 3500 quod
777 3418 827 3479 ita
845 3417 900 3490 sit,
919 3426 1036 3496 potest
1053 3418 1151 3480 educi
1170 3436 1215 3478 ex

61 3504 267 3576 Communi
297 3513 433 3577 inscitia
462 3512 565 3576 hodie
588 3514 631 3575 de
662 3530 778 3574 amore
800 3531 882 3574 vere
909 3510 1112 3591 conjugiali:
1141 3511 1216 3592 quis

64 3582 198 3671 hodie
216 3609 293 3684 scit,
310 3616 347 3674 et
367 3609 442 3692 quis
460 3607 562 3671 hodie
578 3606 653 3671 vult
669 3625 868 3687 agnoscere,
886 3616 921 3668 et
938 3606 1012 3687 quis
1028 3605 1130 3667 hodie
1146 3624 1215 3668 non

70 3696 277 3788 inmaturus
306 3714 373 3778 est,
399 3702 491 3785 quod
518 3703 615 3783 origo
645 3701 771 3765 amoris
794 3698 997 3781 conjugialis
1027 3699 1216 3762 deducatur

76 3793 198 3858 mdc?
240 3796 308 3862 Sed
332 3797 399 3862 hoc
419 3816 487 3861 non
506 3795 643 3860 aliunde
662 3804 726 3871 est,
747 3815 848 3878 quam
867 3795 957 3878 quod
977 3793 1117 3856 tametsi
1136 3792 1215 3856 reli·

85 3878 163 3952 gio
178 3900 237 3967 est,
256 3911 455 3976 usquernon
474 3912 555 3955 vera
578 3889 649 3972 ejus
672 3891 761 3968 sint;
785 3889 920 3973 etquid
944 3888 1064 3968 religio
1086 3887 1215 3969 absque

92 3982 211 4047 lteris?
251 3984 353 4069 Quod
373 4005 442 4050 non
461 4007 543 4050 vera
561 3987 640 4061 sint,
660 3986 694 4048 in
712 3983 922 4065 Apocalypsi
932 3981 1095 4046 Revelato
1114 3980 1215 4061 plene

104 4079 273 4145 0³tmsum
290 4091 369 4162 cst;
392 4071 576 4146 videantur
593 4071 699 4146 etiam
719 4076 955 4144 Memorabilia
976 4077 1023 4160 (n.
1042 4071 1120 4157 566)
1138 4077 1193 4139 ibi.
