2782 5026
114 464 117 470 ⁴
194 460 240 517 20
543 462 727 517 bsuctas
750 463 980 517 sartstmns

191 636 304 695 eoloris
316 636 406 700 badii.
419 635 529 710 quibus
543 637 696 694 intertexti
709 647 796 693 erant
810 638 900 693 flores
913 637 1025 693 circum
1038 637 1188 710 aquilinos
1203 638 1312 710 panos:

191 719 313 775 tunicae
327 719 384 774 sub
394 718 452 774 illis
464 735 502 774 ex
515 720 612 775 serico
623 720 735 775 coloris
747 720 876 792 opalini;
894 719 1032 776 similiter
1040 719 1196 776 femoralia
1204 731 1237 777 et
1247 721 1313 777 tibi·

191 798 260 855 alia.
297 798 379 854 Talis
391 809 456 854 erat
469 800 596 855 vestitus
610 801 738 856 illorum.

245 879 310 936 1⁶.
335 877 579 934 Circumstabant
598 896 731 935 mensam
747 878 909 937 consiliarii
925 895 943 935 a
960 879 1061 941 latere,
1075 889 1107 935 et
1121 880 1316 936 consiliariis

190 960 327 1022 cameris,
340 970 372 1015 et
385 962 599 1023 moderatores.
612 971 693 1017 etex
708 961 791 1032 jussu
808 960 951 1031 principis
964 959 1187 1030 complicabant
1201 977 1314 1023 manus.

190 1049 223 1098 et
235 1042 324 1096 simul
338 1044 532 1098 susurrabant
545 1043 666 1097 laudem
678 1042 812 1098 votivam
825 1040 864 1095 ad
879 1039 1051 1103 Dominum.
1063 1051 1095 1096 et
1108 1052 1177 1112 post
1190 1036 1269 1099 hane
1280 1059 1316 1099 ex

191 1132 267 1177 nutu
282 1121 424 1194 principis
436 1138 469 1178 se
481 1138 573 1194 super
580 1123 656 1178 toris
669 1123 707 1178 ad
721 1139 855 1178 mensam
866 1133 1072 1193 reposuerunt.
1101 1123 1138 1179 Et
1148 1124 1228 1179 dixit
1237 1124 1316 1196 prin·

190 1217 262 1274 ceps
281 1203 319 1257 ad
339 1204 443 1258 decern
464 1205 603 1266 advenas,
623 1203 835 1259 “Discumbite
854 1205 945 1258 etiam
964 1220 1019 1260 vos
1037 1219 1163 1266 mecum,
1181 1219 1253 1260 ecoe
1276 1204 1315 1259 ibi

189 1283 279 1337 sedes
291 1292 409 1338 vestrae
419 1283 444 1345 ;''
462 1295 494 1338 et
507 1283 743 1346 discubuerunt:
757 1293 789 1338 et
800 1283 889 1338 aulici
905 1283 988 1353 prius
1000 1298 1019 1338 a
1033 1283 1166 1354 principe
1179 1283 1263 1339 missi
1278 1283 1315 1338 ad

190 1361 422 1417 ministrandum
436 1363 502 1426 illis,
515 1363 676 1417 adstabant
691 1362 779 1418 illisa
792 1373 887 1434 tergo.
926 1363 965 1417 Et
979 1372 1052 1417 tunc
1066 1362 1142 1417 dixit
1158 1363 1217 1417 illis
1237 1362 1316 1433 prin·

188 1455 269 1511 ceps,
286 1441 425 1497 “Sumite
440 1442 568 1513 quisque
588 1442 727 1513 patellam
742 1459 778 1497 ex
793 1442 916 1497 orbibus
931 1441 1001 1503 suis,
1014 1451 1045 1496 et
1063 1451 1170 1513 postea
1187 1443 1316 1514 quiaque

188 1521 345 1576 scutellam
357 1538 394 1576 ex
402 1522 556 1592 pyramide
566 1522 590 1582 ς’·
609 1532 641 1576 et
650 1523 891 1592 desumpserunt,
901 1531 932 1576 et
942 1537 1012 1576 ecce
1023 1521 1103 1575 illico
1113 1536 1210 1576 novae
1221 1522 1314 1592 patel-

189 1601 235 1655 lae
251 1612 282 1656 et
299 1602 441 1656 scutellae
460 1600 529 1656 loco
548 1600 664 1655 illarum
683 1601 933 1671 superimpositae
948 1601 1145 1672 apparebant:
1164 1616 1200 1655 ac
1214 1599 1314 1673 cyathi

190 1679 310 1735 illorum
326 1697 363 1735 ex
384 1679 469 1735 fonte
484 1681 609 1738 saliente
627 1696 645 1737 e
660 1696 769 1752 magna
789 1681 941 1753 pyramide
960 1681 1032 1736 vino
1051 1680 1267 1750 implebantur:
1284 1689 1315 1736 et

187 1760 388 1816 comedebant
401 1772 433 1815 et
445 1760 597 1815 bibebant.

243 1839 318 1894 Post
334 1840 463 1894 mediam
480 1840 650 1895 satietatem
666 1839 877 1910 alloquebatur
889 1839 1027 1910 princeps
1042 1839 1146 1894 decem
1162 1837 1314 1900 invitatos,

188 1926 220 1976 et
238 1919 324 1980 dixit,
338 1919 475 1974 “Audivi
491 1920 573 1990 quod
594 1919 623 1972 in
642 1929 730 1981 terra,
743 1935 820 1989 quae
836 1920 891 1974 sub
910 1919 969 1973 boc
986 1918 1071 1973 caelo
1088 1928 1143 1980 est,
1155 1917 1314 1973 convocati

189 1995 306 2054 fueritis
319 1999 356 2053 ad
372 1998 567 2069 aperiendum
580 1998 781 2070 cogitationes
794 2008 908 2053 vestras
923 1997 962 2052 de
976 1997 1093 2068 gaudiis
1107 1997 1182 2052 caeli
1197 2007 1229 2052 et
1245 1997 1313 2052 inde

189 2077 333 2133 felicitate
355 2089 486 2141 aeterna,
506 2088 537 2133 et
558 2078 641 2149 quod
662 2078 848 2148 protuleritis
871 2077 936 2132 illas
956 2076 1167 2138 diversimode,
1186 2075 1313 2148 quisque

188 2158 354 2214 secundum
365 2157 497 2228 jucunda
506 2173 650 2212 sensuum
661 2157 866 2228 corporissui;
881 2158 933 2211 sed
944 2157 1016 2228 quid
1029 2156 1162 2226 jucunda
1171 2170 1312 2211 sensuum

187 2238 324 2308 corporis
339 2239 452 2308 absque
470 2237 611 2308 jucundis
626 2235 765 2292 animae?
804 2237 857 2291 Est
875 2236 975 2291 anima
989 2251 1066 2306 quae
1083 2236 1230 2305 jucundat
1249 2235 1313 2298 illa;

186 2318 323 2388 jucunda
341 2317 458 2372 animae
479 2317 508 2371 in
528 2333 561 2372 se
579 2327 651 2372 sunt
669 2315 873 2372 beatitudines
893 2315 1151 2384 imperceptibiles,
1165 2311 1224 2368 sed'
1238 2314 1314 2368 fiunt

189 2395 257 2468 plus
273 2408 304 2452 et
319 2398 386 2468 plus
402 2397 620 2468 perceptibiles,
632 2396 711 2451 sicut
730 2395 918 2450 descendunt
933 2395 962 2448 in
978 2394 1179 2465 cogitationes
1194 2393 1312 2455 mentis,

188 2484 220 2533 et
232 2478 270 2532 ab
284 2476 331 2532 his
351 2477 380 2532 in
396 2477 584 2532 sensationes
596 2476 746 2547 corporis:
766 2475 796 2529 in
812 2474 1045 2546 cogitationibus
1061 2473 1170 2528 mentis
1186 2472 1312 2543 percipl-

188 2566 281 2610 untur
292 2557 370 2612 sicut
383 2555 562 2617 faustitates,
577 2556 606 2609 in
622 2555 844 2611 sensationibus
859 2553 992 2624 corporis
1007 2553 1086 2608 sicut
1099 2552 1312 2622 jucunditates,

187 2637 262 2690 etin
278 2636 342 2706 ipso
354 2652 481 2705 corpore
494 2636 572 2690 sicut
584 2635 771 2704 voluptates;
790 2650 827 2688 ex
843 2633 890 2687 his
904 2643 936 2687 et
952 2632 1010 2687 illis
1022 2632 1110 2686 simul
1123 2641 1170 2686 est
1185 2630 1313 2686 felicitas

187 2724 324 2777 aeterna:
346 2725 377 2769 at
392 2731 430 2769 ex
445 2714 518 2769 solis
534 2714 749 2783 posterioribus
768 2713 818 2767 illa
833 2711 960 2767 felicitas
977 2727 1036 2766 non
1052 2720 1100 2765 est
1113 2721 1243 2774 aeterna,
1259 2710 1312 2766 sed

187 2793 377 2863 temporaria,
391 2809 468 2863 quae
484 2793 588 2847 linitur
599 2802 630 2847 et
643 2792 758 2852 transit.
772 2802 803 2845 et
815 2792 996 2862 quandoque
1008 2791 1043 2844 fit
1056 2789 1224 2845 infelicitas.
1261 2790 1313 2844 vl-

186 2870 275 2927 dlstis
291 2888 370 2926 nunc
380 2873 463 2942 quod
476 2872 578 2926 omnia
589 2872 699 2942 gaudia
711 2880 812 2925 vestra
824 2870 915 2925 etiarn
928 2871 989 2925 sint
1001 2870 1110 2941 gaudia
1121 2869 1205 2931 caeli,
1217 2879 1250 2924 et
1261 2884 1312 2925 ex·

186 2950 364 3006 cellentiora
385 2966 475 3021 quarn
496 2966 623 3021 usquam
643 2950 777 3021 cogitare
799 2950 948 3021 potuistis,
968 2950 1021 3004 sed
1041 2963 1136 3018 usque
1157 2948 1231 3003 haec
1250 2963 1311 3003 non

187 3029 313 3084 interius
325 3028 459 3083 afficiunt
472 3029 589 3084 animos
602 3039 731 3084 nostros.
769 3029 847 3084 Sunt
859 3029 924 3091 tria,
937 3044 1015 3099 quae
1027 3039 1062 3082 ut
1074 3044 1167 3081 unum
1182 3027 1312 3082 induunt

186 3123 206 3164 a
225 3107 358 3162 Domino
377 3107 406 3162 in
426 3108 540 3163 animas
560 3118 693 3171 nostras;
716 3109 789 3163 haec
808 3109 867 3162 tria
882 3119 916 3162 ut
931 3124 1032 3170 unum,
1045 3123 1097 3162 seu
1117 3106 1175 3161 hoc
1189 3107 1310 3169 trinum.

186 3197 258 3244 sunt
271 3204 361 3249 amor,
370 3186 525 3256 sapientia,
535 3197 566 3242 et
579 3202 668 3242 usus:
686 3197 717 3241 at
730 3204 815 3243 amor
823 3197 854 3242 et
867 3188 1015 3258 sapientia
1027 3203 1088 3241 non
1106 3186 1240 3240 existunt
1253 3187 1310 3241 nisi

187 3265 331 3328 idealiter,
344 3266 414 3336 quia
429 3267 526 3321 solum
540 3266 570 3320 in
584 3264 743 3322 afieftione
758 3277 788 3321 et
804 3267 987 3337 cogitatione
1001 3266 1127 3328 mentis:
1142 3265 1239 3320 sedin
1255 3281 1310 3321 usu

187 3345 314 3407 realiter,
330 3345 400 3416 quia
415 3345 504 3400 simul
520 3345 549 3398 in
565 3342 634 3399 adiu
650 3356 681 3400 et
700 3362 791 3416 opere
809 3346 961 3416 corporis:
979 3357 1010 3401 et
1025 3344 1076 3399 ubi
1096 3345 1215 3400 realiter
1232 3344 1310 3401 exis·

186 3433 265 3486 tunt,
286 3424 325 3478 ibi
348 3424 439 3479 etiarn
460 3425 644 3487 subsistunt:
666 3434 698 3479 et
717 3425 788 3496 quia
806 3441 892 3480 amor
910 3434 941 3479 et
962 3425 1109 3495 sapientia
1128 3424 1262 3480 existunt
1279 3434 1310 3481 et

185 3502 394 3559 subsistantia
408 3519 473 3564 usu,
484 3514 531 3559 est
541 3520 612 3559 usus
622 3504 674 3575 qui
687 3521 743 3559 nos
752 3503 852 3566 afficit,
863 3520 897 3559 ac
910 3520 982 3559 usus
995 3515 1040 3558 est
1051 3503 1187 3565 fideliter,
1196 3503 1310 3560 sincere

185 3591 217 3639 et
232 3583 335 3638 sedule
350 3583 434 3638 obire
453 3599 524 3639 suae
543 3582 707 3638 functionis
721 3600 829 3654 opera:
847 3600 933 3638 amor
947 3600 1026 3645 usus,
1040 3593 1072 3638 et
1090 3584 1159 3639 inde
1174 3584 1308 3639 studium

187 3661 217 3715 ln
232 3677 297 3724 usu,
310 3663 448 3717 continet
461 3673 593 3717 mentem
607 3680 644 3718 ne
657 3662 782 3723 diffluat,
793 3672 825 3717 et
837 3679 875 3718 ne
888 3664 1135 3733 circumvagatur.
1146 3673 1178 3718 et
1192 3663 1311 3719 hauriat

186 3754 293 3797 omnes
305 3742 495 3811 cupiditates,
509 3758 586 3812 quae
599 3759 615 3796 e
629 3758 753 3813 corpore
766 3753 797 3796 et
812 3759 829 3797 e
843 3743 957 3796 mundo
973 3758 1146 3813 persensus
1161 3759 1229 3797 curn
1247 3743 1309 3798 ille·

185 3820 283 3874 cebris
297 3820 433 3881 influunt,
444 3836 482 3874 ex
491 3821 600 3891 quibus
608 3836 680 3875 vera
692 3821 845 3892 religionis
857 3831 889 3876 et
899 3838 969 3876 vera
982 3821 1160 3877 moralitatis
1169 3837 1237 3877 cum
1246 3822 1308 3877 suis

185 3897 275 3953 bonis
287 3899 470 3968 dissipantur
484 3899 513 3953 in
527 3915 633 3955 omnes
645 3910 768 3963 ventos;
786 3910 817 3954 at
830 3901 962 3955 studium
978 3901 1087 3955 mentis
1100 3901 1129 3954 in
1143 3917 1199 3956 usu
1213 3901 1308 3956 conti·

187 3987 239 4031 net
261 3987 292 4043 et
314 3978 437 4048 colligat
459 3979 517 4039 illa,
540 3989 571 4033 et
592 3979 726 4049 disponit
748 3990 880 4034 mentem
903 3980 933 4033 in
955 3978 1082 4034 formam
1105 3980 1308 4050 receptibilem

185 4055 351 4124 sapientiae
364 4072 400 4110 ex
413 4057 490 4111 veris
504 4057 577 4120 illis;
595 4067 626 4112 et
638 4067 712 4112 tunc
724 4074 742 4112 a
755 4059 897 4113 lateribus
909 4059 1088 4113 exterminat
1100 4069 1131 4114 et
1144 4058 1307 4114 falsitatum

184 4141 218 4188 et
240 4134 407 4189 vanitatum
430 4135 558 4190 ludibria
579 4145 610 4190 et
632 4136 754 4191 ludicra.
801 4136 861 4192 Sed
886 4138 971 4208 plura
993 4137 1030 4193 de
1053 4139 1099 4194 his
1120 4139 1250 4194 audietis
1270 4153 1308 4194 ex

184 4212 371 4282 sapientibus
387 4225 507 4269 nostrae
522 4215 684 4297 societatis,
697 4231 774 4287 quos
789 4228 858 4287 post
873 4217 1028 4272 meridiem
1044 4217 1121 4272 hanc
1136 4219 1255 4273 mittam
1269 4217 1312 4275 ad<

184 4291 269 4345 '⁰8¹2'

243 4369 300 4425 llis
313 4369 401 4427 ditiis
413 4372 542 4427 surrexit
555 4373 701 4444 princeps,
714 4384 745 4428 et
761 4390 821 4429 una
835 4390 903 4430 cum
920 4374 971 4430 illo
987 4375 1139 4437 convivae,
1152 4392 1188 4431 ac
1203 4393 1306 4447 paoem

185 4446 272 4514 dixit,
284 4461 315 4505 et
330 4451 484 4506 mandavit
499 4453 608 4522 angelo
623 4453 742 4508 illorum
758 4453 885 4518 dudiori,
898 4464 932 4509 ut
949 4457 1103 4511 reduceret
1118 4456 1185 4511 illos
1204 4457 1234 4511 iu
1253 4472 1307 4512 sua
