2782 5026
468 121 520 172 nn
542 120 676 172 nnonn
699 119 1057 172 sconranon10.—n.
1074 107 1147 188 463.
1305 123 1341 189 35
1348 123 1370 190 5Ι

252 290 403 368 moecha,
428 299 467 356 et
499 311 569 354 vox
602 290 852 354 concubinatus
881 290 1043 354 convenit
1073 289 1149 353 huic
1173 290 1364 372 posteriori,

250 390 324 472 quia
339 387 535 452 concubina
557 396 611 450 est
633 386 783 450 succuba
801 383 891 460 lecti,
909 386 986 449 ideo
1005 387 1230 468 separationis
1249 385 1363 462 causa,

249 480 384 565 pactum
402 480 642 563 antenuptiale
666 499 743 544 curn
766 480 891 543 semina
910 480 1122 561 significatur
1144 500 1204 562 per
1222 479 1364 563 pellica·
1383 502 1386 509 ’

248 587 331 652 tum,
351 585 388 641 et
407 575 644 658 postnuptiale
664 594 723 656 per
740 574 1017 637 concubinatum.
1063 574 1116 637 De
1134 574 1363 638 concubinatu

247 672 299 735 hic
324 671 443 753 agitur
466 679 608 752 propter
632 669 808 746 ordinem;
843 686 921 731 nam
953 688 999 730 ex
1030 670 1148 732 ordine
1175 668 1361 750 detegitur,

246 766 344 849 quale
360 773 416 829 est
432 763 626 845 conjugium
645 764 689 827 ab
705 784 772 827 una
787 772 896 846 parte,
913 771 949 826 et
968 762 1068 845 quale
1087 771 1139 825 est
1159 762 1362 826 adulterium

244 861 288 923 ab
308 859 432 924 altera.
478 856 579 939 Quod
600 857 793 939 conjugium
817 868 853 921 et
876 858 1080 921 adulterium
1099 859 1168 921 sint
1191 859 1361 940 opposita,

243 956 276 1017 in
300 954 419 1037 capite
441 953 485 1017 de
515 954 734 1036 oppositione
756 952 891 1015 illorum
915 953 1059 1034 primum
1084 961 1136 1016 est
1161 950 1294 1030 abtum
1325 961 1362 1015 et

242 1058 412 1130 quantum
444 1057 481 1111 et
510 1046 656 1130 qualiter
681 1047 842 1128 opposita
867 1057 959 1121 sunt,
986 1066 1054 1110 non
1083 1056 1200 1128 potest
1228 1047 1362 1109 nisiex

241 1141 469 1218 intermediis,
486 1163 572 1225 quae
589 1142 815 1216 intercedunt,
833 1140 966 1216 hauriri,
985 1162 1030 1203 ex
1049 1142 1169 1223 quibus
1185 1143 1289 1204 etiam
1308 1150 1362 1204 est

240 1239 504 1302 concubinatus.
549 1235 617 1300 Sed
640 1237 720 1318 quia
742 1239 810 1300 duo
832 1235 931 1317 hujus
953 1256 1082 1316 genera
1104 1245 1194 1309 sunt,
1215 1245 1250 1297 et
1275 1235 1360 1298 haec

238 1353 377 1416 prorsus
398 1333 674 1406 discriminanda,
695 1332 772 1394 ideo
790 1333 873 1394 haec
894 1328 1091 1404 transabiio,
1112 1340 1148 1393 ut
1167 1331 1305 1412 priores,
1325 1330 1360 1391 in

237 1447 311 1492 suas
331 1436 458 1510 partes
476 1426 705 1508 dispescenda
724 1435 800 1505 est;
822 1425 913 1508 quod
932 1423 992 1488 liet
1011 1426 1044 1487 in
1064 1425 1125 1487 has
1140 1445 1193 1485 :-

422 1578 465 1647 (i.)
492 1578 579 1648 Quod
588 1578 644 1632 duo
656 1579 859 1631 concubinatus
863 1593 975 1647 genera
987 1579 1054 1637 sint,
1064 1593 1138 1644 quae
1147 1579 1226 1629 inter
1236 1592 1264 1628 se
1275 1577 1360 1630 valde

558 1649 721 1718 di'ffcrunt,·
745 1665 834 1701 unuin
849 1647 1022 1718 conjuncbi'm
1040 1664 1105 1700 cum
1125 1664 1220 1708 uxore,
1233 1647 1359 1700 alterum

558 1718 708 1788 sejunilini
720 1718 757 1770 ab
769 1735 865 1772 uxore.

409 1788 465 1857 (il.)
493 1788 578 1859 Quod
588 1789 791 1841 concubinatus
805 1789 977 1858 conjunlli'ni
992 1803 1056 1840 curn
1072 1804 1168 1848 uxore,
1183 1789 1223 1840 sit
1234 1791 1359 1856 prorsus

559 1859 683 1912 illicitus
695 1858 882 1919 Christianis,
895 1864 922 1911 et
934 1858 1115 1911 detestabilis.

398 1928 465 1999 (iii.)
493 1929 579 2000 Quod
586 1931 626 1981 sit
632 1929 810 1999 polygamia,
823 1945 898 1996 quae
908 1945 945 1981 ex
958 1929 1021 1981 orbe
1035 1928 1202 1981 Christiano
1216 1927 1357 1982 damnata

389 2025 392 2031 ·
559 2005 599 2051 est
611 1999 827 2052 etdamnanda.

398 2069 462 2139 (iv.)
489 2070 575 2139 Quod
583 2073 623 2122 sit
634 2072 778 2129 scortatio,
785 2073 941 2138 perquam
954 2069 1124 2138 conjuginle,
1135 2067 1213 2135 quod
1220 2074 1262 2121 est
1272 2071 1358 2122 cirne·

556 2141 630 2193 li'iern
641 2143 722 2194 vi'tae
735 2140 927 2199 Christianae,
940 2139 1125 2207 deperditur.⁴

407 2211 459 2279 (v.)
487 2210 572 2281 Quod
579 2210 782 2263 concubinatus
792 2209 941 2279 sejuncbim
953 2208 989 2261 ab
1001 2225 1098 2270 uxore,
1111 2225 1175 2261 cuni
1182 2208 1224 2276 fit
1237 2225 1274 2261 ex
1287 2224 1357 2262 cau-

555 2283 596 2333 si's
604 2281 751 2350 legitimis,
753 2282 855 2351 justis,
865 2284 892 2332 et
903 2296 970 2332 vere
976 2280 1100 2339 sonti'ci's,
1111 2295 1166 2332 non
1175 2281 1216 2331 si't
1225 2279 1356 2333 illicitus.

398 2349 462 2418 (vi.)
491 2351 576 2420 Quod
583 2368 687 2404 causae
698 2352 724 2404 le
744 2354 848 2403 iti'inae
859 2349 950 2420 liujus
960 2350 1170 2410 concubinatus,
1180 2352 1242 2402 sint
1252 2365 1357 2404 causae

555 2422 704 2544 birgiliniae
731 2422 920 2482 mortridum
931 2432 1006 2474 uxor
1014 2419 1205 2473 nihilominus
1212 2422 1357 2474 retinetur

592 2509 641 2546 mi.

385 2559 461 2628 (vii.)
487 2560 573 2631 Quod
589 2577 693 2614 causae
707 2561 811 2631 justae
830 2559 921 2630 hujus
940 2551 1150 2621 c'oncubinalus,
1170 2563 1231 2613 si'nt
1253 2576 1357 2616 causae

547 2632 651 2701 justae
662 2634 856 2700 separatinnis
867 2649 885 2684 a
898 2637 968 2685 toro.

375 2699 462 2769 (viii.)
489 2701 574 2772 Quod
581 2718 690 2825 causael
696 2705 822 2756 sonti'cae
833 2702 888 2772 huj
889 2718 922 2754 us
933 2703 1143 2761 concubinatus,
1152 2703 1214 2755 sint
1224 2703 1316 2756 reales
1326 2708 1355 2756 et

555 2788 611 2825 non
623 2788 674 2825 rea
686 2789 722 2826 es.

398 2840 463 2909 (lx.)
490 2841 575 2911 Quod
582 2858 686 2895 causae
697 2844 821 2896 senticae
832 2842 930 2902 reales,
943 2844 1011 2902 sint,
1021 2858 1095 2909 quae
1106 2843 1226 2912 exjusto
1237 2849 1313 2897 sient.

406 2912 459 2979 (x.)
484 2913 528 2966 ΑΙ
544 2913 622 2980 quod
632 2929 735 2966 causae
748 2915 873 2967 sonti'cae
891 2929 947 2965 non
962 2913 1060 2972 reales,
1072 2915 1139 2972 sint,
1152 2928 1226 2979 quae
1243 2929 1300 2967 non
1317 2929 1354 2967 ex

544 2983 629 3053 justo
640 2989 715 3045 sunt,
730 2985 849 3036 tametsi
858 3000 895 3037 ex
907 2986 1084 3051 apparentia
1088 2984 1177 3052 justi.

398 3051 460 3120 (xl.)
488 3052 574 3123 Quod
588 3053 643 3113 illi,
661 3056 717 3122 qui
730 3071 768 3107 ex
791 3056 887 3106 causis
904 3054 1052 3123 legitimis,
1066 3054 1166 3121 justi's,
1186 3060 1220 3106 et·
1237 3056 1353 3109 sonti‘cis

553 3123 687 3185 realibus,
701 3127 734 3177 in
746 3123 797 3177 lioc
808 3125 998 3178 concubinatu
1009 3130 1084 3185 sunt,
1092 3126 1207 3192 possint
1218 3126 1308 3178 simul
1319 3127 1353 3179 in

552 3210 649 3247 amore
660 3195 827 3265 cons'uginli
836 3212 899 3249 esse.

382 3262 456 3334 (xii.)
484 3263 570 3334 Quod
583 3265 698 3333 quando
721 3265 770 3317 lii'c
792 3266 995 3318 concubinatus
1007 3269 1130 3334 perstat,
1149 3265 1271 3319 allualis
1287 3281 1352 3319 con·

544 3336 661 3405 jundi‘o
673 3351 738 3388 cuni
751 3352 842 3389 uxore
853 3350 908 3388 nori
921 3335 1003 3388 licita
1016 3337 1064 3390 sit.
1355 3360 1361 3370 ·

239 3481 398 3567 Sequitur
414 3503 503 3548 nunc
521 3483 642 3547 horum
661 3483 860 3567 explicatio.

293 3579 397 3663 463·
421 3578 472 3662 (i.)
498 3578 595 3657 Quod
608 3580 672 3643 duo
685 3580 915 3643 concubinatus
933 3600 1058 3661 genero
1072 3580 1151 3655 sint,
1168 3602 1251 3662 quae
1265 3581 1351 3646 inter

238 3692 274 3737 se
287 3673 388 3738 valde
404 3674 588 3758 differunt,·
615 3695 715 3738 unum
732 3677 925 3758 conjunili'm
942 3697 1013 3739 cuni
1031 3700 1142 3753 uxore,
1159 3690 1190 3741 et
1207 3680 1350 3744 alterurn

238 3767 405 3852 sq'iinlli'ni
427 3768 470 3832 ab
487 3768 743 3851 uxore-Quod
767 3771 835 3834 duo
854 3790 982 3853 genera
1000 3773 1249 3837 concubinatus
1267 3775 1348 3850 sint,

237 3883 322 3948 quae
344 3862 446 3928 valde
469 3865 559 3928 inter
589 3885 625 3928 se
655 3863 826 3940 differunt,
845 3876 881 3929 et
911 3867 1002 3948 quod
1030 3886 1131 3929 unum
1155 3888 1262 3949 genus
1291 3869 1347 3944 sit,

235 3960 419 4024 succubam
435 3958 619 4041 adjungere
638 3969 726 4035 toro,
741 3980 779 4024 ac
799 3960 1006 4043 conjunctim
1025 3973 1061 4026 et
1080 3962 1178 4025 simul
1195 3982 1271 4027 cum
1290 3964 1351 4028 illa

235 4066 270 4122 et
290 4069 371 4121 c'um
393 4058 501 4120 ux'ore
523 4058 658 4139 vivere3
692 4070 728 4123 et
758 4059 850 4142 quod
874 4058 1017 4122 alterum
1047 4080 1156 4141 genus
1186 4062 1242 4136 sit,
1267 4070 1347 4144 post
