2782 5026
358 112 409 163 ns
432 109 568 163 aurona
589 107 950 162 scoarnromo-m
968 94 1041 177 468.
1195 109 1255 177 359

134 292 183 362 tn.
201 294 278 362 457,
295 278 388 362 458),
404 279 601 344 clenodium
616 278 708 343 vitae
726 277 908 352 humanae,
928 297 969 341 ac
988 276 1254 342 reconditorium

131 375 308 458 religionis
327 373 551 440 Christianae.
597 372 700 455 Quod
718 370 911 454 conjugiale
930 371 1014 435 illud
1033 392 1094 454 per
1110 372 1254 455 polyga-

131 470 258 533 micam
288 470 535 533 scortationem
563 468 652 550 apud
683 467 927 542 Christianum,
950 467 1007 549 qui
1036 466 1071 530 in
1100 465 1160 531 illa
1189 477 1254 544 est,

131 564 309 645 perdatur,
333 571 433 644 patet
456 561 636 626 manifeste
659 582 705 624 ex
728 582 781 637 e0,
801 560 893 643 quod
917 580 986 624 non
1009 560 1118 642 possit
1141 580 1253 626 amare

129 658 360 722 concubinam
384 666 420 721 et
443 675 588 721 uxorem
608 676 715 738 acque
738 657 826 720 sicut
849 655 1054 737 polygamus
1073 654 1253 720 Mahume-

129 752 263 832 danus;
294 752 356 816 sed
379 752 471 834 quod
494 762 660 834 quantum
683 761 777 814 amat
800 751 1002 825 concubam,
1027 770 1087 814 seu
1113 750 1253 816 calescit

129 846 175 910 ad
195 846 300 922 illam,
322 857 457 911 tantum
477 866 545 908 non
569 856 662 909 amet
682 863 838 922 uxorem,
857 865 918 909 seu
937 855 1073 910 tantum
1092 845 1253 927 frigescat

129 941 175 1005 ad
194 940 309 1019 illam;
337 950 373 1005 et
396 942 487 1024 quod
507 940 745 1005 detestabilius
767 951 832 1015 cst,
853 949 989 1004 tantum
1009 941 1114 1004 etiam
1134 940 1252 1005 Domi·

130 1054 214 1099 num
238 1036 343 1099 modo
369 1056 431 1118 pro
458 1034 605 1099 naturali
628 1035 777 1110 homine,
805 1054 934 1118 proque
960 1034 1030 1098 filio
1060 1034 1200 1112 Mariae,
1220 1044 1252 1100 et

129 1151 202 1195 non
220 1131 320 1196 simul
344 1152 405 1214 pro
428 1131 518 1195 Filio
541 1131 617 1206 Dei,
638 1131 741 1194 corde
763 1141 944 1212 agnoscat,
964 1139 1000 1194 et
1022 1151 1157 1214 quoque
1176 1140 1251 1195 tan·

130 1236 207 1290 tum
231 1226 432 1308 religionem
455 1225 695 1308 floccipendat.
738 1224 790 1289 At
818 1226 925 1308 probe
948 1226 1161 1290 noscendum
1187 1237 1251 1303 est,

129 1321 224 1404 quod
247 1321 312 1384 hoc
337 1321 396 1386 fiat
420 1321 560 1403 illisqui
583 1319 810 1384 concubinam
829 1321 961 1384 addunt
980 1321 1091 1397 uxori,
1111 1330 1147 1385 ct
1176 1341 1251 1387 cum

130 1424 276 1499 utraque
292 1415 472 1480 aitualiter
490 1437 527 1479 se
546 1414 778 1496 conjungunt;
802 1425 838 1479 et
858 1435 994 1497 prorsus
1013 1436 1081 1479 non
1100 1416 1177 1493 illis,
1196 1417 1250 1500 qui

130 1530 177 1573 ex
208 1512 319 1574 causis
346 1510 521 1593 legitimis,
541 1509 652 1591 justis,
677 1519 714 1573 et
743 1530 823 1573 vere
849 1510 993 1574 sonticis
1016 1530 1053 1573 se
1079 1501 1250 1592 separant,

132 1613 168 1668 et
186 1607 300 1687 quoad
330 1624 482 1669 amorem
511 1601 682 1668 actualem
711 1624 749 1667 se
779 1602 963 1685 sejungunt
992 1604 1037 1667 ab
1066 1625 1186 1679 uxore,
1211 1625 1250 1669 ac

130 1700 317 1762 usurariam
329 1699 490 1763 feminam
503 1695 716 1762 ¹¹¹collocant.
760 1698 813 1762 Dc
825 1697 891 1762 hoc
905 1698 1153 1763 concubinatus
1164 1689 1250 1787 gem]

131 1812 188 1856 ere
208 1813 296 1858 nunc
315 1795 476 1876 sequitur.
1243 1851 1244 1855 ,

194 1890 296 1972 467.
319 1888 381 1970 (ν.)
409 1886 506 1964 Quod
523 1885 754 1951 concubinatus
775 1886 946 1970 sqicniiim
972 1885 1014 1951 ab
1037 1909 1148 1964 uxore,
1172 1887 1250 1953 dum

129 1981 170 2061 fit
186 2003 229 2044 ex
246 1982 356 2046 causis
375 1982 545 2064 legitimis,
554 1981 664 2065 siestis
686 1991 720 2044 et
739 2003 819 2045 vere
833 1981 977 2057 sonticis,
998 2002 1061 2044 non
1083 1983 1132 2045 sit
1151 1982 1249 2046 t'lleiti-

131 2074 420 2158 tus.-Quaenam
444 2096 567 2140 causae
590 2075 831 2157 intelliguntur
856 2096 916 2158 per
939 2075 1124 2158 legitimas,
1145 2098 1249 2163 quae7

131 2189 210 2234 nam
234 2191 294 2253 per
308 2170 428 2253 justas,
446 2180 483 2234 et
506 2190 674 2253 quaenam
697 2191 757 2253 per
775 2191 854 2233 vere
877 2170 1039 2246 sonticas,
1057 2171 1190 2256 dicetur
1215 2172 1249 2235 in

131 2285 191 2329 suo
210 2267 348 2343 ordine;
372 2264 447 2329 sola
466 2265 596 2329 mentio
614 2284 791 2328 causarum
810 2265 863 2328 hic
881 2265 1120 2347 praemittitur,
1138 2275 1175 2330 ut
1194 2267 1248 2330 hic

130 2360 388 2434 concubinatus,
402 2360 444 2423 de
457 2361 569 2442 quoin
583 2360 805 2442 sequentibus
818 2378 906 2422 nunc
919 2359 1044 2441 agitur,
1058 2360 1248 2443 distingua-

130 2462 184 2517 tur
200 2473 220 2516 a
235 2454 336 2535 priori
353 2454 593 2517 concubinatu.

190 2547 295 2628 468.
316 2545 390 2630 (vi.)
413 2547 509 2625 Quod
514 2568 634 2610 causae
643 2546 813 2629 legitimae
820 2545 919 2630 leujrm
928 2546 1167 2624 concubinatus,
1179 2548 1249 2614 sint

129 2661 247 2704 causae
272 2641 440 2723 legitimae
463 2643 612 2717 divortii,
632 2663 704 2705 cum
733 2663 820 2705 uxor
845 2641 1062 2706 nihilomietles
1087 2643 1250 2708 renitetur

129 2734 332 2799 domi—Per
348 2737 530 2799 divortium
543 2735 747 2817 intelligitur
762 2735 902 2800 abolitio
914 2735 1060 2800 foederis
1073 2736 1247 2820 conjugia·

129 2828 179 2905 lis,
193 2841 229 2896 ct
246 2831 325 2893 inde
342 2831 493 2913 plenaria
508 2832 689 2913 separatio,
704 2840 739 2895 et
755 2840 834 2912 post
850 2830 938 2894 hanc
954 2830 1090 2914 integra
1106 2832 1248 2897 libertas
1362 2850 1366 2859 “

129 2925 275 2989 ducendi
287 2925 390 2988 aliam
402 2944 565 3003 uxorem;
590 2925 709 2990 totalis
718 2924 814 3007 hujus
825 2926 1050 3007 separationis
1062 2947 1120 2989 seu
1132 2927 1246 2991 divor·

129 3023 166 3086 tii
182 3041 285 3084 causa
297 3021 396 3083 unica
411 3030 465 3084 est
482 3022 659 3096 scortatio,
670 3021 857 3085 secundum
870 3030 1091 3103 praeceptum
1108 3021 1248 3086 Domini

130 3114 268 3198 (Mutet.
284 3116 358 3178 xix.
374 3115 421 3197 9).
468 3114 527 3178 Ad
543 3116 688 3180 eandem
705 3116 810 3179 etiam
826 3136 862 3179 se
878 3115 1028 3181 referunt
1045 3117 1246 3183 manifestae

128 3211 373 3285 obscenitates,
394 3231 480 3292 quac
498 3210 638 3274 solvunt
658 3211 832 3293 pudorem,
853 3229 893 3274 ac
917 3209 1096 3292 flagitiosis
1116 3211 1245 3276 lenoci-

128 3306 190 3368 niis
219 3305 364 3386 implent
395 3314 431 3368 et
461 3304 626 3370 infestant
650 3307 800 3380 domum,
825 3326 870 3368 ex
893 3306 1013 3387 quibus
1036 3306 1246 3387 impudicitia

127 3400 342 3473 scortatoria,
359 3399 393 3461 in
412 3419 515 3481 quam
531 3410 608 3463 tota
623 3421 720 3463 mens
739 3408 793 3462 est
812 3399 989 3475 dissoluta,
1006 3409 1134 3464 exstat.
1180 3399 1245 3464 His

127 3493 261 3557 accedit
280 3493 452 3555 malitiosa
472 3493 634 3568 desertio,
654 3514 741 3576 quae
764 3494 907 3558 involvit
928 3495 1183 3569 scortationem,
1203 3515 1243 3560 ac

126 3586 203 3650 facit
215 3607 359 3650 uxorem
373 3586 555 3661 moechari,
568 3597 603 3651 et
618 3589 665 3652 sic
679 3588 847 3670 repudiari
862 3587 1001 3672 (Mattio.
1015 3609 1046 3651 v.
1063 3586 1129 3670 32).
1165 3588 1244 3654 Hae

126 3690 194 3746 tres
217 3701 352 3756 causae,
377 3683 454 3764 quia
476 3691 557 3745 sunt
580 3681 755 3764 legitimae
779 3684 927 3760 divortii,
951 3683 1059 3766 prima
1081 3691 1117 3746 et
1140 3684 1244 3747 tertia

125 3795 238 3840 coram
248 3774 360 3857 judice
373 3775 519 3857 publico,
531 3796 571 3839 ac
585 3777 697 3840 media
709 3797 822 3840 coram
832 3776 944 3859 judice
954 3778 1036 3852 viro,
1048 3777 1242 3841 suntetiam

125 3890 247 3941 causac
266 3870 441 3952 legitimae
461 3872 727 3950 concubinatus;
751 3871 811 3935 sed
835 3872 972 3954 quando
991 3893 1080 3937 uxor
1098 3871 1244 3938 moecha

124 3968 289 4031 retinetur
299 3966 401 4030 domi.
447 3964 548 4048 Quod
558 3968 725 4032 scortatio
740 3967 785 4030 sit
801 3968 900 4031 unica
913 3986 1016 4032 causa
1026 3967 1175 4046 divortii,
1187 3978 1242 4036 cst
