<?xml version="1.0" encoding="UTF-8"?>
<!DOCTYPE html PUBLIC "-//W3C//DTD XHTML 1.0 Transitional//EN"
    "http://www.w3.org/TR/xhtml1/DTD/xhtml1-transitional.dtd">
<html xmlns="http://www.w3.org/1999/xhtml" xml:lang="en" lang="en">
 <head>
  <title>
</title>
<meta http-equiv="Content-Type" content="text/html;charset=utf-8" />
  <meta name='ocr-system' content='tesseract 3.04.00' />
  <meta name='ocr-capabilities' content='ocr_page ocr_carea ocr_par ocr_line ocrx_word'/>
</head>
<body>
  <div class='ocr_page' id='page_1' title='image "./deliciaesapient00swedgoog_0283.png"; bbox 0 0 2782 5026; ppageno 0'>
   <div class='ocr_carea' id='block_1_1' title="bbox 243 427 1023 497">
    <p class='ocr_par' dir='ltr' id='par_1_1' title="bbox 243 427 1023 497">
     <span class='ocr_line' id='line_1_1' title="bbox 243 427 1023 497; baseline -0.003 -17"><span class='ocrx_word' id='word_1_1' title='bbox 243 432 306 497; x_wconf 90' lang='lat'>274</span> <span class='ocrx_word' id='word_1_2' title='bbox 589 427 772 478; x_wconf 73' lang='lat' dir='ltr'>umerus</span> <span class='ocrx_word' id='word_1_3' title='bbox 795 427 1023 479; x_wconf 74' lang='lat' dir='ltr'>samarias</span> 
     </span>
    </p>
   </div>
   <div class='ocr_carea' id='block_1_2' title="bbox 225 599 1383 4485">
    <p class='ocr_par' dir='ltr' id='par_1_2' title="bbox 225 599 1383 4008">
     <span class='ocr_line' id='line_1_2' title="bbox 239 599 1332 683; baseline -0.002 -19"><span class='ocrx_word' id='word_1_4' title='bbox 239 601 352 664; x_wconf 86' lang='lat' dir='ltr'>entiae</span> <span class='ocrx_word' id='word_1_5' title='bbox 366 599 551 682; x_wconf 88' lang='lat' dir='ltr'>spiritualis</span> <span class='ocrx_word' id='word_1_6' title='bbox 568 609 646 662; x_wconf 91' lang='lat' dir='ltr'>sunt</span> <span class='ocrx_word' id='word_1_7' title='bbox 664 600 754 682; x_wconf 90' lang='lat' dir='ltr'>apud</span> <span class='ocrx_word' id='word_1_8' title='bbox 771 601 927 682; x_wconf 85' lang='lat' dir='ltr'>angelos,</span> <span class='ocrx_word' id='word_1_9' title='bbox 941 608 1040 664; x_wconf 89' lang='lat' dir='ltr'>erant</span> <span class='ocrx_word' id='word_1_10' title='bbox 1060 601 1219 683; x_wconf 85' lang='lat' dir='ltr'>origines.</span> <span class='ocrx_word' id='word_1_11' title='bbox 1257 600 1332 663; x_wconf 89' lang='lat' dir='ltr'>Nunc</span> 
     </span>
     <span class='ocr_line' id='line_1_3' title="bbox 239 694 1333 778; baseline -0.002 -20"><span class='ocrx_word' id='word_1_12' title='bbox 239 697 317 778; x_wconf 92' lang='lat' dir='ltr'>quia</span> <span class='ocrx_word' id='word_1_13' title='bbox 333 697 445 757; x_wconf 91' lang='lat' dir='ltr'>omnis</span> <span class='ocrx_word' id='word_1_14' title='bbox 458 694 569 759; x_wconf 90' lang='lat' dir='ltr'>cultus</span> <span class='ocrx_word' id='word_1_15' title='bbox 582 695 717 758; x_wconf 88' lang='lat' dir='ltr'>illorum</span> <span class='ocrx_word' id='word_1_16' title='bbox 734 705 808 759; x_wconf 89' lang='lat' dir='ltr'>erat</span> <span class='ocrx_word' id='word_1_17' title='bbox 824 697 1150 778; x_wconf 79' lang='lat' dir='ltr'>repraesentativus,</span> <span class='ocrx_word' id='word_1_18' title='bbox 1164 698 1333 760; x_wconf 85' lang='lat' dir='ltr'><strong>consistens</strong></span> 
     </span>
     <span class='ocr_line' id='line_1_4' title="bbox 239 790 1332 873; baseline -0.004 -18"><span class='ocrx_word' id='word_1_19' title='bbox 239 812 285 855; x_wconf 88' lang='lat' dir='ltr'>ex</span> <span class='ocrx_word' id='word_1_20' title='bbox 309 792 410 855; x_wconf 89' lang='lat' dir='ltr'>meris</span> <span class='ocrx_word' id='word_1_21' title='bbox 433 791 759 873; x_wconf 87' lang='lat' dir='ltr'>correspondentiis,</span> <span class='ocrx_word' id='word_1_22' title='bbox 780 790 859 853; x_wconf 91' lang='lat' dir='ltr'>ideo</span> <span class='ocrx_word' id='word_1_23' title='bbox 882 811 983 872; x_wconf 89' lang='lat' dir='ltr'>super</span> <span class='ocrx_word' id='word_1_24' title='bbox 1006 792 1181 855; x_wconf 91' lang='lat' dir='ltr'>montibus</span> <span class='ocrx_word' id='word_1_25' title='bbox 1203 803 1238 855; x_wconf 91' lang='lat' dir='ltr'>et</span> <span class='ocrx_word' id='word_1_26' title='bbox 1258 791 1332 855; x_wconf 88' lang='lat' dir='ltr'>colli·</span> 
     </span>
     <span class='ocr_line' id='line_1_5' title="bbox 238 885 1331 968; baseline -0.003 -18"><span class='ocrx_word' id='word_1_27' title='bbox 238 887 312 961; x_wconf 93' lang='lat' dir='ltr'>bus,</span> <span class='ocrx_word' id='word_1_28' title='bbox 337 897 374 949; x_wconf 90' lang='lat' dir='ltr'>et</span> <span class='ocrx_word' id='word_1_29' title='bbox 397 906 531 968; x_wconf 90' lang='lat' dir='ltr'>quoque</span> <span class='ocrx_word' id='word_1_30' title='bbox 555 887 588 947; x_wconf 91' lang='lat' dir='ltr'>in</span> <span class='ocrx_word' id='word_1_31' title='bbox 613 885 697 948; x_wconf 91' lang='lat' dir='ltr'>lucis</span> <span class='ocrx_word' id='word_1_32' title='bbox 727 895 762 949; x_wconf 91' lang='lat' dir='ltr'>et</span> <span class='ocrx_word' id='word_1_33' title='bbox 792 885 914 958; x_wconf 88' lang='lat' dir='ltr'>hortis,</span> <span class='ocrx_word' id='word_1_34' title='bbox 940 886 1132 950; x_wconf 87' lang='lat' dir='ltr'>habuerunt</span> <span class='ocrx_word' id='word_1_35' title='bbox 1156 887 1280 962; x_wconf 89' lang='lat' dir='ltr'>cultus;</span> <span class='ocrx_word' id='word_1_36' title='bbox 1306 896 1331 948; x_wconf 87' lang='lat' dir='ltr'>et</span> 
     </span>
     <span class='ocr_line' id='line_1_6' title="bbox 238 977 1383 1054; baseline -0.003 -10"><span class='ocrx_word' id='word_1_37' title='bbox 238 981 316 1044; x_wconf 92' lang='lat' dir='ltr'>ideo</span> <span class='ocrx_word' id='word_1_38' title='bbox 338 979 453 1043; x_wconf 87' lang='lat' dir='ltr'>sontes</span> <span class='ocrx_word' id='word_1_39' title='bbox 472 977 745 1054; x_wconf 70' lang='lat' dir='ltr'>sanetificabant,</span> <span class='ocrx_word' id='word_1_40' title='bbox 766 990 802 1044; x_wconf 94' lang='lat' dir='ltr'>et</span> <span class='ocrx_word' id='word_1_41' title='bbox 825 981 869 1043; x_wconf 90' lang='lat' dir='ltr'>ad</span> <span class='ocrx_word' id='word_1_42' title='bbox 892 980 1002 1045; x_wconf 89' lang='lat' dir='ltr'>solem</span> <span class='ocrx_word' id='word_1_43' title='bbox 1026 983 1195 1045; x_wconf 83' lang='lat' dir='ltr'>orientem</span> <span class='ocrx_word' id='word_1_44' title='bbox 1217 983 1248 1045; x_wconf 93' lang='lat' dir='ltr'>in</span> <span class='ocrx_word' id='word_1_45' title='bbox 1268 981 1331 1044; x_wconf 87' lang='lat' dir='ltr'>ado·</span> <span class='ocrx_word' id='word_1_46' title='bbox 1381 1024 1383 1031; x_wconf 83' lang='lat'><em>-</em></span> 
     </span>
     <span class='ocr_line' id='line_1_7' title="bbox 238 1074 1383 1158; baseline -0.003 -20"><span class='ocrx_word' id='word_1_47' title='bbox 238 1076 427 1138; x_wconf 90' lang='lat' dir='ltr'>rationibus</span> <span class='ocrx_word' id='word_1_48' title='bbox 438 1083 684 1138; x_wconf 86' lang='lat' dir='ltr'>converterunt</span> <span class='ocrx_word' id='word_1_49' title='bbox 699 1074 824 1153; x_wconf 86' lang='lat' dir='ltr'>sacies;</span> <span class='ocrx_word' id='word_1_50' title='bbox 848 1085 884 1138; x_wconf 90' lang='lat' dir='ltr'>et</span> <span class='ocrx_word' id='word_1_51' title='bbox 901 1076 1037 1157; x_wconf 86' lang='lat' dir='ltr'>insuper</span> <span class='ocrx_word' id='word_1_52' title='bbox 1050 1075 1226 1158; x_wconf 83' lang='lat' dir='ltr'>sculptiles</span> <span class='ocrx_word' id='word_1_53' title='bbox 1239 1095 1330 1158; x_wconf 88' lang='lat' dir='ltr'>equos,</span> <span class='ocrx_word' id='word_1_54' title='bbox 1381 1086 1383 1099; x_wconf 90' lang='lat'>&#39;</span> 
     </span>
     <span class='ocr_line' id='line_1_8' title="bbox 237 1169 1383 1261; baseline -0.002 -28"><span class='ocrx_word' id='word_1_55' title='bbox 237 1171 356 1245; x_wconf 89' lang='lat' dir='ltr'>boves,</span> <span class='ocrx_word' id='word_1_56' title='bbox 376 1169 515 1243; x_wconf 91' lang='lat' dir='ltr'>vitulos,</span> <span class='ocrx_word' id='word_1_57' title='bbox 535 1189 657 1250; x_wconf 90' lang='lat' dir='ltr'>agnos,</span> <span class='ocrx_word' id='word_1_58' title='bbox 677 1171 783 1233; x_wconf 93' lang='lat' dir='ltr'>immo</span> <span class='ocrx_word' id='word_1_59' title='bbox 802 1190 895 1244; x_wconf 87' lang='lat' dir='ltr'>aves,</span> <span class='ocrx_word' id='word_1_60' title='bbox 916 1172 1038 1252; x_wconf 86' lang='lat' dir='ltr'>pisces,</span> <span class='ocrx_word' id='word_1_61' title='bbox 1059 1181 1246 1253; x_wconf 88' lang='lat' dir='ltr'>serpentes,</span> <span class='ocrx_word' id='word_1_62' title='bbox 1264 1172 1330 1233; x_wconf 84' lang='lat' dir='ltr'>iece-</span> <span class='ocrx_word' id='word_1_63' title='bbox 1381 1246 1383 1261; x_wconf 43' lang='grc' dir='ltr'>Ι</span> 
     </span>
     <span class='ocr_line' id='line_1_9' title="bbox 237 1262 1383 1347; baseline -0.005 -19"><span class='ocrx_word' id='word_1_64' title='bbox 237 1275 336 1343; x_wconf 90' lang='lat' dir='ltr'>runt;</span> <span class='ocrx_word' id='word_1_65' title='bbox 360 1274 395 1329; x_wconf 91' lang='lat' dir='ltr'>et</span> <span class='ocrx_word' id='word_1_66' title='bbox 415 1265 478 1328; x_wconf 92' lang='lat' dir='ltr'>hos</span> <span class='ocrx_word' id='word_1_67' title='bbox 495 1275 682 1347; x_wconf 90' lang='lat' dir='ltr'>posuerunt</span> <span class='ocrx_word' id='word_1_68' title='bbox 701 1265 805 1340; x_wconf 90' lang='lat' dir='ltr'>domi,</span> <span class='ocrx_word' id='word_1_69' title='bbox 822 1275 858 1329; x_wconf 92' lang='lat' dir='ltr'>et</span> <span class='ocrx_word' id='word_1_70' title='bbox 877 1265 968 1337; x_wconf 89' lang='lat' dir='ltr'>alibi,</span> <span class='ocrx_word' id='word_1_71' title='bbox 983 1267 1017 1327; x_wconf 94' lang='lat' dir='ltr'>in</span> <span class='ocrx_word' id='word_1_72' title='bbox 1036 1265 1156 1327; x_wconf 87' lang='lat' dir='ltr'>ordine</span> <span class='ocrx_word' id='word_1_73' title='bbox 1172 1262 1330 1326; x_wconf 88' lang='lat' dir='ltr'>secundun</span> <span class='ocrx_word' id='word_1_74' title='bbox 1381 1332 1383 1347; x_wconf 43' lang='grc' dir='ltr'>Ι</span> 
     </span>
     <span class='ocr_line' id='line_1_10' title="bbox 237 1359 1383 1449; baseline -0.006 -27"><span class='ocrx_word' id='word_1_75' title='bbox 237 1359 427 1442; x_wconf 86' lang='lat' dir='ltr'>spiritualia</span> <span class='ocrx_word' id='word_1_76' title='bbox 456 1359 634 1434; x_wconf 87' lang='lat' dir='ltr'>ecclesiae,</span> <span class='ocrx_word' id='word_1_77' title='bbox 665 1361 788 1442; x_wconf 91' lang='lat' dir='ltr'>quibus</span> <span class='ocrx_word' id='word_1_78' title='bbox 817 1359 1149 1442; x_wconf 88' lang='lat' dir='ltr'>correspondebant,</span> <span class='ocrx_word' id='word_1_79' title='bbox 1180 1379 1237 1421; x_wconf 91' lang='lat' dir='ltr'>seu</span> <span class='ocrx_word' id='word_1_80' title='bbox 1265 1374 1330 1438; x_wconf 86' lang='lat' dir='ltr'>quae</span> <span class='ocrx_word' id='word_1_81' title='bbox 1381 1374 1383 1449; x_wconf 57' lang='lat' dir='ltr'><strong>j</strong></span> 
     </span>
     <span class='ocr_line' id='line_1_11' title="bbox 236 1451 1383 1545; baseline 0.005 -28"><span class='ocrx_word' id='word_1_82' title='bbox 236 1455 561 1537; x_wconf 84' lang='lat' dir='ltr'>repraesentabant:</span> <span class='ocrx_word' id='word_1_83' title='bbox 587 1455 709 1518; x_wconf 89' lang='lat' dir='ltr'>similia</span> <span class='ocrx_word' id='word_1_84' title='bbox 727 1457 832 1518; x_wconf 90' lang='lat' dir='ltr'>etiam</span> <span class='ocrx_word' id='word_1_85' title='bbox 852 1465 1038 1537; x_wconf 91' lang='lat' dir='ltr'>posuerunt</span> <span class='ocrx_word' id='word_1_86' title='bbox 1062 1456 1096 1517; x_wconf 90' lang='lat' dir='ltr'>in</span> <span class='ocrx_word' id='word_1_87' title='bbox 1119 1456 1190 1517; x_wconf 89' lang='lat' dir='ltr'>suis</span> <span class='ocrx_word' id='word_1_88' title='bbox 1207 1451 1328 1534; x_wconf 78' lang='lat' dir='ltr'>templis.</span> <span class='ocrx_word' id='word_1_89' title='bbox 1381 1494 1383 1545; x_wconf 62' lang='grc' dir='ltr'>ς</span> 
     </span>
     <span class='ocr_line' id='line_1_12' title="bbox 236 1545 1329 1631; baseline -0.006 -19"><span class='ocrx_word' id='word_1_90' title='bbox 236 1560 273 1614; x_wconf 92' lang='lat' dir='ltr'>ut</span> <span class='ocrx_word' id='word_1_91' title='bbox 292 1552 325 1612; x_wconf 92' lang='lat' dir='ltr'>in</span> <span class='ocrx_word' id='word_1_92' title='bbox 344 1551 635 1613; x_wconf 89' lang='lat' dir='ltr'>reminiscentiam</span> <span class='ocrx_word' id='word_1_93' title='bbox 651 1559 853 1612; x_wconf 86' lang='lat' dir='ltr'>revocarent</span> <span class='ocrx_word' id='word_1_94' title='bbox 871 1546 990 1611; x_wconf 71' lang='lat' dir='ltr'>saneta</span> <span class='ocrx_word' id='word_1_95' title='bbox 1006 1548 1131 1622; x_wconf 89' lang='lat' dir='ltr'>cultus,</span> <span class='ocrx_word' id='word_1_96' title='bbox 1148 1569 1234 1631; x_wconf 90' lang='lat' dir='ltr'>quae</span> <span class='ocrx_word' id='word_1_97' title='bbox 1247 1545 1329 1627; x_wconf 88' lang='lat' dir='ltr'>signi·</span> 
     </span>
     <span class='ocr_line' id='line_1_13' title="bbox 234 1644 1328 1728; baseline -0.007 -20"><span class='ocrx_word' id='word_1_98' title='bbox 234 1645 373 1708; x_wconf 87' lang='lat' dir='ltr'>cabant.</span> <span class='ocrx_word' id='word_1_99' title='bbox 414 1645 495 1708; x_wconf 89' lang='lat' dir='ltr'>Post</span> <span class='ocrx_word' id='word_1_100' title='bbox 510 1654 657 1728; x_wconf 91' lang='lat' dir='ltr'>tempus,</span> <span class='ocrx_word' id='word_1_101' title='bbox 671 1646 809 1728; x_wconf 92' lang='lat' dir='ltr'>quando</span> <span class='ocrx_word' id='word_1_102' title='bbox 821 1646 966 1708; x_wconf 88' lang='lat' dir='ltr'>scientia</span> <span class='ocrx_word' id='word_1_103' title='bbox 976 1644 1328 1727; x_wconf 87' lang='lat' dir='ltr'>correspondentiarun</span> 
     </span>
     <span class='ocr_line' id='line_1_14' title="bbox 235 1738 1329 1822; baseline -0.007 -18"><span class='ocrx_word' id='word_1_104' title='bbox 235 1740 422 1804; x_wconf 90' lang='lat' dir='ltr'>obliterata</span> <span class='ocrx_word' id='word_1_105' title='bbox 444 1739 517 1814; x_wconf 86' lang='lat' dir='ltr'>suit,</span> <span class='ocrx_word' id='word_1_106' title='bbox 542 1741 656 1822; x_wconf 90' lang='lat' dir='ltr'>coepit</span> <span class='ocrx_word' id='word_1_107' title='bbox 681 1742 867 1822; x_wconf 88' lang='lat' dir='ltr'>posteritas</span> <span class='ocrx_word' id='word_1_108' title='bbox 886 1740 1000 1804; x_wconf 91' lang='lat' dir='ltr'>colere</span> <span class='ocrx_word' id='word_1_109' title='bbox 1023 1741 1097 1822; x_wconf 90' lang='lat' dir='ltr'>ipsa</span> <span class='ocrx_word' id='word_1_110' title='bbox 1121 1738 1284 1820; x_wconf 90' lang='lat' dir='ltr'>sculptilia</span> <span class='ocrx_word' id='word_1_111' title='bbox 1303 1743 1329 1796; x_wconf 90' lang='lat' dir='ltr'>ut</span> 
     </span>
     <span class='ocr_line' id='line_1_15' title="bbox 234 1833 1329 1918; baseline -0.005 -21"><span class='ocrx_word' id='word_1_112' title='bbox 234 1836 267 1897; x_wconf 92' lang='lat' dir='ltr'>in</span> <span class='ocrx_word' id='word_1_113' title='bbox 288 1856 324 1898; x_wconf 90' lang='lat' dir='ltr'>se</span> <span class='ocrx_word' id='word_1_114' title='bbox 341 1833 470 1908; x_wconf 70' lang='lat' dir='ltr'>saneta,</span> <span class='ocrx_word' id='word_1_115' title='bbox 488 1835 683 1898; x_wconf 90' lang='lat' dir='ltr'>nescientes</span> <span class='ocrx_word' id='word_1_116' title='bbox 700 1836 791 1917; x_wconf 93' lang='lat' dir='ltr'>quod</span> <span class='ocrx_word' id='word_1_117' title='bbox 808 1837 939 1918; x_wconf 92' lang='lat' dir='ltr'>antiqui</span> <span class='ocrx_word' id='word_1_118' title='bbox 956 1845 1120 1917; x_wconf 89' lang='lat' dir='ltr'>parentes</span> <span class='ocrx_word' id='word_1_119' title='bbox 1136 1834 1266 1898; x_wconf 90' lang='lat' dir='ltr'>illorum</span> <span class='ocrx_word' id='word_1_120' title='bbox 1279 1847 1329 1894; x_wconf 89' lang='lat' dir='ltr'>non</span> 
     </span>
     <span class='ocr_line' id='line_1_16' title="bbox 233 1928 1330 2012; baseline -0.005 -20"><span class='ocrx_word' id='word_1_121' title='bbox 233 1930 381 1993; x_wconf 89' lang='lat' dir='ltr'>viderint</span> <span class='ocrx_word' id='word_1_122' title='bbox 400 1929 526 2012; x_wconf 90' lang='lat' dir='ltr'>aliquid</span> <span class='ocrx_word' id='word_1_123' title='bbox 550 1928 659 1992; x_wconf 71' lang='lat' dir='ltr'>saneti</span> <span class='ocrx_word' id='word_1_124' title='bbox 682 1931 716 1992; x_wconf 91' lang='lat' dir='ltr'>in</span> <span class='ocrx_word' id='word_1_125' title='bbox 740 1929 817 2005; x_wconf 89' lang='lat' dir='ltr'>illis,</span> <span class='ocrx_word' id='word_1_126' title='bbox 838 1929 898 1993; x_wconf 90' lang='lat' dir='ltr'>sed</span> <span class='ocrx_word' id='word_1_127' title='bbox 922 1930 1032 1992; x_wconf 92' lang='lat' dir='ltr'>solum</span> <span class='ocrx_word' id='word_1_128' title='bbox 1056 1930 1149 2012; x_wconf 93' lang='lat' dir='ltr'>quod</span> <span class='ocrx_word' id='word_1_129' title='bbox 1168 1929 1330 1993; x_wconf 87' lang='lat' dir='ltr'>secundun</span> 
     </span>
     <span class='ocr_line' id='line_1_17' title="bbox 233 2024 1333 2108; baseline -0.006 -21"><span class='ocrx_word' id='word_1_130' title='bbox 233 2025 558 2108; x_wconf 89' lang='lat' dir='ltr'>correspondentias</span> <span class='ocrx_word' id='word_1_131' title='bbox 592 2033 903 2105; x_wconf 86' lang='lat' dir='ltr'>repraesentarent,</span> <span class='ocrx_word' id='word_1_132' title='bbox 935 2034 971 2088; x_wconf 94' lang='lat' dir='ltr'>et</span> <span class='ocrx_word' id='word_1_133' title='bbox 1005 2025 1084 2088; x_wconf 90' lang='lat' dir='ltr'>inde</span> <span class='ocrx_word' id='word_1_134' title='bbox 1119 2024 1333 2106; x_wconf 85' lang='lat' dir='ltr'>significarent</span> 
     </span>
     <span class='ocr_line' id='line_1_18' title="bbox 232 2118 1336 2203; baseline -0.005 -22"><span class='ocrx_word' id='word_1_135' title='bbox 232 2118 361 2183; x_wconf 75' lang='lat' dir='ltr'>sandla.</span> <span class='ocrx_word' id='word_1_136' title='bbox 407 2119 464 2183; x_wconf 90' lang='lat' dir='ltr'>Ex</span> <span class='ocrx_word' id='word_1_137' title='bbox 483 2121 536 2182; x_wconf 93' lang='lat' dir='ltr'>his</span> <span class='ocrx_word' id='word_1_138' title='bbox 555 2130 653 2183; x_wconf 84' lang='lat' dir='ltr'>ortae</span> <span class='ocrx_word' id='word_1_139' title='bbox 672 2130 753 2184; x_wconf 92' lang='lat' dir='ltr'>sunt</span> <span class='ocrx_word' id='word_1_140' title='bbox 773 2120 1002 2196; x_wconf 89' lang='lat' dir='ltr'>idololatriae,</span> <span class='ocrx_word' id='word_1_141' title='bbox 1020 2141 1107 2202; x_wconf 91' lang='lat' dir='ltr'>quae</span> <span class='ocrx_word' id='word_1_142' title='bbox 1126 2121 1336 2203; x_wconf 87' lang='lat' dir='ltr'>impleverunt</span> 
     </span>
     <span class='ocr_line' id='line_1_19' title="bbox 232 2215 1342 2289; baseline 0.004 -10"><span class='ocrx_word' id='word_1_143' title='bbox 232 2226 344 2279; x_wconf 91' lang='lat' dir='ltr'>totum</span> <span class='ocrx_word' id='word_1_144' title='bbox 362 2225 528 2279; x_wconf 86' lang='lat' dir='ltr'>terrarum</span> <span class='ocrx_word' id='word_1_145' title='bbox 545 2216 673 2289; x_wconf 89' lang='lat' dir='ltr'>orbem,</span> <span class='ocrx_word' id='word_1_146' title='bbox 688 2224 760 2280; x_wconf 89' lang='lat' dir='ltr'>tam</span> <span class='ocrx_word' id='word_1_147' title='bbox 777 2215 969 2280; x_wconf 87' lang='lat' dir='ltr'>Asiaticum</span> <span class='ocrx_word' id='word_1_148' title='bbox 986 2235 1063 2279; x_wconf 89' lang='lat' dir='ltr'>cum</span> <span class='ocrx_word' id='word_1_149' title='bbox 1080 2217 1200 2279; x_wconf 91' lang='lat' dir='ltr'>insulis</span> <span class='ocrx_word' id='word_1_150' title='bbox 1215 2217 1342 2283; x_wconf 63' lang='lat' dir='ltr'>circum,</span> 
     </span>
     <span class='ocr_line' id='line_1_20' title="bbox 231 2310 1343 2394; baseline -0.001 -20"><span class='ocrx_word' id='word_1_151' title='bbox 231 2330 332 2394; x_wconf 93' lang='lat' dir='ltr'>quam</span> <span class='ocrx_word' id='word_1_152' title='bbox 357 2310 568 2386; x_wconf 81' lang='lat' dir='ltr'>Africanum,</span> <span class='ocrx_word' id='word_1_153' title='bbox 588 2321 624 2374; x_wconf 90' lang='lat' dir='ltr'>et</span> <span class='ocrx_word' id='word_1_154' title='bbox 649 2310 877 2393; x_wconf 89' lang='lat' dir='ltr'>Europaeum.</span> <span class='ocrx_word' id='word_1_155' title='bbox 923 2311 974 2375; x_wconf 92' lang='lat' dir='ltr'>Ut</span> <span class='ocrx_word' id='word_1_156' title='bbox 997 2330 1120 2374; x_wconf 91' lang='lat' dir='ltr'>omnes</span> <span class='ocrx_word' id='word_1_157' title='bbox 1144 2311 1224 2376; x_wconf 90' lang='lat' dir='ltr'>illae</span> <span class='ocrx_word' id='word_1_158' title='bbox 1242 2311 1343 2374; x_wconf 81' lang='lat' dir='ltr'>idolo-</span> 
     </span>
     <span class='ocr_line' id='line_1_21' title="bbox 232 2404 1342 2488; baseline -0.001 -21"><span class='ocrx_word' id='word_1_159' title='bbox 232 2406 351 2469; x_wconf 89' lang='lat' dir='ltr'>latriae</span> <span class='ocrx_word' id='word_1_160' title='bbox 363 2406 646 2488; x_wconf 89' lang='lat' dir='ltr'>exstirparentur,</span> <span class='ocrx_word' id='word_1_161' title='bbox 657 2427 702 2468; x_wconf 85' lang='lat' dir='ltr'>ex</span> <span class='ocrx_word' id='word_1_162' title='bbox 717 2406 840 2468; x_wconf 90' lang='lat' dir='ltr'>Divina</span> <span class='ocrx_word' id='word_1_163' title='bbox 852 2405 989 2469; x_wconf 92' lang='lat' dir='ltr'>Domini</span> <span class='ocrx_word' id='word_1_164' title='bbox 1002 2408 1219 2487; x_wconf 89' lang='lat' dir='ltr'>providentia</span> <span class='ocrx_word' id='word_1_165' title='bbox 1229 2404 1342 2471; x_wconf 67' lang='lat' dir='ltr'>sactum</span> 
     </span>
     <span class='ocr_line' id='line_1_22' title="bbox 230 2501 1344 2583; baseline -0.002 -19"><span class='ocrx_word' id='word_1_166' title='bbox 230 2512 294 2576; x_wconf 91' lang='lat' dir='ltr'>est,</span> <span class='ocrx_word' id='word_1_167' title='bbox 313 2512 353 2564; x_wconf 87' lang='lat' dir='ltr'>ut</span> <span class='ocrx_word' id='word_1_168' title='bbox 368 2521 457 2564; x_wconf 94' lang='lat' dir='ltr'>nova</span> <span class='ocrx_word' id='word_1_169' title='bbox 469 2501 589 2582; x_wconf 88' lang='lat' dir='ltr'>religio</span> <span class='ocrx_word' id='word_1_170' title='bbox 602 2502 712 2582; x_wconf 89' lang='lat' dir='ltr'>geniis</span> <span class='ocrx_word' id='word_1_171' title='bbox 725 2501 942 2564; x_wconf 89' lang='lat' dir='ltr'>orientalium</span> <span class='ocrx_word' id='word_1_172' title='bbox 955 2503 1224 2565; x_wconf 91' lang='lat' dir='ltr'>accommodata</span> <span class='ocrx_word' id='word_1_173' title='bbox 1239 2501 1344 2583; x_wconf 90' lang='lat' dir='ltr'>auspi·</span> 
     </span>
     <span class='ocr_line' id='line_1_23' title="bbox 230 2595 1344 2678; baseline -0.001 -19"><span class='ocrx_word' id='word_1_174' title='bbox 230 2607 366 2659; x_wconf 89' lang='lat' dir='ltr'>caretur</span> <span class='ocrx_word' id='word_1_175' title='bbox 380 2618 387 2672; x_wconf 90' lang='grc'><strong>;</strong></span> <span class='ocrx_word' id='word_1_176' title='bbox 408 2598 440 2658; x_wconf 92' lang='lat' dir='ltr'>in</span> <span class='ocrx_word' id='word_1_177' title='bbox 454 2617 519 2678; x_wconf 91' lang='lat' dir='ltr'>qua</span> <span class='ocrx_word' id='word_1_178' title='bbox 532 2595 659 2678; x_wconf 91' lang='lat' dir='ltr'>aliquid</span> <span class='ocrx_word' id='word_1_179' title='bbox 672 2617 716 2658; x_wconf 93' lang='lat' dir='ltr'>ex</span> <span class='ocrx_word' id='word_1_180' title='bbox 732 2606 875 2677; x_wconf 91' lang='lat' dir='ltr'>utroque</span> <span class='ocrx_word' id='word_1_181' title='bbox 888 2595 1119 2659; x_wconf 89' lang='lat' dir='ltr'>Testamento</span> <span class='ocrx_word' id='word_1_182' title='bbox 1133 2596 1241 2661; x_wconf 90' lang='lat' dir='ltr'>Verbi</span> <span class='ocrx_word' id='word_1_183' title='bbox 1253 2597 1344 2668; x_wconf 83' lang='lat' dir='ltr'>foret,</span> 
     </span>
     <span class='ocr_line' id='line_1_24' title="bbox 229 2690 1345 2774; baseline 0.001 -20"><span class='ocrx_word' id='word_1_184' title='bbox 229 2702 265 2755; x_wconf 93' lang='lat' dir='ltr'>et</span> <span class='ocrx_word' id='word_1_185' title='bbox 276 2712 362 2774; x_wconf 91' lang='lat' dir='ltr'>quae</span> <span class='ocrx_word' id='word_1_186' title='bbox 375 2692 516 2754; x_wconf 90' lang='lat' dir='ltr'>doceret</span> <span class='ocrx_word' id='word_1_187' title='bbox 533 2691 624 2772; x_wconf 92' lang='lat' dir='ltr'>quod</span> <span class='ocrx_word' id='word_1_188' title='bbox 639 2690 805 2753; x_wconf 90' lang='lat' dir='ltr'>Dominus</span> <span class='ocrx_word' id='word_1_189' title='bbox 822 2692 855 2752; x_wconf 93' lang='lat' dir='ltr'>in</span> <span class='ocrx_word' id='word_1_190' title='bbox 873 2691 1036 2753; x_wconf 91' lang='lat' dir='ltr'>mundum</span> <span class='ocrx_word' id='word_1_191' title='bbox 1049 2694 1195 2766; x_wconf 87' lang='lat' dir='ltr'>venerit,</span> <span class='ocrx_word' id='word_1_192' title='bbox 1210 2701 1247 2756; x_wconf 90' lang='lat' dir='ltr'>et</span> <span class='ocrx_word' id='word_1_193' title='bbox 1259 2691 1345 2774; x_wconf 91' lang='lat' dir='ltr'>quod</span> 
     </span>
     <span class='ocr_line' id='line_1_25' title="bbox 230 2782 1345 2868; baseline 0.001 -20"><span class='ocrx_word' id='word_1_194' title='bbox 230 2786 293 2849; x_wconf 89' lang='lat' dir='ltr'>Ille</span> <span class='ocrx_word' id='word_1_195' title='bbox 317 2782 436 2848; x_wconf 76' lang='lat' dir='ltr'>¹¹¹esset</span> <span class='ocrx_word' id='word_1_196' title='bbox 471 2786 641 2848; x_wconf 89' lang='lat' dir='ltr'>maximus</span> <span class='ocrx_word' id='word_1_197' title='bbox 672 2785 850 2868; x_wconf 88' lang='lat' dir='ltr'>Propheta,</span> <span class='ocrx_word' id='word_1_198' title='bbox 879 2787 1154 2866; x_wconf 89' lang='lat' dir='ltr'>sapientissimus</span> <span class='ocrx_word' id='word_1_199' title='bbox 1186 2789 1345 2860; x_wconf 90' lang='lat' dir='ltr'>omnium,</span> 
     </span>
     <span class='ocr_line' id='line_1_26' title="bbox 230 2878 1348 2964; baseline 0 -20"><span class='ocrx_word' id='word_1_200' title='bbox 230 2890 265 2944; x_wconf 87' lang='lat' dir='ltr'>et</span> <span class='ocrx_word' id='word_1_201' title='bbox 289 2880 393 2943; x_wconf 90' lang='lat' dir='ltr'>Filius</span> <span class='ocrx_word' id='word_1_202' title='bbox 413 2880 486 2943; x_wconf 91' lang='lat' dir='ltr'>Dei.</span> <span class='ocrx_word' id='word_1_203' title='bbox 533 2879 611 2943; x_wconf 86' lang='lat' dir='ltr'>Hoc</span> <span class='ocrx_word' id='word_1_204' title='bbox 631 2878 757 2943; x_wconf 62' lang='lat' dir='ltr'>salitum</span> <span class='ocrx_word' id='word_1_205' title='bbox 777 2891 829 2943; x_wconf 91' lang='lat' dir='ltr'>est</span> <span class='ocrx_word' id='word_1_206' title='bbox 855 2900 914 2962; x_wconf 90' lang='lat' dir='ltr'>per</span> <span class='ocrx_word' id='word_1_207' title='bbox 937 2879 1194 2956; x_wconf 89' lang='lat' dir='ltr'>Mahumedem,</span> <span class='ocrx_word' id='word_1_208' title='bbox 1215 2903 1261 2946; x_wconf 90' lang='lat' dir='ltr'>ex</span> <span class='ocrx_word' id='word_1_209' title='bbox 1284 2900 1348 2964; x_wconf 93' lang='lat' dir='ltr'>quo</span> 
     </span>
     <span class='ocr_line' id='line_1_27' title="bbox 229 2974 1348 3060; baseline 0.004 -22"><span class='ocrx_word' id='word_1_210' title='bbox 229 2975 351 3056; x_wconf 88' lang='lat' dir='ltr'>religio</span> <span class='ocrx_word' id='word_1_211' title='bbox 374 2974 433 3038; x_wconf 92' lang='lat' dir='ltr'>illa</span> <span class='ocrx_word' id='word_1_212' title='bbox 456 2986 583 3038; x_wconf 89' lang='lat' dir='ltr'>vocata</span> <span class='ocrx_word' id='word_1_213' title='bbox 606 2985 670 3039; x_wconf 90' lang='lat' dir='ltr'>est.</span> <span class='ocrx_word' id='word_1_214' title='bbox 716 2975 773 3039; x_wconf 90' lang='lat' dir='ltr'>Ex</span> <span class='ocrx_word' id='word_1_215' title='bbox 797 2974 849 3037; x_wconf 91' lang='lat' dir='ltr'>his</span> <span class='ocrx_word' id='word_1_216' title='bbox 873 2986 983 3057; x_wconf 90' lang='lat' dir='ltr'>patet,</span> <span class='ocrx_word' id='word_1_217' title='bbox 1003 2976 1094 3058; x_wconf 93' lang='lat' dir='ltr'>quod</span> <span class='ocrx_word' id='word_1_218' title='bbox 1119 2977 1205 3040; x_wconf 90' lang='lat' dir='ltr'>haec</span> <span class='ocrx_word' id='word_1_219' title='bbox 1230 2978 1348 3060; x_wconf 89' lang='lat' dir='ltr'>religio</span> 
     </span>
     <span class='ocr_line' id='line_1_28' title="bbox 228 3070 1348 3154; baseline 0.004 -21"><span class='ocrx_word' id='word_1_220' title='bbox 228 3092 273 3133; x_wconf 90' lang='lat' dir='ltr'>ex</span> <span class='ocrx_word' id='word_1_221' title='bbox 289 3070 413 3134; x_wconf 91' lang='lat' dir='ltr'>Divina</span> <span class='ocrx_word' id='word_1_222' title='bbox 429 3071 566 3134; x_wconf 92' lang='lat' dir='ltr'>Domini</span> <span class='ocrx_word' id='word_1_223' title='bbox 583 3071 797 3152; x_wconf 88' lang='lat' dir='ltr'>providentia</span> <span class='ocrx_word' id='word_1_224' title='bbox 810 3072 1020 3136; x_wconf 89' lang='lat' dir='ltr'>exsuscitata</span> <span class='ocrx_word' id='word_1_225' title='bbox 1033 3073 1089 3145; x_wconf 93' lang='lat' dir='ltr'>sit,</span> <span class='ocrx_word' id='word_1_226' title='bbox 1103 3092 1144 3135; x_wconf 90' lang='lat' dir='ltr'>ac</span> <span class='ocrx_word' id='word_1_227' title='bbox 1161 3074 1272 3154; x_wconf 87' lang='lat' dir='ltr'>geniis</span> <span class='ocrx_word' id='word_1_228' title='bbox 1285 3075 1348 3137; x_wconf 93' lang='lat' dir='ltr'>ori·</span> 
     </span>
     <span class='ocr_line' id='line_1_29' title="bbox 228 3163 1347 3242; baseline 0.002 -12"><span class='ocrx_word' id='word_1_229' title='bbox 228 3166 404 3237; x_wconf 89' lang='lat' dir='ltr'>entalium,</span> <span class='ocrx_word' id='word_1_230' title='bbox 423 3176 459 3228; x_wconf 91' lang='lat' dir='ltr'>ut</span> <span class='ocrx_word' id='word_1_231' title='bbox 480 3163 607 3228; x_wconf 70' lang='lat' dir='ltr'>dietum</span> <span class='ocrx_word' id='word_1_232' title='bbox 627 3176 691 3240; x_wconf 89' lang='lat' dir='ltr'>est,</span> <span class='ocrx_word' id='word_1_233' title='bbox 709 3167 982 3238; x_wconf 74' lang='lat' dir='ltr'>accommodata,</span> <span class='ocrx_word' id='word_1_234' title='bbox 1000 3166 1045 3229; x_wconf 93' lang='lat' dir='ltr'>ob</span> <span class='ocrx_word' id='word_1_235' title='bbox 1064 3165 1178 3242; x_wconf 89' lang='lat' dir='ltr'>finem,</span> <span class='ocrx_word' id='word_1_236' title='bbox 1199 3178 1237 3232; x_wconf 90' lang='lat' dir='ltr'>ut</span> <span class='ocrx_word' id='word_1_237' title='bbox 1256 3169 1347 3233; x_wconf 89' lang='lat' dir='ltr'>dele·</span> 
     </span>
     <span class='ocr_line' id='line_1_30' title="bbox 228 3261 1347 3345; baseline 0.001 -19"><span class='ocrx_word' id='word_1_238' title='bbox 228 3272 280 3326; x_wconf 89' lang='lat' dir='ltr'>ret</span> <span class='ocrx_word' id='word_1_239' title='bbox 293 3261 506 3324; x_wconf 90' lang='lat' dir='ltr'>idololatrias</span> <span class='ocrx_word' id='word_1_240' title='bbox 523 3271 577 3323; x_wconf 90' lang='lat' dir='ltr'>tot</span> <span class='ocrx_word' id='word_1_241' title='bbox 595 3264 760 3342; x_wconf 91' lang='lat' dir='ltr'>gentium,</span> <span class='ocrx_word' id='word_1_242' title='bbox 778 3282 818 3324; x_wconf 91' lang='lat' dir='ltr'>ac</span> <span class='ocrx_word' id='word_1_243' title='bbox 836 3263 935 3324; x_wconf 89' lang='lat' dir='ltr'>daret</span> <span class='ocrx_word' id='word_1_244' title='bbox 951 3262 1098 3344; x_wconf 86' lang='lat' dir='ltr'>aliquam</span> <span class='ocrx_word' id='word_1_245' title='bbox 1112 3265 1347 3345; x_wconf 86' lang='lat' dir='ltr'>cognitionem</span> 
     </span>
     <span class='ocr_line' id='line_1_31' title="bbox 228 3356 1347 3442; baseline 0.002 -22"><span class='ocrx_word' id='word_1_246' title='bbox 228 3358 271 3420; x_wconf 90' lang='lat' dir='ltr'>de</span> <span class='ocrx_word' id='word_1_247' title='bbox 295 3356 456 3430; x_wconf 91' lang='lat' dir='ltr'>Domino,</span> <span class='ocrx_word' id='word_1_248' title='bbox 481 3366 666 3439; x_wconf 86' lang='lat' dir='ltr'>antequam</span> <span class='ocrx_word' id='word_1_249' title='bbox 697 3358 729 3419; x_wconf 92' lang='lat' dir='ltr'>in</span> <span class='ocrx_word' id='word_1_250' title='bbox 758 3357 921 3419; x_wconf 91' lang='lat' dir='ltr'>mundum</span> <span class='ocrx_word' id='word_1_251' title='bbox 945 3357 1169 3438; x_wconf 88' lang='lat' dir='ltr'>spiritualem,</span> <span class='ocrx_word' id='word_1_252' title='bbox 1195 3361 1289 3442; x_wconf 90' lang='lat' dir='ltr'>quod</span> <span class='ocrx_word' id='word_1_253' title='bbox 1311 3358 1347 3422; x_wconf 81' lang='lat' dir='ltr'>fit</span> 
     </span>
     <span class='ocr_line' id='line_1_32' title="bbox 228 3450 1348 3536; baseline 0.002 -22"><span class='ocrx_word' id='word_1_254' title='bbox 228 3461 308 3535; x_wconf 91' lang='lat' dir='ltr'>post</span> <span class='ocrx_word' id='word_1_255' title='bbox 327 3450 473 3531; x_wconf 91' lang='lat' dir='ltr'>cujusvis</span> <span class='ocrx_word' id='word_1_256' title='bbox 493 3460 652 3526; x_wconf 90' lang='lat' dir='ltr'>mortem,</span> <span class='ocrx_word' id='word_1_257' title='bbox 672 3451 847 3514; x_wconf 86' lang='lat' dir='ltr'>venirent:</span> <span class='ocrx_word' id='word_1_258' title='bbox 872 3472 959 3533; x_wconf 92' lang='lat' dir='ltr'>quae</span> <span class='ocrx_word' id='word_1_259' title='bbox 978 3450 1098 3533; x_wconf 88' lang='lat' dir='ltr'>religio</span> <span class='ocrx_word' id='word_1_260' title='bbox 1118 3472 1189 3516; x_wconf 91' lang='lat' dir='ltr'>non</span> <span class='ocrx_word' id='word_1_261' title='bbox 1208 3464 1348 3536; x_wconf 88' lang='lat' dir='ltr'>recepta</span> 
     </span>
     <span class='ocr_line' id='line_1_33' title="bbox 226 3546 1347 3627; baseline 0 -16"><span class='ocrx_word' id='word_1_262' title='bbox 226 3547 343 3611; x_wconf 84' lang='lat' dir='ltr'>suisset</span> <span class='ocrx_word' id='word_1_263' title='bbox 360 3566 379 3608; x_wconf 92' lang='lat' dir='ltr'>a</span> <span class='ocrx_word' id='word_1_264' title='bbox 396 3556 449 3609; x_wconf 94' lang='lat' dir='ltr'>tot</span> <span class='ocrx_word' id='word_1_265' title='bbox 465 3547 591 3627; x_wconf 89' lang='lat' dir='ltr'>regnis,</span> <span class='ocrx_word' id='word_1_266' title='bbox 605 3556 640 3609; x_wconf 90' lang='lat' dir='ltr'>et</span> <span class='ocrx_word' id='word_1_267' title='bbox 657 3547 826 3627; x_wconf 88' lang='lat' dir='ltr'>potuisset</span> <span class='ocrx_word' id='word_1_268' title='bbox 843 3546 1054 3609; x_wconf 89' lang='lat' dir='ltr'>idololatrias</span> <span class='ocrx_word' id='word_1_269' title='bbox 1069 3547 1205 3610; x_wconf 91' lang='lat' dir='ltr'>illorum</span> <span class='ocrx_word' id='word_1_270' title='bbox 1222 3550 1347 3613; x_wconf 86' lang='lat' dir='ltr'>exstir-</span> 
     </span>
     <span class='ocr_line' id='line_1_34' title="bbox 227 3638 1347 3723; baseline 0.003 -20"><span class='ocrx_word' id='word_1_271' title='bbox 227 3662 319 3723; x_wconf 90' lang='lat' dir='ltr'>pare,</span> <span class='ocrx_word' id='word_1_272' title='bbox 338 3642 401 3703; x_wconf 92' lang='lat' dir='ltr'>nisi</span> <span class='ocrx_word' id='word_1_273' title='bbox 421 3642 630 3704; x_wconf 88' lang='lat' dir='ltr'>conveniens</span> <span class='ocrx_word' id='word_1_274' title='bbox 647 3641 732 3702; x_wconf 90' lang='lat' dir='ltr'>ideis</span> <span class='ocrx_word' id='word_1_275' title='bbox 748 3641 883 3703; x_wconf 91' lang='lat' dir='ltr'>illorum</span> <span class='ocrx_word' id='word_1_276' title='bbox 900 3638 989 3704; x_wconf 72' lang='lat' dir='ltr'>satta</span> <span class='ocrx_word' id='word_1_277' title='bbox 1008 3642 1072 3717; x_wconf 88' lang='lat' dir='ltr'>sit;</span> <span class='ocrx_word' id='word_1_278' title='bbox 1097 3643 1267 3723; x_wconf 90' lang='lat' dir='ltr'>imprimis</span> <span class='ocrx_word' id='word_1_279' title='bbox 1287 3645 1347 3706; x_wconf 88' lang='lat' dir='ltr'>nisi</span> 
     </span>
     <span class='ocr_line' id='line_1_35' title="bbox 227 3734 1346 3819; baseline 0.004 -21"><span class='ocrx_word' id='word_1_280' title='bbox 227 3736 424 3819; x_wconf 90' lang='lat' dir='ltr'>polygamia</span> <span class='ocrx_word' id='word_1_281' title='bbox 441 3737 604 3818; x_wconf 90' lang='lat' dir='ltr'>permissa</span> <span class='ocrx_word' id='word_1_282' title='bbox 621 3734 762 3813; x_wconf 84' lang='lat' dir='ltr'>luisset;</span> <span class='ocrx_word' id='word_1_283' title='bbox 786 3737 891 3799; x_wconf 90' lang='lat' dir='ltr'>etiam</span> <span class='ocrx_word' id='word_1_284' title='bbox 908 3757 953 3798; x_wconf 88' lang='lat' dir='ltr'>ex</span> <span class='ocrx_word' id='word_1_285' title='bbox 970 3756 1083 3810; x_wconf 90' lang='lat' dir='ltr'>causa,</span> <span class='ocrx_word' id='word_1_286' title='bbox 1100 3739 1180 3819; x_wconf 92' lang='lat' dir='ltr'>quia</span> <span class='ocrx_word' id='word_1_287' title='bbox 1197 3739 1346 3802; x_wconf 87' lang='lat' dir='ltr'>orienta-</span> 
     </span>
     <span class='ocr_line' id='line_1_36' title="bbox 226 3830 1346 3914; baseline 0.003 -20"><span class='ocrx_word' id='word_1_288' title='bbox 226 3832 287 3907; x_wconf 90' lang='lat' dir='ltr'>les,</span> <span class='ocrx_word' id='word_1_289' title='bbox 308 3832 436 3913; x_wconf 90' lang='lat' dir='ltr'>absque</span> <span class='ocrx_word' id='word_1_290' title='bbox 460 3831 518 3893; x_wconf 90' lang='lat' dir='ltr'>illa</span> <span class='ocrx_word' id='word_1_291' title='bbox 541 3831 765 3911; x_wconf 91' lang='lat' dir='ltr'>permissione</span> <span class='ocrx_word' id='word_1_292' title='bbox 788 3851 869 3913; x_wconf 90' lang='lat' dir='ltr'>prae</span> <span class='ocrx_word' id='word_1_293' title='bbox 893 3830 1081 3912; x_wconf 87' lang='lat' dir='ltr'>Europaeis</span> <span class='ocrx_word' id='word_1_294' title='bbox 1105 3831 1346 3914; x_wconf 88' lang='lat' dir='ltr'>flagravissent</span> 
     </span>
     <span class='ocr_line' id='line_1_37' title="bbox 225 3925 865 4008; baseline -0.003 -18"><span class='ocrx_word' id='word_1_295' title='bbox 225 3927 259 3990; x_wconf 92' lang='lat' dir='ltr'>in</span> <span class='ocrx_word' id='word_1_296' title='bbox 279 3946 401 4008; x_wconf 90' lang='lat' dir='ltr'>spurca</span> <span class='ocrx_word' id='word_1_297' title='bbox 419 3925 599 4000; x_wconf 89' lang='lat' dir='ltr'>adulteria,</span> <span class='ocrx_word' id='word_1_298' title='bbox 619 3934 655 3989; x_wconf 94' lang='lat' dir='ltr'>et</span> <span class='ocrx_word' id='word_1_299' title='bbox 675 3927 865 4008; x_wconf 86' lang='lat' dir='ltr'>periissent.</span> 
     </span>
    </p>

    <p class='ocr_par' dir='ltr' id='par_1_3' title="bbox 225 4020 1346 4485">
     <span class='ocr_line' id='line_1_38' title="bbox 288 4020 1346 4108; baseline 0.004 -24"><span class='ocrx_word' id='word_1_300' title='bbox 288 4036 389 4105; x_wconf 68' lang='lat'>343.</span> <span class='ocrx_word' id='word_1_301' title='bbox 420 4020 521 4102; x_wconf 86' lang='lat' dir='ltr'>Quod</span> <span class='ocrx_word' id='word_1_302' title='bbox 546 4020 809 4083; x_wconf 88' lang='lat' dir='ltr'>Mahumedanis</span> <span class='ocrx_word' id='word_1_303' title='bbox 832 4021 936 4084; x_wconf 88' lang='lat' dir='ltr'>etiam</span> <span class='ocrx_word' id='word_1_304' title='bbox 956 4020 1088 4084; x_wconf 90' lang='lat' dir='ltr'>caelum</span> <span class='ocrx_word' id='word_1_305' title='bbox 1113 4021 1170 4098; x_wconf 90' lang='lat' dir='ltr'>sit,</span> <span class='ocrx_word' id='word_1_306' title='bbox 1190 4032 1247 4087; x_wconf 90' lang='lat' dir='ltr'>est</span> <span class='ocrx_word' id='word_1_307' title='bbox 1270 4025 1346 4108; x_wconf 88' lang='lat' dir='ltr'>quia</span> 
     </span>
     <span class='ocr_line' id='line_1_39' title="bbox 225 4117 1343 4199; baseline 0.005 -21"><span class='ocrx_word' id='word_1_308' title='bbox 225 4136 346 4179; x_wconf 91' lang='lat' dir='ltr'>omnes</span> <span class='ocrx_word' id='word_1_309' title='bbox 373 4119 406 4179; x_wconf 92' lang='lat' dir='ltr'>in</span> <span class='ocrx_word' id='word_1_310' title='bbox 431 4119 589 4179; x_wconf 89' lang='lat' dir='ltr'>universo</span> <span class='ocrx_word' id='word_1_311' title='bbox 612 4125 778 4180; x_wconf 90' lang='lat' dir='ltr'>terrarum</span> <span class='ocrx_word' id='word_1_312' title='bbox 802 4117 899 4190; x_wconf 90' lang='lat' dir='ltr'>orbe,</span> <span class='ocrx_word' id='word_1_313' title='bbox 923 4118 979 4199; x_wconf 92' lang='lat' dir='ltr'>qui</span> <span class='ocrx_word' id='word_1_314' title='bbox 1002 4128 1198 4198; x_wconf 91' lang='lat' dir='ltr'>agnoscunt</span> <span class='ocrx_word' id='word_1_315' title='bbox 1223 4119 1343 4194; x_wconf 87' lang='lat' dir='ltr'>Deum,</span> 
     </span>
     <span class='ocr_line' id='line_1_40' title="bbox 225 4210 1344 4294; baseline 0.004 -20"><span class='ocrx_word' id='word_1_316' title='bbox 225 4221 260 4274; x_wconf 90' lang='lat' dir='ltr'>et</span> <span class='ocrx_word' id='word_1_317' title='bbox 278 4232 322 4273; x_wconf 86' lang='lat' dir='ltr'>ex</span> <span class='ocrx_word' id='word_1_318' title='bbox 341 4211 506 4293; x_wconf 85' lang='lat' dir='ltr'>religione</span> <span class='ocrx_word' id='word_1_319' title='bbox 522 4210 655 4292; x_wconf 85' lang='lat' dir='ltr'>fugiunt</span> <span class='ocrx_word' id='word_1_320' title='bbox 672 4211 762 4274; x_wconf 92' lang='lat' dir='ltr'>mala</span> <span class='ocrx_word' id='word_1_321' title='bbox 779 4220 815 4274; x_wconf 92' lang='lat' dir='ltr'>ut</span> <span class='ocrx_word' id='word_1_322' title='bbox 836 4221 980 4293; x_wconf 87' lang='lat' dir='ltr'>peccata</span> <span class='ocrx_word' id='word_1_323' title='bbox 995 4223 1118 4275; x_wconf 88' lang='lat' dir='ltr'>contra</span> <span class='ocrx_word' id='word_1_324' title='bbox 1135 4213 1264 4294; x_wconf 88' lang='lat' dir='ltr'>Ipsum,</span> <span class='ocrx_word' id='word_1_325' title='bbox 1279 4215 1344 4279; x_wconf 90' lang='lat' dir='ltr'>sal·</span> 
     </span>
     <span class='ocr_line' id='line_1_41' title="bbox 225 4305 1342 4388; baseline 0.004 -19"><span class='ocrx_word' id='word_1_326' title='bbox 225 4316 360 4369; x_wconf 89' lang='lat' dir='ltr'>vantur.</span> <span class='ocrx_word' id='word_1_327' title='bbox 406 4306 507 4388; x_wconf 84' lang='lat' dir='ltr'>Quod</span> <span class='ocrx_word' id='word_1_328' title='bbox 526 4305 816 4369; x_wconf 89' lang='lat' dir='ltr'>Mahumedanum</span> <span class='ocrx_word' id='word_1_329' title='bbox 833 4305 965 4368; x_wconf 90' lang='lat' dir='ltr'>caelum</span> <span class='ocrx_word' id='word_1_330' title='bbox 985 4307 1018 4368; x_wconf 93' lang='lat' dir='ltr'>in</span> <span class='ocrx_word' id='word_1_331' title='bbox 1039 4309 1136 4382; x_wconf 91' lang='lat' dir='ltr'>duos,</span> <span class='ocrx_word' id='word_1_332' title='bbox 1154 4310 1292 4373; x_wconf 80' lang='lat' dir='ltr'>inferius</span> <span class='ocrx_word' id='word_1_333' title='bbox 1309 4320 1342 4374; x_wconf 92' lang='lat' dir='ltr'>et</span> 
     </span>
     <span class='ocr_line' id='line_1_42' title="bbox 225 4400 1341 4485; baseline 0.004 -22"><span class='ocrx_word' id='word_1_334' title='bbox 225 4401 390 4484; x_wconf 90' lang='lat' dir='ltr'>superius,</span> <span class='ocrx_word' id='word_1_335' title='bbox 411 4400 610 4465; x_wconf 74' lang='lat' dir='ltr'>distindtum</span> <span class='ocrx_word' id='word_1_336' title='bbox 630 4402 685 4478; x_wconf 91' lang='lat' dir='ltr'>sit,</span> <span class='ocrx_word' id='word_1_337' title='bbox 706 4402 750 4464; x_wconf 92' lang='lat' dir='ltr'>ab</span> <span class='ocrx_word' id='word_1_338' title='bbox 768 4402 849 4484; x_wconf 91' lang='lat' dir='ltr'>ipsis</span> <span class='ocrx_word' id='word_1_339' title='bbox 868 4402 1003 4480; x_wconf 89' lang='lat' dir='ltr'>audivi;</span> <span class='ocrx_word' id='word_1_340' title='bbox 1030 4410 1066 4465; x_wconf 86' lang='lat' dir='ltr'>et</span> <span class='ocrx_word' id='word_1_341' title='bbox 1086 4404 1178 4485; x_wconf 92' lang='lat' dir='ltr'>quod</span> <span class='ocrx_word' id='word_1_342' title='bbox 1202 4406 1237 4472; x_wconf 90' lang='lat' dir='ltr'>in</span> <span class='ocrx_word' id='word_1_343' title='bbox 1260 4405 1341 4469; x_wconf 83' lang='lat' dir='ltr'>inle-</span> 
     </span>
    </p>
   </div>
   <div class='ocr_carea' id='block_1_3' title="bbox 0 0 1396 5026">
    <p class='ocr_par' dir='ltr' id='par_1_4' title="bbox 0 0 1396 5026">
     <span class='ocr_line' id='line_1_43' title="bbox 0 0 1396 5026; baseline 0 4"><span class='ocrx_word' id='word_1_344' title='bbox 0 0 1396 5026; x_wconf 95' lang='lat' dir='ltr'> </span> 
     </span>
    </p>
   </div>
  </div>
 </body>
</html>
