2782 5026
392 114 443 164 DE
465 114 601 167 AMORE
623 115 943 183 comumnes—N.
964 120 1036 187 250.
1212 123 1274 191 199

128 286 334 350 continens
352 284 488 350 boniet
506 287 588 361 veri,
605 307 652 351 ex
670 307 812 371 quorum
829 286 987 371 conjugio
1003 300 1057 355 est
1076 291 1217 366 creatio,
1235 302 1271 357 et

126 401 279 464 quoque
293 400 406 445 ‘amor
427 381 640 464 conjugialis,
663 392 701 447 ut
723 385 759 447 in
782 404 844 447 suo
866 386 981 467 capite
1003 396 1179 450 ostensum
1208 398 1272 452 est.

127 475 206 540 Per
228 477 387 541 studium
410 486 445 541 et
468 479 647 560 negotium
666 479 869 560 intelligitur
887 482 999 544 omnis
1020 480 1207 563 applicatio
1227 481 1272 546 ad

126 591 247 650 usus3
277 571 362 636 dum
381 573 497 655 itaque
520 573 624 637 homo
647 574 680 636 in
703 574 818 656 aliquo
841 575 956 640 studio
979 585 1015 639 et
1038 577 1191 657 negotio,
1211 597 1271 641 seu

127 669 172 732 in
193 688 261 730 usu
276 677 343 743 est,
358 678 440 732 tunc
453 688 551 732 mens
563 668 634 749 ejus
651 669 816 733 limitatur
829 680 865 734 et
881 672 1169 735 circumscribitur
1184 673 1271 737 sicut

128 763 285 840 circulo,
306 764 397 829 intra
415 785 517 847 quem
540 765 598 828 illa
616 767 808 829 successive
828 768 1048 832 coordinatur
1070 769 1103 831 in
1126 769 1271 833 sormam

126 880 223 923 vere
243 859 441 934 humanam,
458 880 504 923 ex
523 881 589 943 qua
608 861 696 925 sicut
715 882 760 924 ex
780 863 886 925 domo
903 862 998 926 videt
1016 864 1127 927 varias
1144 884 1270 927 concu-

129 955 334 1036 piscentias
351 965 454 1018 extra
472 975 519 1030 se,
539 967 575 1019 et
599 976 644 1018 ex
664 957 812 1020 sanitate
832 957 974 1021 rationis
992 958 1083 1021 intra
1105 959 1270 1023 extermi-

130 1059 206 1113 nat
237 1049 326 1126 illas,
347 1059 597 1132 consequenter
626 1052 732 1114 etiam
759 1051 847 1114 seras
877 1051 1024 1117 libidinis
1047 1055 1271 1117 scortatoriae

130 1146 318 1223 insanias3
342 1146 421 1209 inde
440 1156 494 1209 est
513 1146 605 1228 quod
622 1144 717 1209 calor
735 1145 937 1227 conjugialis
955 1148 1045 1228 apud
1065 1147 1144 1211 illos
1162 1149 1270 1212 satius

130 1251 176 1304 et
203 1240 332 1303 diutius
355 1260 456 1322 quam
480 1240 569 1322 apud
593 1241 678 1303 alios
697 1252 906 1322 permaneat.
951 1241 1167 1307 Contrarium
1190 1265 1270 1307 eve·

133 1339 193 1400 nit
211 1336 292 1410 illis,
313 1337 424 1419 quise
445 1337 602 1417 ignaviae
626 1347 660 1399 et
681 1337 753 1399 otio
772 1336 924 1399 dedunt:
951 1337 1071 1400 horum
1091 1358 1188 1401 mens
1204 1338 1269 1402 illi·

133 1433 273 1496 mitata
292 1443 327 1495 et
351 1432 575 1495 interminata
597 1441 663 1506 est,
687 1440 723 1494 et
753 1431 832 1495 inde
856 1432 961 1495 homo
985 1433 1018 1495 in
1042 1432 1137 1496 illam
1160 1443 1271 1498 totam

133 1528 302 1592 admittit
319 1546 421 1590 omne
434 1545 558 1589 vanum
574 1535 609 1589 et
625 1526 801 1600 ludicrum,
816 1527 906 1608 quod
926 1549 944 1591 e
961 1528 1089 1591 mundo
1104 1538 1139 1591 et
1159 1550 1177 1591 e
1194 1549 1269 1593 cor·

134 1642 228 1706 pore
248 1621 367 1697 influit,
387 1631 424 1685 et
450 1621 515 1685 sert
542 1622 576 1684 ln
599 1640 750 1685 amorem
770 1621 929 1699 illorum;
953 1623 1044 1703 quod
1063 1632 1145 1686 tunc
1166 1624 1270 1688 etiam

135 1735 244 1782 amor
268 1714 469 1797 conjugialis
492 1717 526 1778 in
549 1716 708 1779 exsilium
732 1715 896 1798 ejiciatur,
917 1727 1035 1798 patet;
1066 1737 1111 1779 ex
1135 1717 1272 1800 ignavia

135 1812 238 1877 enim
259 1821 294 1875 et
314 1813 387 1875 otio
401 1821 520 1893 stupet
537 1807 644 1886 mens,
662 1820 697 1877 et
717 1821 832 1893 torpet
851 1830 986 1893 corpus,
1003 1822 1039 1875 et
1056 1821 1150 1876 totus
1167 1813 1272 1877 homo

135 1907 184 1973 fit
211 1905 419 1971 insensibilis
445 1907 489 1970 ad
515 1925 652 1970 omnem
678 1926 830 1970 amorem
850 1907 1011 1985 vitalem;
1039 1908 1202 1990 imprimis
1225 1910 1269 1972 ad

133 2020 299 2067 amorem
316 2001 553 2083 conjugialem,
569 2020 590 2063 a
609 2021 676 2082 quo
694 2011 732 2064 ut
750 2022 771 2064 a
789 2000 883 2065 sonte
899 2002 1127 2083 impigritates
1146 2013 1182 2067 et
1199 2004 1269 2067 ala·

136 2098 290 2162 critates
302 2098 394 2160 vitae
406 2105 580 2160 emanant.
625 2096 748 2177 Frigus
761 2105 876 2160 autem
890 2094 1082 2178 conjugiale
1099 2098 1189 2180 apud
1207 2098 1272 2162 hos

134 2202 201 2256 est
216 2193 388 2256 diversum
408 2212 428 2255 a
447 2191 570 2272 frigore
586 2190 646 2255 illo
664 2191 753 2271 apud
770 2190 875 2269 alios;
899 2202 952 2255 est
972 2193 1108 2275 quidem
1125 2194 1270 2275 privatio

132 2288 273 2352 amoris
292 2283 505 2368 conjugialiS,
526 2287 588 2349 sed
607 2307 651 2349 ex
671 2283 816 2348 delectu.

210 2396 312 2464 25⁰.
344 2379 445 2463 (xiv.)
480 2379 578 2458 Quod
605 2401 784 2443 causarum
815 2389 1034 2444 externarum
1066 2381 1185 2462 quinta
1225 2382 1273 2445 sit

129 2476 372 2561 inaequalitas
390 2485 502 2539 status
523 2485 556 2538 et
575 2475 769 2538 conditionis
792 2475 827 2538 in
844 2475 1134 2540 externis—Sunt
1157 2476 1270 2558 plures

127 2571 413 2656 inaequalitates
432 2580 543 2634 status
560 2579 596 2634 et
616 2570 832 2645 conditionis,
853 2590 938 2652 quae
957 2581 1111 2653 tempore
1130 2571 1270 2635 cohabi-

108 2670 117 2675 “
131 2668 291 2732 tationis
307 2666 470 2729 dirimunt
485 2684 636 2728 amorem
654 2663 882 2746 conjugialem
898 2664 1071 2728 initiatum
1087 2676 1168 2729 ante
1185 2686 1269 2748 nup·

135 2764 234 2841 *tias;
263 2761 324 2826 sed
344 2761 459 2824 referri
478 2769 621 2842 possunt
644 2760 688 2822 ad
711 2758 975 2842 inaequalitates
993 2759 1106 2842 quoad
1124 2770 1270 2833 aetates,

135 2857 263 2940 quoad
287 2855 487 2937 dignitates,
507 2863 543 2918 et
566 2854 679 2937 quoad
702 2854 905 2936 opulentias.
951 2852 1052 2935 Quod
1077 2854 1271 2937 inaequales

147 2962 283 3017 aetates
302 2951 465 3014 inducant
483 2949 588 3031 frigus
610 2950 644 3012 in
669 2948 845 3031 conjugiis,
865 2958 903 3012 ut
926 2949 1019 3031 pueri
1038 2968 1115 3011 cum
1138 2969 1215 3024 anu,
1235 2959 1271 3013 et

135 3047 380 3112 adolescentis
409 3045 548 3128 virginis
581 3064 658 3107 cum
692 3045 880 3125 decrepito,
912 3042 1170 3108 confirmatione
1201 3063 1270 3107 non

140 3153 240 3225 eget.
286 3138 389 3223 Quod
412 3138 608 3222 inaequales
631 3139 820 3221 dignitates
843 3137 999 3202 similiter
1029 3140 1062 3201 in
1093 3138 1269 3221 conjugiis,

150 3248 187 3302 ut
214 3236 278 3301 viri
307 3236 467 3318 principis
490 3254 566 3298 cum
590 3232 725 3308 ancilla,
745 3253 785 3296 ac
819 3242 997 3297 matronae
1020 3233 1160 3297 illustris
1193 3252 1270 3296 cum

148 3332 287 3406 famulo,
318 3332 423 3394 etiam
457 3330 584 3412 absque
618 3328 879 3392 confirmatione
909 3329 1117 3409 agnoscitur.
1168 3326 1269 3408 Quod

152 3430 275 3510 pariter
293 3425 499 3509 opulentiae,
520 3425 583 3488 nisi
599 3424 786 3487 similitudo
804 3424 992 3487 animorum
1016 3434 1052 3486 et
1071 3442 1213 3496 morum,
1234 3432 1270 3485 et

151 3523 334 3606 applicatio
348 3521 444 3584 unius
457 3520 500 3583 ad
516 3520 755 3583 inclinationes
768 3527 803 3583 et
816 3519 859 3582 ad
873 3520 991 3582 nativa
1003 3518 1171 3581 desideria
1182 3516 1270 3579 alte·

153 3621 227 3695 rius,
251 3617 453 3681 consocient
476 3614 563 3690 illos,
593 3625 701 3696 patet.
746 3613 815 3678 Sed
845 3614 909 3677 hos
938 3623 974 3677 et
1003 3612 1080 3676 illos
1109 3610 1271 3692 obsequia

155 3724 290 3797 propter
317 3712 642 3794 supereminentiam
672 3719 784 3774 status
815 3720 850 3774 et
883 3709 1090 3774 conditionis
1120 3706 1270 3777 alterius,

157 3828 219 3873 non
248 3807 463 3891 conjungunt
492 3807 556 3870 nisi
585 3805 774 3884 serviliter;
811 3815 849 3869 at
878 3803 963 3869 haec
994 3799 1187 3884 conjunctio
1216 3809 1271 3863 est

159 3902 342 3986 conjunctio
374 3901 515 3983 lrigida;
551 3903 641 3984 apud
670 3901 748 3965 illos
777 3902 867 3965 enim
896 3897 1088 3981 conjugiale
1118 3915 1186 3959 non
1217 3904 1269 3957 est

160 3999 285 4078 spiritus
303 4010 338 4065 et
358 3997 483 4073 cordis,
500 3997 561 4060 sed
585 3998 689 4061 modo
710 3997 778 4061 oris
801 4006 836 4060 et
860 3996 1016 4068 nominis,
1036 4014 1057 4056 a
1075 4012 1143 4074 quo
1165 3989 1269 4072 glori·

162 4102 227 4159 atur
252 4096 402 4169 inferior,
430 4102 466 4157 et
495 4092 686 4157 verecunde
715 4091 865 4174 rubescit
891 4089 1052 4172 superior.
1097 4086 1137 4150 ln
1168 4083 1271 4150 caelis
