2850 5026
151 445 212 510 118
494 453 678 506 naucum
700 451 931 505 surrentina

306 624 369 695 (xi.)
397 624 482 696 Quod
489 627 612 678 castitas
624 640 680 677 non
693 623 872 692 praedicari
883 623 976 692 possit
987 621 1022 674 dc
1034 620 1103 682 illis,
1116 622 1173 689 qui
1181 619 1270 674 solum

459 699 584 780 propter
597 697 817 766 vanescamus
828 699 964 746 externas
980 693 1016 745 ab
1033 693 1193 745 adulteriis
1210 692 1271 745 abs-

295 836 370 906 (xii.)
398 772 609 906 Qmjrpraesrpzas
619 853 674 888 nun
681 835 860 905 praedicari
863 835 958 903 possit
966 834 1001 887 de
1010 833 1079 895 r'llis,
1088 833 1272 902 qur'credunt

465 910 602 977 conjugia
615 924 671 959 esse
684 910 804 959 incasto.

283 977 368 1047 (xiii.)
395 978 482 1048 Quod
495 982 617 1031 curtatas
631 994 686 1030 non
697 977 875 1046 praedicari
881 978 975 1045 possit
989 975 1024 1028 de
1038 975 1108 1036 elles,
1123 976 1180 1042 qui
1191 973 1271 1027 abdi-

465 1055 607 1101 caverunt
618 1050 753 1118 conjugia
766 1047 891 1100 awende
903 1050 1078 1115 perpetuum
1090 1046 1271 1105 caelibatum,

466 1119 648 1204 nrsr'a'nu'llis
659 1121 699 1171 sit
713 1125 741 1171 et
753 1122 928 1187 permaneat
941 1133 1024 1169 amor
1035 1119 1116 1169 valae
1127 1132 1196 1169 vere
1207 1132 1271 1169 con-

286 1259 369 1329 (xiv.)
396 1191 741 1384 Quoipufttz‘iiii'conjugu·
749 1258 966 1330 praeferendus
981 1260 1023 1311 sit
1036 1260 1134 1311 statui
1147 1257 1272 1310 caeliba-

480 1348 521 1385 us.

148 1471 308 1557 Sequitur
327 1493 415 1536 nunc
435 1473 556 1537 horum
575 1471 774 1555 explicatio.

213 1582 312 1648 139.
344 1567 394 1650 (i.)
422 1564 521 1645 Quod
538 1577 667 1630 castum
688 1577 720 1629 et
742 1587 804 1628 non
827 1576 955 1629 castum
973 1565 1213 1646 praedicentur
1232 1564 1273 1628 de

148 1662 322 1745 corpugtis,
345 1663 440 1726 etde
465 1662 590 1726 talibus
613 1683 697 1743 quae
717 1662 865 1746 coryagii
883 1671 973 1736 sunt,
997 1671 1050 1723 est
1072 1662 1151 1743 quia
1174 1681 1271 1724 amor

148 1778 228 1821 vere
247 1756 449 1839 conjugialis
473 1767 526 1820 est
550 1758 624 1840 ipsa
643 1757 798 1829 castitas,
820 1766 856 1819 ut
875 1758 1046 1838 sequitur;
1071 1766 1106 1818 et
1125 1775 1224 1818 amor
1241 1756 1271 1817 ei

149 1853 339 1935 oppositus
368 1853 424 1934 qui
451 1862 593 1915 vocatur
620 1851 855 1925 scortatorius,
884 1862 937 1915 εει
966 1852 1038 1934 ipsa
1065 1851 1270 1925 incastitas;

149 1956 316 2030 quantum
345 1947 462 2030 itaque
491 1947 536 2009 ab
564 1947 630 2010 hoc
661 1944 719 2008 ille
744 1944 949 2028 purificatur,
974 1955 1111 2007 tantum
1135 1944 1193 2008 ille
1217 1954 1271 2008 est

148 2051 276 2116 castus,
291 2051 428 2105 tantum
444 2043 534 2104 enim
551 2042 747 2124 oppositum
760 2036 1005 2104 destrudtivum
1019 2039 1088 2121 ejus
1101 2039 1251 2104 aufertur
1263 2062 1271 2117 ;

148 2156 195 2198 ex
219 2157 286 2217 quo
315 2145 422 2218 patet,
447 2137 537 2219 quod
568 2136 696 2218 puritas
722 2136 848 2198 amoris
878 2134 1079 2216 conjugialis
1102 2135 1159 2208 sit,
1184 2154 1271 2217 quae

147 2242 293 2295 vocatur
305 2233 459 2295 castitas.
495 2231 605 2294 Datur
618 2252 721 2312 usque
734 2250 830 2293 amor
842 2229 1042 2311 conjugialis
1056 2249 1124 2292 non
1141 2240 1270 2305 castus,

149 2326 206 2408 qui
225 2336 342 2389 tamen
361 2347 430 2391 non
450 2337 504 2390 est
524 2327 716 2400 incastitas,
737 2336 773 2388 ut
797 2327 885 2388 inter
905 2323 1067 2406 conjuges
1087 2324 1143 2405 qui
1167 2345 1269 2407 prop·

149 2429 203 2485 ter
218 2422 328 2484 varias
345 2441 465 2485 causas
482 2432 646 2485 externas
663 2421 838 2485 abstinent
856 2422 900 2483 ab
916 2417 1089 2483 effedtibus
1110 2419 1271 2483 lasciviae

149 2535 255 2598 usque
278 2525 315 2578 ut
345 2535 414 2577 non
438 2517 596 2598 cogitent
620 2516 662 2579 de
686 2515 773 2593 illis;
804 2526 963 2579 attamen
987 2515 1014 2577 si
1037 2514 1094 2577 ille
1117 2534 1215 2578 amor
1237 2516 1271 2578 in

149 2611 324 2692 spiritibus
343 2610 478 2675 illorum
499 2632 567 2675 non
591 2610 787 2695 purificatus
807 2621 871 2683 est,
892 2630 961 2674 non
985 2620 1102 2674 tamen
1122 2620 1175 2673 est
1195 2631 1272 2674 cas·

149 2713 225 2782 tus;
248 2705 356 2768 forma
374 2705 445 2786 ejus
464 2716 518 2769 εει
538 2718 645 2781 casta,
666 2708 726 2770 sed
744 2706 896 2769 essentia
914 2716 1012 2768 casta
1032 2725 1100 2767 non
1120 2706 1150 2767 ei
1170 2705 1270 2768 inest.

214 2813 313 2880 140.
345 2798 448 2881 Quod
474 2811 608 2864 castum
636 2812 671 2865 et
699 2821 767 2864 non
795 2812 928 2864 castum
959 2801 1199 2883 praedicentur
1228 2801 1271 2864 de

150 2893 278 2959 talibus
297 2914 384 2976 quae
404 2892 552 2976 conjugii
575 2905 665 2969 sunt,
686 2907 739 2958 est
759 2897 836 2977 quia
858 2894 1051 2977 conjugiale
1071 2896 1271 2977 inscriptum

150 2998 204 3051 est
221 2989 355 3071 utrique
372 2991 469 3051 sexui
486 2991 529 3052 ab
547 2991 675 3053 intimis
694 2991 737 3053 ad
757 2990 888 3064 ultima,
906 3001 940 3053 et
960 2990 1147 3052 secundum
1167 2990 1201 3052 id
1218 2999 1272 3052 est

149 3081 255 3145 homo
276 3084 391 3164 quoad
417 3085 650 3166 cogitationes
672 3094 708 3148 et
732 3082 939 3156 affedtiones,
965 3095 1000 3148 et
1025 3085 1103 3147 inde
1130 3086 1272 3148 interius

150 3177 264 3259 quoad
290 3175 380 3241 ladla
403 3188 438 3241 et
465 3189 585 3261 gestus
608 3181 780 3262 corporis:
808 3180 899 3261 quod
927 3181 976 3242 ita
999 3181 1054 3248 sit.
1080 3181 1272 3243 evidentius

149 3282 294 3354 apparet
313 3272 357 3335 ab
375 3274 539 3351 incastis;
563 3275 733 3336 incastum
757 3275 908 3337 insidens
932 3275 1105 3337 mentibus
1123 3274 1271 3351 illorum,

150 3368 286 3430 auditur
305 3388 350 3430 ex
368 3388 454 3431 sono
473 3368 608 3431 illorum
632 3368 800 3451 loquelae,
820 3379 855 3432 et
874 3389 919 3431 ex
942 3369 1176 3451 applicatione
1197 3390 1272 3433 om·

151 3463 243 3525 nium
263 3464 440 3538 sermonis,
461 3464 566 3527 etiam
586 3465 685 3538 casti,
703 3464 747 3527 ad
763 3463 966 3542 libidinosa;
991 3485 1094 3526 sonus
1114 3464 1273 3546 loquelae

151 3567 203 3621 est
233 3579 278 3620 ex
309 3557 488 3622 affedtione
517 3561 719 3634 voluntatis,
749 3570 784 3623 et
815 3559 952 3644 loquela
981 3582 1026 3623 ex
1056 3563 1273 3641 cogitatione

152 3651 369 3732 intelledtus;
393 3655 483 3736 quod
501 3655 636 3737 signum
653 3665 718 3728 est,
736 3655 827 3736 quod
843 3656 1004 3718 voluntas
1021 3675 1096 3718 cum
1115 3658 1274 3719 omnibus

151 3747 234 3829 ejus,
259 3759 294 3812 et
321 3749 517 3814 intellectus
540 3771 617 3815 curn
641 3752 799 3815 omnibus
823 3749 904 3831 ejus,
929 3753 978 3814 ita
1005 3761 1081 3814 tota
1106 3771 1214 3826 mens,
1238 3762 1274 3815 et

151 3845 232 3906 inde
250 3845 366 3907 omnia
384 3847 546 3927 corporis,
567 3848 610 3909 ab
629 3848 759 3910 intimis
777 3847 821 3909 ad
846 3847 976 3919 ultima,
997 3847 1138 3909 incastis
1159 3857 1274 3910 scate-

151 3948 225 4002 ant.
279 3937 408 4002 Audivi
440 3941 484 4002 ab
513 3941 657 4023 angelis,
688 3943 779 4024 quod
814 3942 985 4005 incastum
1015 3942 1105 4021 apud
1140 3962 1273 4005 summe

151 4032 353 4116 hypocritas
371 4057 417 4098 ex
436 4035 564 4110 auditu,
585 4047 758 4119 utcunque
778 4048 873 4101 caste
893 4036 1088 4119 loquuntur,
1106 4039 1273 4121 percipia-

152 4139 219 4206 tur,
243 4140 280 4193 et
303 4151 438 4213 quoque
461 4152 506 4193 ex
529 4130 675 4214 sphaera
698 4133 742 4194 ab
768 4131 835 4195 illis
858 4133 1059 4194 exundante
1084 4133 1273 4203 sentiatur:

152 4226 244 4308 quod
263 4227 369 4289 etiam
389 4227 524 4308 signum
544 4237 598 4290 est
617 4228 708 4309 quod
728 4228 907 4291 incastitas
926 4228 1075 4290 resideat
1094 4229 1128 4290 in
1148 4229 1273 4291 intimis

153 4322 280 4384 mentis
296 4320 443 4395 illorum,
456 4332 492 4385 et
509 4321 588 4384 inde
605 4322 639 4384 in
655 4323 784 4386 intimis
800 4324 952 4404 corporis
969 4323 1115 4396 illorum,
1129 4334 1165 4387 et
1182 4322 1272 4405 quod

153 4415 239 4480 haec
263 4415 467 4480 obvelentur
489 4416 642 4479 exterius
665 4417 754 4481 sicut
777 4429 893 4482 crusta
916 4416 1007 4500 pidia
1026 4419 1206 4500 speciebus
1228 4439 1273 4482 ex
