2782 5026
216 435 282 502 354
553 430 803 483 votumtts
824 431 1011 485 mantuan

268 601 307 657 Et
320 601 429 656 itemrn
442 601 663 673 quaesiverunt.
677 600 814 674 “Qualia
825 613 897 658 sunt
908 603 1042 674 jucunda
1058 603 1148 659 illai”

267 680 425 743 Dicebant,
438 682 520 752 quod
534 682 705 736 sentiantur
718 683 758 736 ab
771 683 839 738 aliis
852 684 932 739 sicut
955 683 1068 740 fetores
1099 700 1138 738 ex
1153 681 1310 739 stercoribus

212 770 245 816 et
257 761 337 816 sicut
347 771 473 832 putores
484 777 523 816 ex
533 762 741 823 cadaveribus.
753 772 786 818 et
797 763 876 818 sicut
889 763 1012 819 nidores
1023 778 1063 818 ex
1075 764 1172 819 urinis
1183 759 1312 836 stagnuis

268 840 307 895 Et
318 841 541 911 quaesiverunt.
552 841 655 896 “Sunt
668 841 720 896 illa
730 843 818 897 vobis
825 843 1000 913 jucundat·

269 919 427 982 Dicebant,
435 927 453 949 ⁴⁴
461 918 541 976 Sunt
548 919 794 990 jucundissima.”

268 999 306 1054 Et
319 1000 468 1061 dixerunt,
480 999 589 1055 “Tunc
600 999 674 1054 estis
686 999 765 1054 sicut
778 1000 952 1057 immundae
964 1001 1081 1057 bestiae
1094 1018 1174 1074 qnae
1189 1003 1220 1058 in
1231 1003 1321 1058 talibus

214 1079 358 1151 negasne·

268 1157 307 1212 Et
319 1157 549 1228 responderunt,
561 1165 578 1186 ⁸⁴
586 1156 618 1213 Si
631 1157 725 1213 simus
734 1174 847 1221 sumus,
858 1159 913 1214 sed
925 1160 1000 1215 talia
1008 1171 1081 1216 sunt
1091 1161 1221 1218 deliciae
1228 1162 1327 1217 narium

213 1236 414 1293 nostrarum.”

268 1316 307 1371 Et
318 1315 540 1387 quaesiverunt.
554 1314 662 1388 “Quid
675 1316 762 1387 plura
770 1315 803 1372 l'·

268 1395 426 1457 Dicebant,
439 1396 521 1466 quod
529 1396 629 1469 ,cuivis
643 1396 733 1450 liceat
748 1396 779 1449 in
795 1411 852 1451 suo
865 1396 1002 1466 jucundo
1016 1413 1093 1460 esse,
1105 1400 1201 1455 etiam
1215 1401 1337 1456 immun·

212 1475 340 1531 dissimo
354 1485 388 1529 ut
406 1475 481 1529 illud
496 1485 615 1537 vocant,
630 1476 724 1530 inodo
739 1491 800 1531 non
816 1476 938 1531 infestet
953 1477 1051 1533 bonos
1066 1478 1194 1548 spiritus
1209 1491 1243 1536 et
1258 1497 1340 1552 ange·

214 1557 275 1620 los;
299 1556 375 1611 “sed
390 1555 462 1626 quia
479 1571 517 1610 ex
535 1555 670 1626 jucundo
683 1566 789 1610 nostro
808 1572 867 1610 non
887 1556 975 1611 aliter
986 1557 1153 1627 potuimus.
1166 1575 1260 1630 quam
1280 1561 1342 1616 illos

214 1635 363 1697 infestare,
372 1633 502 1706 conjetli
515 1651 620 1690 sumus
633 1635 663 1688 in
676 1636 834 1705 ergastula.
848 1635 899 1688 ubi
914 1636 1139 1705 patimurdira:
1159 1638 1306 1695 inhibitio
1316 1651 1345 1696 et

213 1713 355 1770 retratlio
379 1715 580 1786 jucundorum
603 1726 774 1769 nostrorum
797 1715 846 1776 ibi.
868 1717 1018 1786 estquod
1041 1728 1172 1773 vocatur
1192 1720 1345 1774 cruciatus

215 1793 339 1859 inferni:
357 1804 405 1850 est
417 1810 539 1866 quoque
552 1794 677 1849 interior
689 1795 803 1851 dolor.”

267 1875 353 1929 Tunc
365 1875 585 1945 quaesiverunt.
600 1873 686 1929 “Cur
697 1874 893 1930 infestavistis
905 1876 1003 1931 bonos
1012 1873 1044 1930 ?'’

267 1953 424 2016 Dicebant,
434 1955 515 2027 quod
529 1970 589 2009 non
603 1954 755 2024 potuerint
764 1955 866 2017 aliter:
884 1966 931 2010 est
944 1955 1022 2009 sicut
1036 1954 1120 2011 lutor
1129 1956 1267 2020 invadat,
1278 1974 1348 2013 curn

212 2034 319 2089 vident
337 2034 466 2107 aliquem
490 2035 639 2106 angelum,
658 2043 690 2088 et
713 2034 849 2089 sentiunt
873 2034 1031 2104 sphaeram
1057 2034 1201 2091 Divinam
1227 2037 1347 2093 circum

215 2114 308 2169 illum.

266 2193 354 2248 Tunc
366 2192 516 2254 dixerunt.
531 2199 547 2221 ¹‘
554 2191 605 2248 Sic
617 2192 691 2247 estis
702 2192 794 2247 etiam
808 2192 888 2247 sicut
897 2191 1006 2248 ferae.”

267 2273 305 2328 Et
318 2289 388 2328 rnox
400 2288 469 2327 cum
482 2272 624 2327 viderunt
636 2272 784 2327 novitium
794 2272 931 2342 spiritum
945 2288 1015 2327 curn
1027 2273 1152 2344 angelis,
1163 2277 1346 2344 supervenit

212 2352 349 2409 diabolos
359 2352 447 2412 furor,
457 2352 508 2423 qui
519 2351 658 2422 apparuit
667 2351 746 2406 sicut
756 2351 834 2422 ignis
843 2351 923 2416 odii3
941 2368 1033 2423 quare
1043 2369 1082 2408 ne
1094 2354 1243 2408 damnum
1254 2355 1348 2412 inler-

211 2443 288 2494 rent.
303 2433 333 2486 in
347 2431 496 2486 infernum
510 2429 612 2501 reJ'etli
625 2442 705 2485 sunt

267 2512 341 2566 Post
353 2511 429 2566 haec
440 2512 626 2581 apparebant
638 2509 744 2581 angeli,
757 2509 809 2581 qui
822 2526 860 2565 ex
872 2509 982 2565 finibus
995 2510 1101 2566 vident
1113 2527 1229 2575 causas,
1244 2524 1279 2569 et
1292 2531 1347 2585 per

211 2607 317 2646 causas
331 2589 464 2652 elietius
476 2590 528 2661 qui
548 2591 578 2644 in
597 2591 681 2645 caelo
697 2605 786 2659 supra
797 2599 860 2645 tres
875 2590 942 2645 illos
957 2600 1062 2644 coetus
1075 2601 1169 2653 erant,
1183 2603 1216 2646 et
1235 2593 1269 2647 hi
1288 2595 1345 2650 visi

211 2681 283 2726 sunt
301 2671 331 2725 in
347 2671 476 2726 candida
490 2671 565 2732 luce,
574 2685 650 2741 quae
667 2686 719 2739 per
733 2669 859 2740 spitales
874 2670 970 2724 flexus
986 2687 1018 2724 se
1034 2670 1219 2726 devolvens:
1238 2688 1344 2728 secum

211 2751 282 2806 tulit
295 2752 457 2806 rotundum
470 2760 583 2805 sertum
597 2766 634 2804 ex
646 2748 778 2811 floribus,
792 2759 824 2803 et
836 2749 938 2819 posuit
949 2765 1040 2819 super
1051 2761 1144 2820 caput
1157 2751 1268 2806 novitii
1283 2754 1344 2824 spi-

213 2832 304 2893 ritus,
322 2841 353 2886 et
368 2840 441 2885 tunc
456 2831 493 2885 ad
514 2830 598 2884 illum
614 2827 694 2884 latia
708 2839 756 2884 est
770 2844 830 2884 vox
847 2829 925 2890 inde,
939 2827 1048 2883 “Haec
1063 2829 1119 2885 tibi
1135 2831 1239 2886 laurea
1252 2833 1345 2888 datur

213 2921 336 2984 propter
347 2927 477 2974 causam,
490 2911 562 2982 quia
572 2926 591 2965 a
602 2910 730 2982 pueritia
743 2909 906 2964 meditatus
919 2925 951 2964 es
964 2909 1002 2964 de
1014 2909 1100 2964 caelo
1112 2920 1145 2965 et
1157 2909 1309 2968 inlemo.”

733 3372 842 3458 [XX]

588 3558 646 3623 Da
670 3556 957 3624 Concuntusnu.

275 3749 377 3834 462·
406 3747 446 3812 In
463 3745 693 3830 praecedente
705 3742 831 3825 capite,
844 3741 901 3806 ubi
917 3741 960 3806 de
975 3739 1213 3818 fornicatione,
1231 3741 1339 3806 etiam

210 3846 257 3910 de
287 3844 452 3928 pellicatu
475 3840 589 3907 atium
612 3850 677 3912 est,
701 3848 738 3902 et
767 3858 828 3920 per
854 3836 943 3900 hunc
967 3835 1145 3901 intellecta
1168 3847 1224 3901 est
1251 3857 1339 3902 con·

211 3939 341 4026 junttio
360 3940 422 4003 viri
440 3938 583 4003 caelibis
602 3932 798 4018 patiacum
818 3932 963 4010 semina3
988 3952 1048 4015 per
1066 3933 1337 3998 concubinatum

214 4046 331 4102 autem
364 4035 419 4099 hic
452 4032 659 4114 intelligitur
685 4025 880 4111 conjunctio
916 4028 978 4090 viri
1010 4027 1150 4090 uxorati
1179 4027 1340 4094 similiter

214 4130 316 4216 pacta
332 4149 410 4196 cum
429 4129 564 4194 semina.
609 4125 665 4190 llli
688 4125 743 4207 qui
768 4143 836 4186 non
856 4122 1070 4203 distinguunt
1091 4142 1231 4203 genera,
1250 4122 1339 4188 dua·

213 4231 275 4293 bus
299 4228 365 4292 illis
385 4225 538 4298 vocibus,
562 4231 725 4305 tanquam
744 4219 841 4282 unius
860 4215 1055 4282 intellectus
1074 4227 1110 4280 et
1130 4217 1210 4281 inde
1229 4219 1339 4301 signi·

214 4324 395 4398 litationis,
420 4320 611 4403 promiscue
638 4324 798 4391 utuntur;
832 4314 893 4376 sed
921 4313 1081 4395 quoniam
1111 4312 1179 4376 duo
1207 4332 1340 4395 genera

214 4429 305 4495 sunt,
330 4426 366 4482 et
393 4436 464 4479 vox
494 4412 677 4498 pellicatus
700 4408 863 4474 convenit
896 4407 1008 4490 priori,
1033 4405 1113 4488 quia
1135 4406 1255 4489 pellex
1281 4417 1338 4473 est
