2850 5026
373 449 917 517 DEAMORECONJUG1AL1.-N.
941 452 1009 520 ¹73·
1188 453 1248 519 ¹43

131 643 166 687 se
184 621 373 704 conjungat
396 594 473 686 dum
496 623 742 705 respiratione;
766 631 801 687 et
819 623 909 706 quod
933 622 1060 686 exinde
1083 622 1140 696 sit,
1157 622 1250 704 quod

131 719 197 780 duo
222 715 398 799 conjuges,
422 718 478 800 qui
501 719 698 799 discrepant
720 718 842 780 animis
865 727 900 781 et
927 716 1124 780 discordant
1148 717 1251 781 affec·

132 812 292 886 tionibus,
316 813 350 874 in
381 819 457 875 toro
484 811 622 892 jaceant
652 813 798 886 obversi,
823 822 923 893 tergo
953 812 997 874 ad
1028 821 1183 893 tergum;
1214 821 1251 876 et

130 906 280 968 vicissim
304 906 360 988 qui
385 907 507 969 animis
530 916 565 970 et
588 904 823 970 affedtionibus
846 906 1070 979 concordant,
1095 907 1252 970 conversi

131 1002 174 1063 ad
189 1021 227 1063 se
244 1010 373 1063 mutuo.
420 1001 592 1064 Dixerunt
606 1003 721 1075 etiam,
735 1002 825 1083 quod
839 1001 1015 1082 sphaerae,
1029 1002 1107 1082 quia
1120 1011 1252 1066 exeunt

131 1095 174 1158 ab
203 1095 297 1158 omni
327 1105 423 1177 parte
453 1095 612 1170 hominis,
641 1106 677 1159 et
708 1097 951 1158 continuantur
979 1095 1093 1177 ample
1124 1097 1250 1158 circum

132 1188 238 1263 illum,
260 1209 328 1252 non
352 1190 457 1252 modo
480 1189 691 1271 conjungant
710 1200 746 1253 et
769 1190 965 1270 disjungant
984 1191 1069 1252 duos
1089 1188 1252 1271 conjuges

132 1284 175 1347 ab
197 1293 311 1358 extra,
331 1286 392 1347 sed
412 1285 520 1347 etiam
544 1285 587 1347 ab
610 1287 719 1362 intra;
746 1293 782 1348 ct
806 1285 896 1366 quod
926 1285 1005 1347 inde
1033 1285 1100 1347 sint
1130 1303 1251 1346 omnes

132 1378 343 1442 differentiae
359 1387 395 1442 ct
408 1380 593 1442 varietates
609 1380 734 1442 amoris
746 1378 958 1459 conjugialis.
1003 1378 1139 1442 Ultimo
1152 1379 1251 1440 dixe·

132 1484 221 1547 runt,
241 1475 333 1556 quod
355 1473 501 1555 sphaera
524 1475 648 1537 amoris
671 1476 792 1537 exiens
814 1474 858 1536 ab
881 1494 1000 1547 uxore,
1024 1494 1110 1554 quae
1134 1483 1251 1536 tenere

132 1578 276 1641 amatur,
297 1569 330 1630 in
350 1567 448 1631 caelo
467 1569 671 1650 percipiatur
691 1569 777 1631 sicut
797 1567 940 1630 dulciter
959 1568 1123 1648 fragrans.
1145 1569 1252 1649 insig-

133 1664 221 1725 niter
243 1663 418 1725 amoenius
442 1682 542 1744 quam
572 1663 756 1745 percipitur
785 1663 843 1726 illa
873 1665 906 1725 in
931 1665 1057 1724 mundo
1081 1683 1100 1723 a
1124 1661 1252 1724 recenti

133 1757 256 1819 marito
279 1756 394 1837 primis
413 1756 531 1818 diebus
554 1767 632 1838 post
658 1758 801 1838 nuptias.
847 1757 903 1819 Ex
926 1757 979 1819 his
1003 1767 1100 1838 patet
1123 1759 1251 1819 veritas

133 1859 277 1923 asserta,
301 1850 392 1931 quod
416 1872 503 1913 uxor
526 1851 753 1932 conjungatur
775 1853 848 1914 viro
872 1872 930 1932 per
953 1852 1134 1933 sphaeram
1157 1853 1251 1915 vitae

133 1964 213 2007 suae
232 1953 419 2007 exeuntem
439 1965 484 2008 ex
503 1964 619 2008 amore
635 1945 715 2026 ejus.

195 2051 286 2118 172·
311 2036 412 2120 (xiv.)
440 2037 536 2115 Quod
554 2061 641 2102 uxor
662 2044 884 2125 confingatur
905 2039 1028 2102 marito
1045 2049 1110 2120 per
1127 2049 1251 2120 appro-

132 2133 331 2215 priationem
346 2132 470 2195 virium
486 2134 624 2197 vr'rtutis
638 2137 708 2218 ejus
716 2157 731 2208 ,·
754 2135 816 2198 sed
827 2135 917 2216 quod
927 2135 986 2196 hoc
992 2135 1062 2218 fiat
1076 2135 1252 2198 secundum

133 2249 279 2291 amorem
298 2238 445 2290 mutuum
460 2228 674 2308 spiritualem
689 2228 979 2310 illorum-Quod
1003 2231 1051 2292 ita
1070 2231 1125 2302 sit,
1145 2230 1250 2292 etiam

134 2344 178 2386 ex
205 2344 264 2386 ore
287 2322 487 2403 angelorum
512 2323 657 2404 captavi.
704 2324 873 2387 Dixerunt
898 2326 989 2406 quod
1012 2323 1164 2406 proiifica
1187 2324 1250 2386 im·

134 2438 239 2500 pensa
272 2438 292 2479 a
325 2418 455 2480 maritis
484 2419 691 2500 recipiantur
723 2419 902 2481 universim
930 2420 974 2481 ab
1006 2419 1179 2491 uxoribus,
1210 2437 1250 2483 ac

134 2514 262 2576 addant
283 2533 319 2575 se
339 2514 433 2575 vitae
452 2513 604 2590 illarum;
629 2523 664 2576 et
683 2512 773 2596 quod
794 2515 840 2577 sic
861 2535 985 2577 uxores
1005 2515 1111 2576 vitam
1132 2515 1251 2576 unani-

135 2626 235 2680 mam,
255 2617 290 2670 et
310 2608 502 2670 successive
520 2607 776 2680 unanimiorem,
797 2627 873 2670 cum
894 2610 1024 2671 maritis
1043 2609 1190 2684 ducant;
1214 2616 1250 2671 et

134 2703 222 2783 quod
239 2703 318 2764 inde
338 2701 396 2766 fiat
413 2700 568 2765 effective
585 2704 664 2765 unio
683 2704 871 2765 animarum
891 2713 927 2766 et
943 2701 1136 2783 conjunctio
1155 2721 1251 2766 men·

134 2798 226 2859 tium.
272 2796 418 2860 Causam
438 2798 598 2860 dixerunt
618 2797 718 2871 hanc,
737 2799 814 2879 quia
833 2799 865 2860 in
891 2797 1042 2879 prolifico
1063 2799 1174 2861 mariti
1196 2807 1251 2862 est

134 2893 247 2953 anima
276 2891 357 2972 ejus,
385 2902 421 2955 et
452 2912 585 2974 quoque
615 2912 711 2955 mens
738 2893 850 2974 quoad
875 2894 1035 2955 interiora
1064 2892 1135 2973 ejus
1165 2914 1252 2976 quae

135 2983 315 3066 conjundta
333 2996 414 3049 sunt
433 2988 585 3049 animae:
610 2987 820 3067 adjecerunt,
840 2987 931 3069 quod
952 2988 1017 3049 hoc
1038 3008 1057 3050 a
1076 2989 1252 3053 creatione

135 3083 305 3162 provisum
335 3083 391 3155 sit,
416 3092 454 3145 ut
479 3082 654 3163 ,sapientia
677 3084 748 3155 viri,
772 3103 859 3164 quae
882 3082 963 3145 iacit
993 3084 1141 3145 animam
1168 3083 1250 3164 ejus,

134 3178 370 3258 approprietur
386 3178 494 3250 uxori,
509 3196 547 3239 ac
565 3186 602 3239 ut
616 3177 663 3239 sic
677 3176 770 3249 fiant,
786 3177 972 3239 secundum
985 3177 1124 3240 Domini
1137 3180 1250 3255 verba,

136 3292 200 3333 una
216 3292 315 3335 caro:
341 3282 413 3335 tum
430 3272 546 3345 etiam,
560 3273 652 3353 quod
668 3272 733 3334 hoc
751 3273 920 3352 provisum
938 3273 993 3347 sit,
1012 3293 1053 3335 ne
1070 3274 1174 3336 homo
1190 3274 1250 3350 vir,

135 3377 212 3446 post
225 3368 500 3447 conceptionem,
510 3387 555 3429 ex
566 3365 713 3449 quadam
726 3366 907 3448 phantasia
917 3367 1085 3448 relinquat
1097 3387 1251 3431 uxorem.

136 3459 203 3523 Sed
235 3461 450 3533 addiderunt,
482 3461 573 3542 quod
607 3459 854 3542 applicationes
887 3471 923 3524 et
956 3463 1252 3543 appropriationes

135 3555 226 3618 vitae
256 3556 451 3617 maritorum
482 3555 572 3636 apud
602 3575 739 3629 uxores,
770 3554 853 3619 fiant
883 3557 1070 3619 secundum
1100 3575 1252 3620 amorem

114 3714 118 3723 ,
135 3649 372 3731 conjugialem,
387 3650 464 3732 quia
481 3670 586 3724 amor,
600 3651 656 3732 qui
675 3660 728 3713 est
746 3651 825 3713 unio
841 3651 1035 3732 spiritualis,
1053 3651 1252 3734 conjungit;

135 3754 170 3808 et
189 3745 280 3827 quod
301 3743 365 3807 hoc
385 3746 490 3807 etiam
510 3746 680 3824 provisum
700 3746 744 3808 sit
765 3756 904 3827 propter
922 3747 1035 3829 plures
1054 3767 1185 3809 causas.

197 3853 289 3921 173·
314 3838 404 3921 (xv.)
431 3838 528 3916 Quod
545 3839 594 3902 sic
611 3860 697 3902 uxor
711 3840 893 3921 imaginem
908 3840 965 3903 sui
980 3841 1101 3903 mariti
1113 3839 1253 3922 recr‘piat

135 3933 170 3996 in
187 3954 230 4007 se,
247 3943 280 3996 et
296 3933 372 3995 inde
389 3934 564 4014 percipiat,
585 3935 707 4008 videat,
724 3944 756 3996 et
777 3935 901 3997 sentiat
921 3939 990 4020 <sits
1008 3935 1253 4018 affcliionese-

137 4028 192 4091 Ex
211 4029 322 4090 causis
339 4049 438 4110 supra
458 4029 573 4092 allatis
590 4031 742 4112 sequitur
761 4040 797 4093 ut
818 4039 997 4104 testatum,
1015 4031 1105 4112 quod
1126 4048 1251 4092 uxores

137 4124 302 4205 recipiant
326 4124 359 4187 in
383 4145 419 4187 se
450 4124 519 4198 illa,
543 4135 732 4206 quaesunt
756 4126 946 4207 sapientiae
970 4127 1177 4199 maritorum,
1202 4126 1253 4190 ita

136 4237 221 4299 quae
244 4227 324 4282 sunt
348 4220 482 4301 propria
505 4221 693 4282 animarum
717 4227 753 4282 et
776 4221 943 4283 mentium
975 4219 1120 4294 illorum,
1144 4220 1252 4284 etsie

137 4311 262 4376 faciant
287 4334 323 4376 se
346 4335 392 4377 ex
415 4314 601 4395 virginibus
629 4335 763 4377 uxores.
809 4314 940 4378 Causae
967 4335 1013 4376 ex
1040 4315 1160 4397 quibus
1185 4314 1252 4378 hoc

138 4409 297 4489 sequitur,
329 4418 493 4485 sunt,-1.
529 4406 631 4488 Quod
657 4407 782 4471 semina
811 4418 928 4472 creata
957 4409 1002 4472 sit
1026 4429 1072 4472 ex
1094 4410 1176 4474 viro.
1220 4425 1251 4474 2.
