2782 5026
134 415 196 498 328
334 464 337 473 .
477 424 724 480 vosumaras
747 424 933 480 maturat

130 614 224 674 nam,
242 605 281 663 ut
297 597 389 682 prius
407 595 525 662 multis
542 605 722 662 ostensum
740 605 805 673 est,
824 614 924 661 amor
940 593 1144 679 coniugialia
1159 594 1191 660 in
1205 611 1235 655 εε

130 691 310 778 spectatus
328 702 383 757 est
406 712 502 757 amor
521 692 716 775 spiritualis,
735 702 771 757 et
794 709 891 756 amor
908 692 1137 756 scortatorius
1156 692 1189 755 in
1205 709 1234 754 εε

130 786 310 871 spectatus
328 797 382 852 est
401 806 499 851 amor
516 787 692 851 naturalis.

193 895 289 966 4η.
313 881 387 966 (iv.)
414 881 512 960 Quod
529 898 625 945 amor
646 881 865 946 scortatonirs
887 880 936 946 rit
955 882 1129 964 oppositus
1145 876 1239 944 oneri

130 977 321 1061 conjugmli,
341 978 428 1042 st'cut
444 976 638 1040 connubium
656 976 787 1042 maliet
798 977 895 1058 salsi
908 986 961 1041 est
976 977 1165 1058 oppositum
1176 993 1236 1037 m·

128 1071 229 1154 Jirgt'o
246 1072 326 1135 boni
343 1081 376 1135 et
396 1068 629 1153 veri-Quod
649 1073 748 1153 origo
769 1071 896 1135 amoris
919 1070 1127 1154 coniugialia
1143 1072 1186 1135 sit
1201 1088 1237 1133 ex

129 1167 291 1249 conjugio
306 1167 387 1231 boni
406 1176 442 1231 ει
462 1167 543 1242 veri,
560 1186 662 1249 supra
681 1167 715 1229 in
734 1167 927 1249 suocapite
945 1167 981 1248 (a
999 1186 1033 1229 n.
1050 1168 1093 1247 83
1112 1166 1156 1229 ad
1175 1163 1237 1245 rot)

130 1262 407 1326 demonstratum
423 1271 500 1338 est;
525 1261 604 1325 inde
622 1262 775 1343 sequitur
791 1261 883 1344 quod
902 1262 1001 1343 origo
1017 1263 1144 1325 amoris
1159 1280 1238 1324 scor·

72 1362 77 1372 '
131 1359 247 1421 tatorii
267 1359 311 1421 sit
331 1378 377 1421 ex
394 1357 566 1420 connubio
582 1356 663 1419 mali
681 1366 717 1420 et
736 1355 823 1428 salsi.
841 1366 876 1421 et
893 1357 985 1439 quod
1004 1356 1088 1420 inde
1104 1352 1240 1439 oppositi

130 1453 212 1525 sint,
236 1452 323 1516 sicut
350 1451 478 1515 malum
502 1451 700 1534 oppositum
730 1460 784 1515 est
814 1451 918 1525 bono,
946 1470 987 1515 ac
1017 1450 1144 1515 falsum
1170 1448 1240 1514 mali

129 1564 213 1610 vero
231 1547 331 1624 boni;
355 1554 434 1609 sunt
450 1543 600 1627 jucunda
618 1547 793 1629 utriusque
812 1547 950 1620 amoris,
968 1564 1058 1629 quae
1076 1547 1127 1610 ita
1146 1564 1240 1628 oppo-

130 1641 198 1704 sita
216 1651 308 1716 sunt,
329 1660 408 1704 nam
427 1660 524 1704 amor
539 1640 668 1723 absque
686 1642 755 1704 suis
770 1639 927 1722 jucundis
946 1660 1016 1704 non
1038 1651 1096 1704 εει
1116 1639 1242 1723 aliquo

130 1732 233 1816 Quod
256 1735 342 1800 haec
373 1736 436 1799 sibi
466 1737 516 1800 ita
546 1736 706 1818 opposita
727 1737 808 1810 sint,
832 1755 970 1819 prorsus
993 1754 1064 1799 non
1088 1742 1242 1819 apparet:

129 1830 221 1913 quod
241 1850 309 1894 non
328 1841 506 1913 appareat,
523 1841 577 1894 est
596 1831 675 1913 quia
690 1828 875 1912 jucundum
892 1832 1018 1895 amoris
1035 1830 1119 1894 mali
1138 1833 1172 1894 in
1188 1850 1244 1894 ex·

130 1926 238 1988 ternis
260 1927 427 1989 mentitur
452 1924 640 2006 jucundum
668 1926 795 1989 amoris
817 1925 918 2002 boni;
953 1925 1015 1989 sed
1045 1926 1079 1988 in
1112 1924 1247 1990 internis

127 2017 313 2102 jucundum
335 2021 461 2083 amoris
484 2019 565 2083 mali
587 2021 750 2084 consistit
773 2040 819 2083 ex
842 2019 944 2084 meris
961 2022 1248 2103 concupiscentiis

131 2114 234 2193 mali;
258 2116 368 2197 ipsum
389 2114 517 2179 malum
540 2124 594 2179 est
618 2114 738 2178 harum
757 2114 969 2196 conglobata
986 2118 1173 2197 congeries
1193 2136 1249 2181 seu

131 2210 289 2293 glomus:
314 2218 350 2273 at
366 2208 553 2291 jucundum
573 2210 700 2273 amoris
718 2210 799 2273 boni
818 2210 979 2273 consistit
1002 2230 1048 2273 ex
1068 2213 1249 2275 innumeris

130 2303 366 2368 affectionibus
385 2304 487 2382 boni;
511 2306 620 2386 ipsum
637 2304 764 2368 bonum
780 2314 834 2369 εει
850 2303 969 2367 harum
985 2305 1076 2369 sicut
1093 2308 1250 2370 connitur

129 2398 252 2463 fascis:
277 2400 330 2464 hic
350 2399 450 2463 lascis
466 2409 502 2463 et
518 2397 629 2463 ¹¹¹illud
648 2399 785 2481 glomus
801 2399 845 2462 ab
863 2399 1001 2463 homine
1018 2418 1088 2463 non
1105 2403 1250 2465 sentitur

131 2495 195 2557 nisi
211 2495 300 2558 sicut
316 2513 418 2556 unum
432 2493 629 2574 jucundum,
643 2503 679 2556 et
696 2494 773 2576 quia
785 2493 972 2575 jucundum
985 2493 1066 2558 mali
1083 2496 1117 2558 in
1134 2507 1249 2560 exter·

131 2589 183 2652 nis
213 2590 378 2653 mentitur
403 2587 588 2670 jucundum
613 2588 703 2662 boni,
728 2599 766 2652 ut
795 2587 922 2652 dictum
952 2598 1019 2664 est,
1043 2591 1124 2653 ideo
1146 2593 1250 2655 etiam

127 2682 312 2766 jucundum
326 2683 484 2747 adulterii
497 2685 586 2747 sicut
598 2683 784 2765 jucundum
797 2683 945 2765 conjugii
957 2705 965 2761 ;
988 2684 1049 2747 sed
1067 2697 1149 2768 post
1162 2705 1250 2750 mor·

131 2786 214 2854 tem,
234 2779 315 2842 dum
338 2780 480 2862 quisque
503 2779 646 2862 deponit
669 2787 825 2852 externa,
844 2798 884 2842 ac
908 2779 1081 2843 nudantur
1103 2781 1250 2856 interna,

130 2882 212 2937 tunc
236 2873 280 2936 ad
303 2892 440 2937 sensum
465 2884 574 2956 patet,
598 2874 689 2956 quod
714 2873 842 2937 malum
864 2873 1022 2937 adulterii
1045 2876 1090 2937 sit
1113 2875 1251 2957 glomus

130 2969 484 3050 concupiscentiarum
503 2969 755 3051 ma1i‚etquod
774 2968 902 3031 bonum
917 2966 1065 3049 conjugii
1085 2970 1131 3032 sit
1150 2969 1252 3035 fascis

130 3060 347 3127 affectionum
367 3064 467 3140 boni;
491 3065 540 3127 ita
558 3063 650 3146 quod
669 3063 733 3126 sibi
753 3082 888 3145 prorsus
907 3064 1068 3144 opposita
1084 3065 1165 3128 sint.

195 3153 295 3239 4²8·
325 3154 427 3237 Quod
451 3157 560 3240 ipsum
583 3158 790 3221 connubium
821 3156 900 3220 mali
930 3167 966 3220 et
997 3157 1074 3220 salsi
1101 3156 1253 3239 spectat,

132 3262 295 3317 noscatur
320 3252 412 3335 quod
442 3252 570 3317 malum
600 3263 694 3317 amet
723 3252 857 3326 salsum,
881 3270 922 3316 ac
951 3251 1036 3316 velit
1065 3262 1105 3317 ut
1131 3272 1253 3319 secum

131 3365 233 3410 unum
257 3347 312 3421 sit,
337 3355 373 3409 et
396 3367 530 3430 quoque
552 3368 589 3411 se
612 3346 846 3429 conjungunt3
883 3346 1040 3410 similiter
1061 3357 1099 3411 ut
1121 3348 1254 3415 bonum

130 3450 225 3506 amat
248 3461 376 3518 verum,
400 3462 440 3506 ac
464 3443 538 3506 vult
566 3452 603 3506 ut
634 3462 750 3506 secum
774 3460 876 3506 unum
899 3442 956 3516 sit,
979 3452 1016 3505 et
1045 3463 1184 3527 quoque
1212 3464 1254 3511 εε

130 3536 367 3622 conjungunt;
402 3558 448 3601 ex
481 3559 550 3622 quo
580 3547 690 3619 patet,
715 3538 806 3621 quod
833 3537 920 3601 sicut
943 3538 1128 3619 spiritualis
1151 3541 1255 3623 origo

130 3632 279 3714 conjugii
302 3643 355 3696 εει
378 3632 573 3715 conjugium
597 3633 678 3697 boni
700 3643 737 3697 ει
767 3632 848 3705 veri,
872 3633 921 3696 ita
946 3633 1129 3715 spiritualis
1151 3637 1255 3718 origo

130 3728 290 3793 adulterii
309 3729 354 3792 sit
374 3728 582 3791 connubium
602 3727 682 3791 mali
705 3736 741 3792 et
764 3725 859 3806 salsi;
887 3727 966 3791 inde
985 3737 1052 3803 εει,
1071 3729 1164 3811 quod
1183 3730 1253 3796 noc

129 3823 338 3888 connubium
359 3843 420 3907 per
437 3823 617 3896 adulteria,
637 3824 870 3887 scortationes
888 3831 924 3886 et
944 3824 1196 3899 meretricatus,
1217 3826 1253 3891 in

130 3938 232 3981 sensu
256 3917 363 3982 Verbi
393 3917 560 4001 spirituali
590 3917 805 3999 intelligatur
829 3915 1000 3999 (videatur
1025 3916 1254 4001 Apocalypsi}

130 4011 301 4087 Revelata,
320 4032 352 4076 n.
373 4011 457 4094 134).
502 4011 559 4075 Ex
578 4011 643 4076 hoc
660 4012 826 4095 principio
841 4021 907 4085 εει,
925 4011 1015 4094 quod
1032 4014 1089 4095 qui
1107 4014 1140 4076 in
1157 4015 1253 4079 malo

130 4115 242 4170 estet
265 4108 362 4171 nubit
381 4108 479 4182 falso,
502 4117 538 4171 ει
562 4108 618 4189 qui
641 4108 674 4170 in
697 4107 785 4170 falso
808 4116 862 4170 est
885 4114 921 4170 et
944 4108 1040 4171 ducit
1064 4108 1192 4172 malum
1216 4111 1252 4174 in

131 4203 340 4265 consortium
357 4203 407 4265 sui
427 4201 582 4275 thalami,
600 4223 645 4265 ex
661 4198 780 4283 juncto
797 4201 935 4266 loedere
951 4202 1134 4267 confirmet
1152 4205 1252 4271 adul·

132 4297 266 4372 terium,
287 4307 322 4361 et
342 4298 540 4362 committat
558 4296 641 4360 illud
660 4307 826 4379 quantum
845 4297 950 4360 audet
969 4306 1006 4361 et
1025 4298 1142 4377 valet;
1166 4319 1252 4364 con·

132 4388 245 4456 firmat
263 4391 346 4456 illud
365 4413 410 4456 ex
423 4391 515 4457 malo
531 4412 591 4476 per
602 4391 736 4469 falsum,
749 4401 786 4456 ει
798 4391 986 4457 committit
999 4391 1085 4456 illud
1102 4413 1148 4458 ex
1164 4394 1253 4462 salso
