2782 5026
223 409 286 475 402
552 407 798 461 vocurrnras
820 406 1005 462 msmnmc

285 589 379 659 525.
405 575 469 659 (ii.)
496 575 593 656 Quod
606 575 825 658 transcrr'ptio
843 574 921 640 boni
936 576 1034 640 unr'raes
1055 579 1092 640 in
1113 575 1260 641 alterum
1279 576 1327 642 im·

219 670 394 752 possibilis
413 670 625 753 sit-Hujus
652 672 828 735 evidentia
854 679 988 753 quoque
1015 671 1123 735 videri
1151 682 1271 754 potest
1295 693 1329 737 ex

222 766 275 829 his
298 766 333 829 in
356 766 475 830 ordine
487 764 603 849 :—(1.)
629 764 731 848 Quod
751 767 979 848 unusquisque
1001 765 1107 830 homo
1127 776 1288 832 nascatur
1304 768 1329 830 in

224 860 327 924 malo.
374 859 435 943 (2.)
460 859 562 941 Quod
578 862 611 924 in
628 861 755 924 bonum
772 861 953 923 inducatur
969 881 1029 942 per
1043 864 1330 943 regenerationem

222 975 243 1019 a
262 954 423 1019 Domino.
470 954 532 1038 (3.)
557 953 659 1037 Quod
682 954 720 1019 fit
745 976 804 1038 per
827 956 932 1020 vitam
952 956 1142 1018 secundum
1163 967 1331 1039 praecepta

223 1048 344 1130 Ipsius.
391 1047 452 1131 (4.)
478 1049 592 1132 Quare
608 1050 747 1122 bonum,
765 1069 841 1113 cum
857 1052 906 1112 ita
922 1049 1160 1131 implantatur,
1180 1071 1249 1116 non
1267 1062 1330 1134 pot·

222 1153 277 1208 est
301 1145 493 1208 transcribi.
536 1144 705 1218 Primum,
726 1143 828 1225 Quod
848 1147 1078 1226 unusquisque
1097 1146 1207 1210 homo
1225 1167 1331 1211 nasca-

223 1248 279 1302 tur
305 1239 339 1302 in
368 1239 472 1314 malo,
496 1239 530 1302 in
560 1239 706 1303 ecclesia
737 1250 856 1303 notum
880 1250 944 1303 est.
991 1240 1127 1304 Dicitur
1157 1243 1251 1325 quod
1278 1240 1331 1305 hoc

223 1332 351 1396 malum
370 1335 415 1398 sit
433 1334 642 1397 hereditario
664 1355 710 1396 ex
730 1334 880 1408 Adamo,
897 1334 959 1398 sed
975 1344 1030 1398 est
1053 1355 1099 1399 ex
1123 1338 1332 1418 parentibus;

223 1428 268 1491 ab
289 1428 342 1491 his
365 1428 459 1492 ducit
482 1430 625 1511 quisque
647 1429 810 1503 indolem,
834 1449 921 1511 quae
944 1440 998 1493 est
1021 1430 1225 1510 inclinati0;
1255 1431 1332 1514 quod

223 1521 273 1584 ita
288 1522 340 1597 sit,
358 1523 445 1587 ratio
461 1533 496 1586 et
512 1524 727 1605 experientia
743 1525 969 1601 convincunt;
994 1524 1241 1590 similitudines
1256 1528 1332 1591 enirn

223 1626 403 1697 parentum
422 1618 534 1699 quoad
553 1618 667 1692 facies,
687 1619 808 1699 genios
827 1628 863 1682 et
883 1637 994 1682 mores
1017 1620 1051 1681 in
1070 1622 1242 1701 proximis
1260 1622 1332 1686 libe

223 1712 267 1773 ris
286 1720 321 1775 et
341 1712 375 1774 in
392 1713 538 1794 posteris
556 1733 601 1776 ex
620 1712 683 1785 his,
701 1721 863 1788 exstant;
888 1713 967 1776 inde
985 1733 1005 1775 a
1024 1713 1141 1777 multis
1158 1726 1334 1781 noscuntur

222 1805 382 1881 familiae,
406 1815 442 1870 et
472 1826 605 1889 quoque
625 1806 798 1888 judicatur
827 1807 871 1870 de
901 1806 1035 1870 illorum
1059 1809 1211 1888 animis;
1244 1829 1333 1894 quare

224 1901 326 1976 mala,
342 1921 428 1983 quae
445 1901 508 1982 ipsi
524 1911 684 1983 parentes
700 1911 963 1976 contraxerunt,
981 1912 1017 1965 et
1036 1924 1097 1985 per
1113 1906 1292 1971 traducem
1309 1906 1334 1969 in

223 1996 337 2077 proles
350 1997 549 2071 Intulerunt,
561 2006 640 2059 sunt
654 1998 687 2058 in
700 1997 820 2079 quibus
833 1997 990 2060 homines
1002 2008 1203 2063 nascuntur.
1245 1999 1335 2083 Quod

224 2091 395 2166 credatur,
419 2091 510 2173 quod
534 2100 647 2154 reatus
670 2091 798 2154 Adami
821 2091 1002 2173 inscriptus
1030 2093 1075 2155 sit
1106 2095 1203 2158 omni
1230 2094 1337 2178 generi

224 2184 386 2261 humano,
410 2193 463 2248 est
491 2186 569 2267 quia
596 2185 695 2268 pauci
725 2205 826 2267 super
849 2185 987 2266 aliquod
1011 2186 1140 2250 malum
1165 2188 1338 2255 refledtunt

224 2279 314 2360 apud
333 2300 380 2354 se,
400 2289 436 2343 et
455 2280 534 2342 Inde
553 2281 666 2342 sciunt
685 2278 739 2356 id3
763 2299 866 2361 quare
884 2280 1076 2360 opinantur,
1097 2283 1192 2362 quod
1212 2284 1256 2348 sit
1274 2295 1340 2348 tam

224 2374 296 2437 alte
312 2375 536 2448 reconditum,
554 2382 591 2437 ut
611 2393 679 2437 non
695 2382 860 2455 appareat
878 2375 941 2436 nisi
959 2394 1073 2438 coram
1092 2375 1180 2440 Deo.
1227 2377 1344 2442 secun·

224 2469 314 2544 dum,
335 2468 436 2551 Quod
455 2468 560 2531 homo
579 2469 612 2530 in
632 2468 758 2530 bonum
775 2468 955 2532 inducatur
971 2489 1030 2550 per
1045 2473 1347 2550 regenerationem

226 2584 246 2626 a
269 2563 429 2626 Domino
474 2561 574 2644 Quod
602 2562 648 2626 sit
671 2563 898 2643 regenerati0,
923 2572 958 2626 et
984 2564 1073 2645 quod
1102 2565 1166 2627 nisi
1195 2567 1272 2648 quis
1294 2588 1348 2630 re·

225 2667 420 2740 generatur,
445 2678 513 2720 non
537 2658 645 2739 possit
676 2657 809 2736 ingredi
839 2658 872 2719 in
904 2658 1048 2731 caelum,
1073 2669 1172 2739 patet
1204 2660 1299 2725 clare
1328 2679 1355 2724 a

227 2752 366 2815 Domini
381 2751 493 2814 verbis
511 2749 615 2833 (apud
632 2749 758 2824 Jolcan.
775 2752 819 2813 iii.
834 2767 862 2830 3,
879 2750 911 2832 5)
926 2773 933 2828 ;
958 2752 1048 2833 quod
1066 2755 1288 2833 regeneratio
1304 2757 1354 2819 sit

226 2846 415 2928 purificatio
437 2866 457 2908 a
481 2846 590 2920 malis,
610 2855 646 2909 et
669 2847 717 2908 sic
741 2847 922 2908 renovatio
945 2847 1049 2919 vitae,
1075 2866 1144 2909 non
1169 2859 1291 2928 potest
1314 2851 1355 2913 in

227 2943 422 3006 Christiano
444 2941 527 3004 orbe
550 2941 669 3015 latere,
695 2959 774 3002 nam
797 2942 886 3004 ratio
909 2941 1014 3003 etiam
1044 2940 1109 3004 hoc
1138 2943 1235 3007 videt
1266 2944 1355 3008 dum

226 3038 384 3119 agnoscit
404 3027 494 3117 quod
512 3037 739 3117 unusquisque
756 3045 917 3097 nascatur
935 3035 968 3097 in
989 3034 1090 3110 malo,
1108 3045 1144 3099 et
1163 3038 1257 3118 quod
1274 3058 1358 3102 ma-

226 3132 296 3195 lum
315 3151 383 3193 non
399 3131 508 3212 possit
526 3131 617 3193 ablui
636 3140 673 3194 et
691 3130 845 3210 abstergi
861 3131 948 3192 sicut
965 3130 1082 3193 sordes
1101 3151 1162 3211 per
1178 3152 1349 3214 saponem

226 3236 262 3289 et
285 3245 419 3307 aquam,
439 3225 499 3288 sed
523 3245 583 3306 per
605 3225 885 3305 resipiscentiam.
937 3223 1092 3298 Tertium,
1114 3224 1218 3306 Quod
1239 3227 1352 3291 homo

226 3322 406 3384 inducatur
424 3321 458 3382 in
476 3321 603 3383 bonum
623 3340 643 3382 a
662 3320 813 3381 Domino
831 3339 892 3400 per
910 3319 1018 3381 vitam
1037 3321 1226 3384 secundum
1246 3343 1347 3404 prae·

226 3425 328 3497 cepta
342 3415 461 3495 Ipsius.
506 3414 694 3496 Praecepta
707 3414 979 3494 regenerationis
990 3422 1069 3477 sunt
1086 3415 1245 3498 quinque,
1259 3437 1347 3500 quae

225 3511 406 3575 videantur
425 3529 525 3591 supra
546 3508 593 3593 (n.
613 3508 681 3591 82),
702 3509 792 3571 inter
810 3529 897 3590 quae
916 3518 995 3570 sunt
1015 3508 1120 3571 haec:
1145 3511 1239 3590 quod
1258 3511 1346 3593 sugi-

226 3606 315 3669 enda
338 3606 406 3668 sint
431 3603 532 3678 mala,
557 3605 634 3686 quia
657 3613 737 3667 sunt
760 3602 888 3666 diaboli
911 3612 947 3666 et
976 3623 997 3665 a
1021 3603 1170 3678 diabolo,
1193 3614 1231 3693 et
1253 3605 1346 3688 quod

225 3700 381 3764 facienda
400 3700 470 3762 sint
488 3699 580 3761 bona
599 3695 675 3781 quia
694 3706 774 3761 sunt
798 3698 863 3761 Dei
882 3707 918 3760 et
941 3718 962 3760 a
985 3697 1071 3770 Deo,
1091 3707 1127 3760 et
1150 3700 1243 3778 quod
1262 3700 1345 3764 ade·

227 3797 337 3858 undus
360 3795 405 3857 sit
436 3793 613 3868 Dominus,
638 3802 676 3855 ut
698 3792 849 3855 adducat
872 3791 950 3855 illos
972 3792 1015 3853 ad
1046 3792 1241 3857 iaciendum
1265 3795 1344 3873 illa;

227 3889 386 3953 consulat
413 3889 554 3971 quisque
584 3908 630 3961 se,
656 3898 693 3951 et
726 3887 914 3969 expendat,
940 3906 1019 3950 num
1047 3888 1185 3953 aliunde
1215 3889 1345 3954 homini

226 3987 376 4061 bonum;
406 3993 441 4046 et
471 3983 499 4045 si
530 4002 598 4045 non
621 3981 759 4056 bonum,
785 4001 853 4044 non
883 3982 914 4045 ei
941 3990 995 4044 est
1017 3982 1118 4045 salus.
1167 3982 1344 4060 Quartum,

227 4079 330 4159 Quod
349 4079 487 4151 bonum,
507 4096 584 4141 cum
607 4077 657 4139 ita
675 4076 911 4158 implantatur,
933 4095 1001 4138 non
1021 4078 1131 4157 possit
1152 4079 1344 4144 transcribi.

227 4173 289 4236 Per
308 4173 607 4253 transcriptionem
627 4171 834 4252 intelligitur
852 4171 1071 4252 transcriptio
1089 4171 1171 4234 boni
1190 4175 1290 4237 unius
1311 4174 1345 4237 in

226 4267 383 4330 alterum.
430 4267 486 4329 Ex
506 4264 707 4348 supradidtis
726 4266 956 4347 consequitur,
978 4267 1068 4347 quod
1088 4265 1193 4330 homo
1212 4288 1274 4349 per
1291 4289 1345 4332 re·

225 4363 487 4443 generationem
505 4363 686 4424 innovetur
705 4382 842 4444 prorsus
866 4360 978 4443 quoad
1002 4362 1171 4443 spiritum,
1192 4371 1228 4426 et
1253 4362 1343 4446 quod
