2782 5026
131 451 182 536 76·
474 462 656 515 nanterus
679 459 907 513 senmurum

130 633 385 692 scortationibus?
404 634 604 689 scortationes
616 641 687 688 sunt
699 631 916 694 scortationes;
934 629 986 702 qui
1000 630 1104 685 insons
1117 639 1173 692 est,
1187 630 1253 685 mit·

130 725 176 770 tat
189 716 318 786 primum
332 713 490 784 lapidem.”

185 794 223 850 Et
241 793 332 849 tertio
347 792 558 864 quaesivimus,
575 790 681 845 “Num
695 801 796 845 vestra
810 788 916 860 religio
931 790 1022 844 docet
1043 789 1082 844 de
1103 788 1254 860 conjugiis

129 874 211 944 quod
227 873 288 928 sint
303 871 407 927 sanila
421 883 452 927 et
467 871 616 934 caelestia,
631 880 663 926 et
680 871 719 925 de
737 869 893 925 adulteriis
907 869 989 941 quod
1004 867 1066 924 sint
1081 867 1209 939 prolana
1223 880 1254 924 et

130 951 326 1007 infernalia?”

183 1030 233 1087 Ad
249 1031 324 1085 baec
340 1029 439 1100 plures
458 1029 488 1083 in
504 1030 592 1084 turba
606 1027 777 1084 cachinnati
793 1036 872 1089 sunt,
890 1026 1052 1089 irriserunt,
1065 1037 1098 1083 et
1112 1028 1254 1090 cavillati,

129 1110 274 1173 dicentes,
288 1117 304 1138 ‘⁴
313 1109 459 1180 inquirite
473 1108 523 1162 illa
536 1124 613 1178 quae
627 1107 780 1178 religionis
793 1117 864 1162 sunt
879 1123 897 1160 a
911 1108 1120 1162 sacerdotibus
1134 1108 1254 1169 nostris.

128 1198 161 1244 et
170 1205 230 1244 non
243 1204 262 1243 a
275 1189 377 1251 nobis;
397 1204 451 1242 nos
462 1203 583 1257 prorsus
592 1185 810 1257 acquiescimus
823 1185 852 1238 in
863 1185 963 1240 enatis
974 1186 1101 1247 illorum,
1111 1187 1184 1257 quia
1195 1202 1255 1241 non

129 1268 241 1339 aliquid
259 1267 411 1339 religionis
426 1267 508 1321 cadit
523 1267 553 1320 in
568 1265 680 1336 judicia
693 1264 876 1327 intelledlus3
898 1265 1094 1321 audivistisne
1109 1267 1194 1336 quod
1211 1267 1255 1321 in·

129 1345 268 1402 tellettus
282 1346 411 1401 insaniat
428 1346 457 1400 in
474 1345 632 1416 mysteriis,
646 1361 682 1399 ex
698 1344 806 1415 quibus
819 1354 865 1398 est
880 1354 948 1397 tota
960 1343 1088 1415 religio?
1127 1344 1166 1399 Et
1182 1346 1254 1416 quid

129 1424 284 1481 saetacum
292 1425 457 1496 religione?
473 1435 582 1479 suntne
592 1440 746 1478 murmura
755 1439 792 1478 ex
801 1424 893 1477 corde
901 1424 1013 1478 devota
1022 1424 1061 1478 de
1071 1424 1255 1494 expiatione,

129 1504 343 1566 satisfactione,
351 1515 383 1560 et
393 1504 601 1574 imputatione,
612 1519 688 1575 quae
696 1504 812 1557 animas
822 1501 1002 1564 beatificant,
1012 1512 1043 1557 et
1053 1519 1114 1557 non
1123 1520 1218 1575 opera
1225 1503 1256 1558 ?”

183 1583 244 1640 Sed
260 1595 333 1638 tunc
347 1593 539 1638 accesserunt
554 1582 646 1652 aliqui
665 1598 702 1636 ex
721 1581 907 1653 sapientibus
922 1581 1003 1636 urbis
1022 1582 1064 1636 ita
1082 1583 1208 1644 vocatis,
1224 1594 1256 1638 et

130 1664 278 1725 dixerunt,
294 1662 465 1716 “Recedite
481 1661 598 1721 abhinc.
613 1661 806 1715 excandescit
820 1662 917 1721 turba,
934 1660 967 1715 lit
989 1660 1071 1715 brevi
1087 1662 1256 1724 tumultus;

130 1743 338 1813 colloquamur
346 1742 385 1795 de
399 1740 455 1794 hac
465 1757 496 1795 re
506 1741 581 1802 soli;
595 1750 642 1795 est
651 1740 854 1795 ambulacrum
866 1749 936 1810 post
945 1740 1066 1803 curiam,
1077 1741 1256 1797 secedamus

130 1822 209 1883 illuc,
223 1822 323 1876 venite
337 1820 521 1875 nobiscum.”

184 1900 222 1955 Et
234 1900 330 1955 secuti
343 1915 463 1955 sumus:
481 1908 513 1954 et
524 1907 598 1953 tunc
610 1898 825 1970 quaesiverunt
837 1913 903 1961 nos,
914 1898 995 1954 unde
1007 1915 1120 1961 sumus,
1134 1900 1253 1972 etquid

133 1981 248 2052 negotii
262 1980 319 2034 hic.

184 2059 368 2121 Etdiximus,
376 2065 392 2087 ‘⁴
400 2057 443 2112 Ut
452 2056 842 2128 instruamurdeconjugiis,
850 2073 922 2112 num
932 2056 1068 2126 illaapud
1078 2074 1141 2120 vos,
1149 2075 1255 2130 quem·

129 2138 293 2193 admodum
306 2138 386 2207 apud
399 2137 549 2208 antiquos,
560 2137 611 2207 qui
626 2137 656 2190 in
669 2137 805 2197 saeculis,
815 2151 916 2198 aureo,
925 2147 1079 2207 argenteo,
1088 2147 1119 2192 et
1132 2153 1254 2209 cupreo,

129 2218 275 2278 vixerant,
289 2217 349 2272 sint
362 2214 570 2277 sandlimonia,
582 2215 631 2270 vel
647 2215 735 2270 non.”

185 2297 223 2351 Et
241 2296 467 2367 responderunt,
483 2293 587 2366 “Quid
603 2292 825 2350 santlimonia?
861 2293 977 2351 Suntne
991 2310 1084 2365 opera
1100 2295 1201 2351 carnis
1222 2306 1254 2351 et

130 2374 266 2431 notlis?”

184 2454 222 2510 Et
235 2453 497 2524 respondebamus,
511 2451 652 2507 “Suntne
665 2451 756 2506 etiam
769 2467 860 2523 opera
871 2450 1017 2522 spiritus?
1036 2463 1067 2507 et
1083 2452 1165 2523 quod
1181 2469 1254 2509 caro

129 2550 166 2590 ex
184 2535 290 2605 spiritu
306 2534 377 2604 agit,
392 2544 478 2588 estne
497 2533 527 2586 id
546 2531 722 2602 spirituale?
742 2543 774 2586 et
789 2532 912 2601 spiritus
927 2548 1017 2588 omne
1032 2533 1114 2602 quod
1129 2533 1201 2604 agit,
1217 2549 1255 2588 cx

129 2613 272 2684 conjugio
291 2613 361 2667 boni
381 2623 412 2667 et
430 2612 492 2666 veri
512 2612 590 2682 agit:
615 2621 701 2666 estne
720 2611 781 2665 hoc
799 2612 973 2682 conjugium
992 2611 1157 2681 spirituale,
1169 2613 1253 2682 quod

129 2693 223 2748 intrat
235 2692 408 2763 conjugium
422 2691 565 2752 naturale,
578 2690 660 2761 quod
673 2700 720 2745 est
734 2690 832 2745 mariti
845 2701 877 2745 ct
890 2691 1018 2745 uxoris.”

183 2773 232 2827 Ad
243 2772 317 2826 haec
327 2771 479 2840 sapientes
489 2770 531 2824 ita
539 2770 639 2824 vocati
651 2771 878 2840 responderunt,
890 2778 905 2799 ‘⁴
914 2769 1032 2825 Acuitis
1042 2781 1073 2825 et
1083 2770 1253 2827 sublimatis

129 2850 219 2905 nimis
235 2851 313 2904 hanc
329 2866 408 2912 rem;
427 2849 640 2903 transcenditis
655 2866 745 2919 supra
760 2849 916 2904 rationalia
931 2850 968 2902 ad
984 2849 1166 2919 spiritualia:
1185 2851 1253 2920 quis

130 2940 232 3002 potest
251 2929 291 2982 ibi
309 2929 457 2991 inchoare,
474 2929 542 2983 inde
558 2930 747 2990 descendere,
761 2940 792 2984 et
807 2929 849 2983 sic
863 2929 996 2998 judicare
1009 2929 1163 3000 aliquid?''
1196 2930 1253 2986 His

129 3009 343 3065 subsannando
361 3007 550 3070 addiderunt,
571 3007 685 3063 “Forte
704 3008 821 3063 habetis
839 3009 901 3063 alas
922 3009 1048 3079 aquilae,
1068 3019 1099 3063 et
1125 3011 1253 3079 potestis

128 3088 231 3142 volare
245 3087 274 3140 in
288 3103 427 3158 suprema
439 3086 559 3158 regione
572 3087 655 3150 caeli,
668 3097 699 3142 et
715 3088 881 3159 perspicere
893 3088 982 3150 talia;
1001 3104 1056 3143 nos
1072 3104 1132 3142 non
1147 3104 1252 3159 possu-

130 3165 225 3221 mus.”

184 3245 223 3300 Et
235 3253 307 3298 tunc
321 3244 490 3315 rogavimus
504 3245 578 3307 illos,
592 3255 626 3299 ut
639 3244 772 3300 dicerent
785 3260 821 3299 ex
836 3245 995 3300 altitudine
1008 3261 1060 3300 seu
1075 3246 1206 3317 regione,
1221 3248 1250 3302 in

129 3341 189 3396 qua
208 3325 346 3378 volucres
362 3325 446 3379 ideae
465 3325 611 3379 mentium
629 3325 746 3379 illorum
763 3325 875 3386 volant,
892 3342 962 3378 num
986 3327 1081 3380 sciant
1104 3336 1156 3380 aut
1178 3344 1249 3382 num

131 3404 246 3476 possint
258 3404 341 3463 scire.
353 3405 434 3474 quod
448 3405 538 3459 detur
549 3420 634 3460 amor
645 3405 822 3474 conjugialis
833 3404 920 3458 unius
931 3405 985 3458 viri
998 3422 1067 3459 cum
1080 3422 1140 3460 una
1150 3423 1251 3469 uxore,

130 3484 161 3538 in
174 3500 264 3555 quem
277 3484 404 3539 collatae
417 3495 488 3538 sunt
500 3500 606 3539 omnes
619 3484 829 3544 beatitudines,
844 3483 1022 3546 laustitates,
1035 3486 1250 3554 jucunditates.

129 3564 327 3618 amoenitates
346 3572 377 3618 et
395 3563 566 3632 voluptates
584 3564 675 3624 caeli:
699 3572 731 3617 et
751 3564 833 3633 quod
848 3563 897 3617 hic
912 3579 998 3617 amor
1016 3564 1055 3617 sit
1077 3580 1095 3618 a
1118 3564 1251 3619 Domino

129 3644 292 3699 secundum
311 3643 512 3714 receptionem
528 3643 645 3698 boniet
663 3643 726 3698 veri
745 3644 783 3698 ab
803 3643 881 3714 lpso,
898 3643 941 3697 ita
954 3645 1120 3699 secundum
1136 3655 1250 3700 statum

129 3723 281 3778 ecclesiae.

184 3803 241 3858 His
253 3802 364 3857 auditis
373 3811 545 3857 averterunt
556 3818 597 3861 se,
607 3810 638 3856 ct
651 3801 1033 3862 dixerunt,“1nsaniunthi
1047 3803 1117 3865 viri:
1137 3803 1251 3859 intrant

128 3884 279 3938 aetherem
288 3899 355 3936 cum
365 3898 421 3937 suo
429 3883 551 3952 judicio.
559 3893 590 3936 et
600 3883 775 3952 augurando
784 3893 1012 3953 vanaspargunt
1020 3883 1138 3938 nuces.”
1177 3884 1252 3939 Post

129 3961 204 4017 baec
218 3973 432 4017 converterunt
444 3977 477 4015 se
495 3961 532 4015 ad
552 3977 616 4022 nos,
628 3972 660 4016 et
675 3962 823 4022 dixerunt,
838 3961 1124 4032 “Respondebimus
1137 3962 1251 4018 diretle

128 4043 166 4096 ad
176 4051 303 4097 ventosa
312 4051 412 4095 vestra
421 4040 545 4110 auguria
553 4050 584 4095 et
593 4039 736 4095 somnia,''
768 4040 805 4095 Et
815 4040 963 4101 dixerunt,
977 4040 1080 4112 “Quid
1090 4058 1251 4098 commune

129 4122 220 4177 habet
235 4137 320 4176 amor
333 4121 512 4191 conjugialis
526 4137 594 4175 cum
611 4121 762 4191 religione,
776 4130 808 4175 et
825 4137 894 4175 cum
911 4122 1106 4191 inspiratione
1125 4138 1143 4175 a
1162 4122 1251 4178 Deo?

130 4201 242 4254 Annon
262 4216 347 4254 amor
366 4200 415 4254 ille
439 4200 518 4269 apud
540 4201 770 4268 unumquemvis
792 4211 839 4255 est
863 4201 1029 4254 secundum
1048 4212 1161 4255 statum
1184 4203 1251 4272 ejus

130 4279 302 4349 potentiae?
341 4278 435 4333 Estne
449 4294 545 4349 aeque
557 4279 637 4347 apud
655 4279 721 4334 illos
740 4279 790 4349 qui
811 4291 895 4334 extra
909 4280 1065 4335 ecclesiam
1081 4290 1153 4347 sunt
1168 4280 1248 4336 sicut

128 4360 207 4429 apud
228 4360 294 4413 illos
313 4359 363 4430 qui
389 4360 481 4417 intra:
504 4374 599 4428 aeque
620 4360 698 4428 apud
720 4371 826 4429 gentes
846 4360 922 4413 sicut
941 4361 1020 4429 apud
1040 4359 1250 4417 Christianos?

128 4440 229 4504 immo,
240 4455 334 4511 aeque
345 4439 426 4511 apud
439 4439 547 4510 impios
557 4438 635 4494 sicut
644 4440 723 4510 apud
734 4438 820 4511 pios?
837 4439 929 4495 Estne
940 4440 1034 4494 cuivis
1046 4441 1124 4496 illius
1134 4441 1247 4497 amoris
