2782 5026
140 405 203 488 37⁸
473 414 722 469 votuerarss
744 415 930 468 mannua

201 603 306 675 494.
330 588 431 673 (xiv.)
458 588 556 668 Quod
565 588 734 654 adulteria
751 589 848 654 tertii
861 599 894 654 et
910 589 1031 673 quarti
1037 590 1179 672 gradu
1195 592 1259 657 siat

137 685 230 751 mala
247 684 386 768 peccati,
405 695 567 768 quantum
589 695 622 748 et
642 685 741 768 quale
761 685 945 749 intellectus
966 695 1000 749 et
1021 686 1208 752 voluntatis
1227 688 1259 752 in

136 782 208 846 r'llrk
222 791 283 857 est,
296 781 369 844 sive
381 781 567 864 adsistant,
581 781 654 845 sine
666 781 745 844 aliu
759 801 822 843 non
828 778 1081 864 fiant-Quod
1094 783 1259 847 adulteria

136 877 280 941 rationis
302 897 362 940 seu
385 873 596 951 intellectus,
614 896 701 959 quae
719 887 799 940 sunt
823 876 917 940 tertii
940 877 1082 958 gradus,
1100 897 1143 942 ac
1166 878 1259 942 adul·

136 974 224 1037 teria
241 971 444 1046 voluntatis,
460 991 549 1054 quae
567 981 649 1035 sunt
666 972 780 1055 quarti
798 971 937 1053 gradus,
954 973 1148 1037 secundum
1163 974 1259 1056 quale

135 1065 334 1131 intellectus
352 1076 389 1132 et
412 1066 604 1130 voluntatis
627 1067 661 1129 in
684 1066 753 1130 illis
770 1067 841 1130 sint
860 1068 989 1149 gravia,
1009 1080 1260 1152 consequenter

136 1163 227 1227 mala
239 1164 385 1246 peccati,
399 1184 445 1227 ex
461 1163 758 1227 commentatione
770 1162 814 1226 de
827 1161 894 1226 illis
905 1183 1009 1244 supra
1022 1161 1072 1242 (n.
1082 1164 1259 1246 490-493),

134 1259 243 1322 videri
262 1268 400 1340 potest;
427 1267 616 1332 causaest,
636 1259 717 1341 quia
735 1257 840 1321 homo
860 1269 916 1322 est
938 1258 1045 1323 homo
1067 1281 1115 1323 ex
1139 1262 1259 1323 volun·

134 1362 209 1418 tate
225 1362 261 1416 et
277 1351 477 1431 intelle6iu3
501 1372 581 1417 nam
598 1373 643 1416 ex
660 1352 727 1416 illis
743 1352 875 1417 duobus
892 1373 961 1417 non
978 1354 1091 1418 solum
1103 1356 1260 1419 existunt

133 1448 251 1511 omnia
269 1468 356 1530 quae
375 1446 460 1511 fiunt
479 1448 514 1511 in
534 1458 662 1521 mente,
679 1447 741 1511 sed
760 1449 865 1511 etiam
882 1450 999 1512 omnia
1014 1469 1103 1532 quae
1123 1448 1210 1514 liunt
1226 1451 1259 1514 in

133 1561 276 1624 corpore
291 1565 299 1621 ;
323 1543 398 1626 quis
416 1563 485 1606 non
503 1544 610 1618 novit,
628 1544 719 1626 quod
738 1562 862 1625 corpus
877 1562 948 1607 non
964 1555 1049 1625 agat
1068 1565 1117 1608 ex
1136 1565 1186 1618 se,
1200 1543 1260 1608 sed

132 1637 293 1701 voluntas
310 1637 531 1721 percorpus?
555 1649 628 1702 tum
644 1637 738 1720 quod
752 1657 793 1702 os
811 1657 881 1702 non
900 1659 946 1703 ex
969 1659 1007 1702 se
1024 1639 1187 1722 loquatur
1201 1638 1259 1702 sed

132 1734 301 1815 cogitatio
323 1754 383 1817 per
401 1733 463 1797 os?
493 1754 597 1817 quare
619 1735 648 1796 si
671 1733 860 1798 auferretur
881 1734 1055 1808 voluntas,
1080 1746 1260 1800 momento

86 1828 89 1833 ’
130 1829 335 1893 subsisteret
352 1827 463 1907 actim
487 1839 523 1893 et
539 1829 567 1892 si
586 1829 775 1892 auferretur
791 1830 970 1911 cogitatio,
983 1841 1166 1895 momento
1181 1831 1260 1894 sub·

131 1924 271 1989 sisteret
294 1923 432 2007 loquela
449 1925 538 1987 oris:
569 1924 649 1988 inde
672 1923 775 2006 plane
797 1925 941 1989 evidens
958 1934 1024 2001 est,
1044 1927 1139 2008 quod
1162 1925 1260 1990 adul-

132 2021 232 2095 teria,
256 2041 343 2104 quae
367 2017 445 2084 actu
468 2018 564 2094 fiunt,
585 2021 703 2101 gravia
726 2020 797 2085 sint
820 2021 1008 2084 secundum
1032 2031 1202 2104 quantum
1225 2032 1261 2086 et

130 2116 231 2198 quale
254 2113 453 2180 intellectus
475 2126 512 2178 et
530 2114 723 2179 voluntatis
746 2116 780 2178 in
803 2114 871 2179 illis
888 2126 965 2194 est;
987 2117 1082 2199 quod
1101 2118 1262 2181 similiter

129 2211 249 2293 gravia
265 2212 346 2287 sint,
360 2212 388 2273 si
404 2211 527 2275 eadem
543 2229 612 2275 non
629 2208 708 2274 adiu
724 2208 821 2286 fiunt,
832 2221 971 2276 constat
985 2232 1033 2275 ex
1048 2211 1104 2275 his
1118 2211 1261 2276 Domini

128 2307 263 2371 verbis:

180 2436 195 2460 ‘⁸
205 2431 314 2484 Didium
326 2443 397 2483 esta
409 2435 555 2490 ueteribus,
568 2431 630 2483 Non
644 2432 848 2492 moechaberis:
868 2431 926 2496 Ego
939 2447 1005 2482 vero
1017 2433 1079 2482 dico
1091 2434 1180 2493 vobis,
1189 2435 1260 2498 quod

260 2501 284 2550 si
299 2500 359 2564 quia
372 2500 510 2562 aspexerit
524 2500 665 2549 mulierem
680 2500 800 2557 alterius,
813 2500 851 2548 ita
869 2510 899 2549 ιιι
916 2499 1092 2562 concupiscat
1106 2501 1191 2559 illam,
1203 2501 1259 2565 jam

259 2566 420 2616 adulterium
432 2580 493 2614 cum
507 2565 553 2614 illa
565 2566 731 2615 commiserit
743 2565 772 2614 in
783 2566 866 2614 corde
874 2564 889 2584 ''
901 2564 1010 2627 (Marta.
1023 2580 1048 2617 v.
1062 2577 1102 2626 27,
1116 2566 1178 2629 28);

131 2680 266 2744 “corde
298 2681 518 2744 committere
547 2678 786 2754 adulterium,’'
819 2689 876 2743 est
917 2679 1112 2743 voluntate.
1170 2678 1259 2745 Sunt

129 2776 262 2840 multae
281 2796 416 2849 causae,
437 2796 524 2858 quae
554 2776 695 2849 iaciunt,
715 2774 808 2857 quod
837 2774 974 2838 adulter
1003 2794 1074 2837 non
1105 2775 1151 2838 sit
1180 2774 1261 2840 adiu

128 2871 275 2944 adulter,
296 2880 331 2935 et
357 2892 462 2953 usque
481 2870 663 2934 voluntate
686 2890 726 2934 ac
750 2867 950 2948 intellectu3
981 2880 1061 2934 sunt
1086 2871 1180 2934 enim
1204 2874 1260 2955 qui

128 2967 307 3030 abstinent
323 2967 367 3029 ab
383 2965 561 3029 adulteriis
573 2966 687 3047 quoad
699 2963 826 3039 actum,
840 2985 886 3028 ex
903 2967 1028 3028 timore
1046 2965 1135 3047 legis
1148 2967 1259 3030 civilis

128 3070 165 3126 et
181 3059 253 3143 ejus
266 3080 452 3143 poenarum
466 3083 473 3139 ;
498 3082 544 3124 ex
561 3062 686 3125 timore
698 3058 853 3143 jacturae
868 3060 980 3124 lamae
995 3070 1032 3124 et
1049 3061 1129 3125 inde
1147 3062 1260 3126 hono·

128 3156 196 3234 ris;
226 3177 271 3219 ex
296 3157 419 3219 timore
439 3157 636 3218 morborum
659 3177 705 3219 ex
728 3156 817 3231 illis;
852 3177 898 3219 ex
921 3157 1045 3220 timore
1065 3155 1259 3238 jurgiorum

129 3252 223 3315 domi
243 3252 286 3314 ab
306 3272 424 3324 uxore,
443 3263 478 3315 et
499 3252 578 3315 inde
598 3251 898 3334 intranquillitatis
916 3252 1033 3329 vitae,
1065 3272 1113 3315 ex
1132 3254 1260 3318 timore

128 3344 301 3411 vindictae
330 3367 351 3409 a
381 3348 507 3410 marito
530 3359 588 3410 aut
611 3348 656 3411 ab
678 3347 791 3421 affine,
816 3347 867 3411 ita
890 3367 1027 3429 quoque
1057 3368 1104 3411 ex
1132 3350 1260 3414 timore

128 3442 308 3506 verberum
338 3462 359 3504 a
388 3441 544 3518 famulis;
579 3464 624 3506 ex
655 3452 829 3524 egestate,
853 3453 912 3506 aut
934 3463 980 3505 ex
1010 3443 1181 3521 avaritia;
1213 3465 1260 3508 ex

128 3537 370 3601 imbecillitate
390 3538 533 3600 oriunda
551 3537 606 3600 vel
626 3559 671 3601 ex
692 3539 826 3611 morbo,
846 3537 902 3601 vel
926 3558 972 3601 ex
991 3538 1110 3611 abusu,
1132 3539 1189 3603 vel
1213 3561 1260 3604 ex

128 3642 259 3708 aetate,
279 3634 334 3697 vel
354 3655 399 3696 ex
418 3635 638 3715 impotentia,
658 3645 694 3698 et
718 3635 798 3697 inde
817 3634 966 3716 pudore:
991 3634 1020 3696 si
1039 3635 1115 3716 quis
1135 3656 1181 3698 ex
1206 3635 1260 3699 his

128 3739 165 3792 et
184 3728 348 3811 parilibus
366 3730 478 3792 causis
497 3729 540 3791 ab
560 3729 739 3792 adulteriis
759 3727 837 3793 actu
861 3749 898 3792 se
920 3728 1062 3802 retinet,
1081 3739 1119 3793 et
1139 3738 1258 3794 tamen

127 3823 312 3887 voluntate
342 3833 378 3887 et
409 3820 589 3887 intelle6lu
612 3844 674 3905 pro
697 3823 765 3888 illis
794 3833 861 3897 est,
880 3842 988 3904 usque
1011 3833 1067 3886 est
1096 3823 1258 3902 adulter;

128 3919 352 3982 nihilominus
375 3920 466 3982 enim
491 3919 600 3981 credit
625 3918 717 4001 quod
748 3938 818 3982 non
848 3927 995 4002 peccata
1021 3919 1104 3992 sint,
1130 3929 1168 3983 et
1198 3917 1259 3982 illa

128 4033 246 4077 coram
264 4015 340 4077 Deo
356 4034 424 4077 non
442 4013 562 4077 illicita
578 4013 660 4078 facit
679 4014 713 4077 in
732 4034 794 4077 suo
811 4014 941 4096 spiritu,
958 4023 995 4078 ct
1012 4014 1061 4078 sic
1081 4015 1115 4077 in
1135 4014 1258 4096 spiritu

128 4111 319 4173 committit
338 4110 408 4184 illa,
428 4110 570 4172 tametsi
590 4130 659 4172 non
679 4128 822 4190 corpore
841 4128 957 4172 coram
976 4111 1126 4173 mundo:
1152 4128 1258 4192 quare

128 4217 209 4287 post
230 4217 389 4280 mortem,
411 4225 488 4268 cum
508 4204 546 4268 fit
566 4206 715 4287 spiritus,
736 4215 857 4285 aperte
877 4204 1028 4286 loquitur
1046 4225 1108 4286 pro
1128 4204 1208 4268 illis.

191 4315 295 4384 495·
320 4299 409 4381 (xv.)
437 4299 534 4377 Quod
552 4300 722 4364 adulteria
744 4321 786 4361 ex
810 4299 984 4379 proposito
1005 4299 1202 4374 voluntatis,
1225 4308 1259 4361 et

128 4394 296 4457 adulteria
311 4417 353 4457 ex
367 4395 611 4479 confirmatione
623 4395 815 4469 intellelius¹
831 4395 975 4458 reddant
989 4394 1141 4462 homines
1154 4404 1253 4459 reatu·
