2782 5026
172 458 238 524 240
420 476 424 481 ·
520 455 704 506 DELICIAE
727 455 956 507 SAPIENTIAE

170 623 351 689 stabiliunt
376 621 485 686 illurn.
533 622 708 705 Quoniam
731 624 931 689 essentialia
952 624 1071 688 insunt
1097 624 1232 708 nuptiis,
1251 632 1301 688 e(

169 719 331 802 quoniam
355 738 424 781 non
448 718 540 800 prius
568 738 670 801 quam
693 729 774 800 post
795 719 873 782 illas
895 718 933 782 fit
954 718 1150 801 legitimum
1177 719 1285 801 conju-

168 816 276 895 gium,
300 814 379 876 ideo
401 815 506 876 etiarn
529 814 670 894 nuptiae
692 813 913 877 celebrantur
935 814 970 878 in
991 815 1099 878 caelis
1122 815 1287 897 (videatur
1371 802 1378 812 ¹

167 928 284 990 supra,
302 927 334 971 n.
351 923 388 971 21
407 928 415 985 ;
438 917 474 970 et
493 919 573 989 post
591 907 663 981 illa,
682 928 714 971 n.
732 908 867 990 27-41).

231 1019 332 1088 3⁰7.
366 1003 444 1088 (xi.)
472 1003 569 1082 Quod
586 1014 665 1067 ante
688 1003 935 1068 celebrationem
960 1005 1159 1087 nuptiarum
1172 1006 1290 1087 foedus

166 1098 352 1182 conjuga‘ale
367 1100 586 1179 pangendum
615 1099 718 1162 sitin
740 1101 936 1181 praescnte'a
958 1101 1291 1184 testeiam—Oportet

168 1205 205 1257 ut
224 1193 344 1257 foedus
364 1193 559 1275 conjugiale
578 1205 753 1276 pangatur
767 1206 955 1277 antequam
971 1196 1194 1260 celebrantur
1209 1217 1292 1279 nup·

168 1291 250 1364 tiae,
272 1300 308 1353 ut
328 1291 454 1352 amoris
477 1310 557 1353 vere
580 1289 782 1371 conjugialis
806 1299 941 1353 statuta
964 1300 1000 1354 et
1024 1291 1122 1373 leges
1145 1312 1293 1374 cognos-

167 1394 301 1455 cantur,
326 1394 361 1448 et
392 1383 528 1447 illorum
552 1385 775 1448 recordentur
798 1396 878 1468 post
903 1387 1060 1468 nuptias;
1092 1397 1167 1450 tum
1191 1398 1230 1451 ut
1251 1389 1293 1450 sit

167 1479 343 1542 vinculum
360 1479 402 1542 ad
416 1478 546 1560 justum
563 1479 756 1561 conjugium
773 1491 909 1544 mentes
925 1483 1191 1564 constringens;
1215 1501 1292 1545 nam

169 1584 248 1658 post
280 1575 396 1655 aliqua
426 1575 643 1637 initiamenta
673 1574 820 1656 conjugii
851 1596 911 1657 per
939 1577 1033 1639 vices
1062 1577 1152 1640 redit
1182 1586 1292 1640 status

167 1669 380 1753 praecedens
407 1669 725 1750 desponsationem,
754 1670 787 1732 in
811 1690 879 1752 quo
909 1672 997 1753 perit
1025 1673 1235 1747 recordatio,
1257 1681 1292 1734 et

167 1764 259 1828 subit
276 1763 403 1827 oblivio
419 1763 566 1826 foederis
583 1762 695 1845 pactu
719 1765 825 1827 immo
843 1784 888 1827 ex
907 1762 1164 1830 alledlamentis
1180 1766 1224 1829 ab
1242 1766 1291 1828 in·

167 1860 274 1923 castis
293 1859 336 1921 ad
354 1859 488 1922 incasta
510 1858 548 1921 fit
568 1857 783 1922 oblitteratio
802 1857 883 1940 ejus,
904 1869 940 1922 et
959 1860 987 1922 si
1007 1869 1089 1923 tunc
1108 1871 1292 1924 revocatur

47 1998 49 2006 .
167 1954 200 2015 in
224 1954 434 2026 memoriam,
454 1951 492 2015 fit
516 1953 723 2034 vituperatio
746 1951 835 2034 ejus:
859 1953 920 2015 sed
944 1954 988 2016 ad
1011 1953 1073 2017 has
1096 1965 1290 2038 transgres-

166 2048 281 2111 siones
303 2049 511 2112 avertendas
534 2048 607 2129 ipsa
631 2048 779 2111 societas
798 2047 946 2111 tutelam
968 2048 1058 2112 illius
1087 2048 1236 2114 foederis
1257 2051 1288 2114 in

165 2163 202 2206 se
218 2144 381 2224 suscepit,
395 2151 431 2206 et
448 2142 573 2205 indixit
587 2161 716 2223 poenas
732 2138 932 2205 [tardioribus
948 2141 1028 2224 ejus.
1074 2142 1205 2217 Verbo,
1218 2144 1286 2208 soe·

165 2239 228 2301 dus
246 2236 486 2319 antenuptiale
510 2237 708 2299 manifestat
731 2237 865 2299 sancita
887 2237 1013 2299 amoris
1031 2257 1112 2300 vere
1135 2238 1287 2321 conjugi·

164 2332 238 2406 alis,
264 2332 395 2395 stabilit
419 2331 489 2403 illa,
513 2352 553 2394 ac
578 2331 756 2394 libertinos
779 2331 822 2393 ad
846 2331 1044 2413 obsequium
1067 2331 1206 2397 illorum
1229 2335 1287 2397 ad·

165 2429 322 2508 stringit:
354 2427 501 2497 accedit,
526 2427 617 2508 quod
648 2445 707 2507 per
737 2426 856 2489 foedus
885 2425 963 2499 hoc,
990 2424 1044 2507 jus
1072 2429 1285 2510 propagandi

164 2522 300 2597 liberos,
332 2541 371 2584 ac
406 2520 520 2584 liberis
550 2519 603 2601 jus
636 2520 851 2583 hereditandi
885 2519 977 2583 bona
1006 2531 1201 2602 parentum,
1229 2521 1286 2585 fiat

164 2616 367 2698 legitimum.

225 2711 330 2792 308.
362 2708 452 2793 (xii.)
480 2709 578 2788 Quod
595 2709 780 2794 conflagrem
802 2731 825 2772 a
846 2710 1287 2774 sacerdoteconsecrandrrm

163 2805 374 2870 sit-Causa
393 2815 458 2879 est,
479 2807 557 2888 quia
575 2805 734 2886 conjugia
758 2806 791 2868 in
815 2825 851 2867 se
874 2803 1031 2887 spectata
1051 2817 1131 2869 sunt
1149 2808 1286 2889 spiritu·

163 2901 241 2973 alia,
255 2912 290 2963 et
309 2900 387 2964 inde
401 2898 540 2977 sanctu
564 2900 780 2963 descendunt
797 2900 886 2962 enim
904 2921 948 2962 ex
966 2900 1110 2963 caelesti
1128 2901 1287 2984 conjugio

162 2996 243 3058 boni
263 3005 298 3058 et
315 2996 396 3068 veri,
414 3016 453 3058 ac
474 2994 680 3078 conjugialia
695 2995 967 3076 correspondent
985 2994 1112 3057 Divino
1128 2996 1287 3079 conjugio

163 3091 301 3153 Domini
321 3101 357 3154 et
381 3090 581 3169 Ecclesiae3
605 3099 640 3154 et
662 3090 742 3152 inde
766 3089 825 3151 illa
848 3099 928 3152 sunt
952 3090 995 3152 ab
1020 3089 1101 3170 Ipso
1125 3089 1286 3166 Domino,

161 3197 197 3249 et
218 3187 405 3250 secundum
425 3196 556 3249 statum
577 3185 744 3248 ecclesiae
767 3184 858 3266 apud
882 3184 1140 3247 contrahentes,
1188 3184 1287 3249 Nunc

161 3282 239 3363 quia
258 3280 513 3344 ecclesiasticus
530 3281 616 3343 ordo
634 3281 668 3342 in
687 3280 787 3343 terris
804 3279 977 3341 ministrat
993 3278 1052 3340 illa
1068 3299 1157 3360 quae
1172 3299 1287 3344 sacer·

161 3377 246 3440 dotii
274 3386 353 3440 sunt
384 3376 473 3458 apud
505 3376 702 3450 Dominum,
727 3374 793 3437 hoc
820 3383 884 3447 est,
909 3393 996 3455 quae
1027 3373 1138 3455 Ipsius
1161 3376 1292 3438 amoris

161 3483 252 3546 sunt,
273 3473 321 3535 ita
341 3492 475 3554 quoque
499 3471 558 3534 illa
582 3491 668 3552 quae
691 3466 940 3533 benedictionis
963 3477 1054 3542 sunt,
1075 3478 1229 3549 oportet,
1250 3481 1286 3533 ut

160 3566 318 3648 conjugia
348 3588 367 3628 a
398 3567 562 3629 ministris
593 3565 703 3646 Ipsius
733 3573 995 3639 consecrentur;
1026 3573 1062 3626 et
1092 3564 1173 3645 quia
1204 3576 1286 3628 tunc

159 3663 264 3725 etiarn
289 3672 369 3725 sunt
393 3662 507 3743 capita
531 3661 684 3733 testium,
705 3669 742 3722 ut
767 3677 955 3722 consensus
978 3657 1124 3721 foederis
1148 3657 1286 3722 abillis

159 3758 265 3820 etiarn
295 3757 460 3831 audiatur,
493 3765 704 3837 acceptetur,
737 3753 901 3830 firmetur,
936 3763 970 3817 et
1003 3754 1050 3816 sic
1081 3753 1287 3819 constabili·

159 3861 246 3916 atur.

221 3959 329 4027 3⁰9.
353 3945 453 4029 (xiii.)
481 3943 579 4022 Quod
600 3944 738 4026 nuptiae
762 3964 834 4008 cum
851 3942 1045 4024 festivitate
1069 3939 1289 4008 celebrandae

158 4040 415 4107 sina—Causae
432 4052 523 4114 sunt,
537 4041 615 4124 quia
631 4061 728 4104 amor
743 4038 1002 4121 antenuptialis,
1016 4038 1072 4120 qui
1084 4036 1148 4101 t'uit
1166 4039 1287 4121 sponsi

159 4147 195 4201 et
218 4158 375 4220 sponsae,
400 4149 481 4200 tunc
506 4136 685 4199 descendit
709 4136 743 4197 in
772 4134 908 4196 illorum
931 4133 1046 4206 corda,
1067 4140 1104 4194 et
1134 4152 1196 4214 per
1219 4134 1285 4197 cir·

159 4233 450 4314 cumsparsionem
479 4231 551 4312 ejus
584 4231 663 4294 inde
693 4229 876 4292 universim
906 4228 940 4290 in
970 4246 1104 4308 corpus,
1136 4226 1285 4292 deliciae

158 4327 307 4410 conjugii
324 4329 528 4399 sentiuntur,
546 4347 590 4390 ex
608 4326 727 4408 quibus
744 4323 878 4387 illorum
895 4330 1030 4385 mentes
1046 4321 1170 4385 festiva
1186 4324 1283 4404 cogi·

159 4433 249 4502 tant,
270 4433 306 4488 et
325 4443 459 4508 quoque
483 4442 519 4485 se
543 4423 577 4484 in
600 4421 791 4495 festivates,
811 4427 977 4501 quantum
1000 4416 1083 4480 licet
1106 4425 1144 4480 et
1167 4417 1283 4495 decet,
