2782 5026
359 462 909 528 nuauouucouJucmu1.-u.
932 464 1001 532 345.
1173 471 1233 536 275

108 634 184 699 riori
203 635 310 699 caelo
331 635 448 698 vivant
471 654 548 698 cum
568 635 718 717 pluribus
740 644 811 698 tam
830 635 994 699 uxoribus
1013 656 1114 719 quam
1134 639 1234 720 pelli·

110 733 202 794 cibus
222 731 318 795 sicut
342 732 375 793 in
399 731 547 807 mundo;
576 741 612 793 at
637 732 728 813 quod
752 730 800 794 illi
823 733 878 814 qui
897 731 1060 796 abdicant
1080 735 1232 816 pellices,

111 836 145 890 et
175 845 254 889 cum
279 846 349 889 una
373 847 479 889 uxore
502 827 631 899 vivunt,
655 828 688 889 in
712 825 845 888 caelum
869 827 1021 908 superius
1043 827 1232 894 eleventur.

111 921 238 984 Audivi
255 922 362 984 etiam
382 922 471 1003 quod
491 921 559 983 iilis
578 920 789 1003 impossibile
808 921 854 984 sit
874 921 1029 1002 cogitare
1047 923 1232 988 Dominum

111 1026 266 1079 nostrum
284 1035 388 1078 unum
407 1035 483 1078 cum
504 1015 580 1078 Deo
598 1016 709 1089 Patre,
727 1015 787 1077 sed
804 1017 895 1097 quod
916 1016 983 1078 illis
1000 1017 1165 1099 possibile
1185 1022 1231 1084 sit

110 1111 266 1191 cogitare
288 1111 403 1192 Ipsum
423 1110 614 1192 aequalem,
633 1120 705 1173 tum
722 1111 812 1193 quod
833 1110 902 1192 Ipsi
922 1111 1042 1175 datum
1059 1113 1104 1177 sit
1120 1114 1231 1178 domi·

110 1205 201 1268 nium
215 1224 318 1287 super
334 1205 467 1269 caelum
483 1215 518 1268 et
536 1214 673 1276 terram,
687 1207 765 1286 quia
783 1204 889 1268 Filius
903 1204 1013 1288 Ipsius
1029 1217 1103 1285 est;
1127 1229 1231 1291 quare

109 1298 195 1362 haec
214 1299 300 1362 fides
318 1300 407 1379 apud
427 1299 504 1362 illos
523 1310 588 1373 est,
608 1299 728 1382 quibus
746 1318 908 1362 ascensus
926 1303 960 1363 in
979 1303 1133 1383 superius
1151 1324 1230 1367 cae·

110 1394 178 1457 lum
198 1415 219 1457 a
238 1396 388 1458 Domino
407 1395 518 1457 datur.

169 1503 273 1574 344.
305 1489 489 1570 Quondam
519 1490 639 1553 datum
668 1498 722 1553 est
749 1490 830 1552 mihi
853 1492 1028 1574 percipere
1044 1493 1154 1575 qualis
1172 1505 1228 1559 est

108 1583 203 1647 calor
218 1586 344 1647 amoris
356 1584 557 1665 conjugialis
571 1584 844 1666 polygamorum.
889 1585 1043 1649 Locutus
1060 1607 1133 1651 sum
1150 1608 1228 1654 cum

108 1697 185 1750 uno,
207 1679 262 1760 qui
285 1681 396 1742 vicem
416 1678 632 1742 Mahumedis
651 1679 778 1756 obivit;
806 1680 878 1761 ipse
897 1679 1123 1745 Mahumedes
1146 1703 1228 1745 nus·

108 1792 209 1854 quam
220 1774 332 1848 adest,
347 1775 407 1837 sed
421 1776 566 1837 vicarius
580 1773 657 1837 loco
673 1773 744 1854 ejus
756 1776 965 1838 substitutus
977 1786 1044 1849 est,
1058 1777 1104 1840 ob
1122 1775 1225 1842 finem

107 1876 143 1931 ut
162 1879 322 1931 recentes
337 1889 356 1931 e
373 1870 500 1931 mundo
513 1870 602 1931 sicut
614 1869 755 1932 videant
772 1868 888 1948 illum;
912 1870 1055 1933 vicarius
1071 1870 1129 1934 ille
1146 1882 1226 1953 post

108 1963 255 2046 aliquam
275 1962 447 2045 loquelam
470 1984 489 2027 e
513 1963 679 2045 longinqo
698 1983 775 2027 cum
795 1962 867 2038 illo,
888 1966 1080 2028 transmisit
1103 1967 1145 2028 ad
1170 1986 1225 2030 me

108 2057 285 2121 cochleare
302 2059 460 2132 ebenum,
478 2067 513 2121 et
527 2058 605 2130 alia,
619 2078 706 2139 quae
722 2068 821 2121 erant
837 2058 962 2121 indicia
977 2060 1068 2141 quod
1085 2060 1129 2123 ab
1144 2060 1224 2138 illo;

108 2162 140 2216 et
162 2153 264 2215 simul
283 2161 365 2216 tunc
384 2163 504 2235 aperta
523 2161 577 2216 est
597 2153 865 2215 communicatio
883 2174 945 2235 pro
963 2152 1078 2218 calore
1097 2157 1224 2219 amoris

108 2247 307 2328 coniugialis
330 2247 463 2310 illorum
488 2248 553 2324 ibi;
587 2257 622 2310 et
650 2246 752 2310 illea
775 2267 829 2310 me
853 2257 1036 2330 perceptus
1058 2259 1113 2313 est
1135 2250 1223 2313 sicut

108 2342 252 2406 calidum
271 2342 385 2406 balnei
405 2341 570 2418 fetidum;
594 2363 661 2423 quo
672 2337 948 2405 ¹¹¹sentitoaverti
962 2361 1026 2419 me,
1051 2353 1087 2406 et
1110 2345 1222 2407 aditus

108 2439 410 2501 communicativus
430 2436 586 2499 occlusus
606 2447 669 2499 est.

164 2546 265 2616 345·
290 2531 356 2613 (x.)
384 2530 481 2608 Quod
495 2531 691 2612 polygumia
713 2529 761 2593 sit
784 2529 938 2607 lascivia,
962 2541 1016 2596 est
1046 2533 1123 2615 quia
1151 2532 1222 2614 ejus

108 2646 198 2690 umor
220 2636 274 2691 est
297 2628 425 2689 divisus
448 2628 538 2689 inter
562 2637 685 2706 plures,
710 2635 744 2689 et
766 2635 819 2688 est
843 2645 940 2689 amor
963 2647 1077 2700 sexus,
1098 2638 1221 2709 estque

108 2741 197 2785 amor
215 2724 351 2786 externi
375 2743 435 2785 seu
458 2720 622 2784 naturalis
645 2721 805 2794 hominis,
824 2731 860 2783 et
884 2722 931 2784 sic
956 2741 1024 2783 non
1047 2731 1100 2786 est
1124 2742 1222 2786 amor

109 2817 312 2899 coniugialis,
337 2818 393 2898 qui
417 2818 514 2879 unice
538 2817 637 2878 datur
659 2824 783 2878 castus.
829 2813 931 2895 Quod
955 2836 1051 2879 amor
1073 2817 1219 2898 polyga-

110 2912 206 2976 rnicus
229 2914 275 2975 sit
298 2930 395 2974 amor
413 2912 539 2974 divisus
563 2911 652 2973 inter
671 2909 793 2990 plures,
812 2919 932 2972 notum
952 2920 1027 2988 est;
1058 2931 1097 2974 ac
1122 2930 1221 2974 amor

111 3003 226 3070 divisus
250 3027 319 3070 non
343 3016 397 3070 est
423 3026 519 3069 amor
542 3005 754 3086 conjugialis,
779 3014 833 3068 est
860 3006 950 3068 enim
974 3005 1028 3068 hic
1052 3025 1148 3069 amor
1174 3007 1220 3068 ab

111 3116 167 3164 una
188 3123 207 3166 e
231 3123 318 3165 sexu
341 3120 409 3164 non
434 3101 601 3173 dividuus,
623 3101 702 3163 inde
726 3098 784 3162 ille
807 3118 903 3163 amor
925 3108 978 3163 est
1003 3099 1162 3175 lascivus,
1182 3111 1219 3166 et

108 3196 295 3278 polygamia
311 3207 365 3260 est
382 3196 530 3259 lascivia.
577 3193 679 3276 Quod
695 3213 792 3256 amor
808 3192 1045 3275 polygamicus
1062 3196 1106 3258 sit
1122 3216 1219 3260 amor

108 3301 211 3365 flexus,
233 3299 286 3355 est
304 3293 382 3372 quia
401 3291 445 3354 ab
463 3291 529 3353 hoc
545 3289 658 3362 differt
673 3288 902 3362 solummodo,
919 3289 1010 3371 quod
1027 3290 1070 3353 sit
1089 3290 1217 3354 limita·

110 3399 155 3447 us
175 3387 218 3449 ad
242 3405 418 3449 numerum
441 3403 543 3468 quem
567 3385 772 3467 polygamus
791 3393 908 3465 potest
932 3385 1148 3463 adsciscere;
1179 3397 1216 3452 et

110 3483 187 3545 uod
206 3479 392 3546 adstriclus
409 3483 453 3544 sit
472 3481 515 3543 ad
535 3480 702 3562 quasdam
718 3478 814 3560 leges
831 3488 971 3561 propter
986 3479 1113 3542 bonum
1130 3480 1216 3562 pub·

108 3589 197 3641 cum
218 3578 308 3641 latas
324 3597 331 3653 ;
355 3586 429 3640 tum
448 3576 538 3658 quod
563 3575 666 3637 liceat
685 3574 946 3655 superinducere
965 3573 1107 3656 pellices
1127 3595 1215 3636 uxo-

108 3663 208 3750 bus;
242 3681 278 3736 et
309 3672 356 3734 sic
387 3672 465 3758 quia
492 3679 545 3732 est
580 3688 677 3732 amor
699 3688 815 3743 sexus,
839 3677 893 3731 est
924 3687 1020 3731 amor
1043 3667 1213 3731 lasciviae.

108 3766 198 3829 luod
221 3786 318 3830 amor
340 3765 579 3849 polygamicus
609 3765 654 3827 sit
684 3783 781 3826 amor
802 3763 939 3827 externi
961 3782 1022 3826 seu
1049 3763 1215 3826 naturalis

108 3864 251 3937 minis,
276 3873 331 3926 est
354 3862 432 3943 quia
456 3860 504 3922 illi
527 3859 657 3922 homini
680 3859 864 3940 inscriptus
886 3867 960 3936 est;
994 3868 1030 3922 et
1053 3858 1213 3940 quicquid

108 3958 259 4020 uniatis
274 3957 381 4020 homo
399 3976 444 4018 ex
463 3976 501 4017 se
519 3955 603 4035 agit,
621 3964 675 4017 est
693 3953 831 4027 malum,
849 3973 869 4015 a
887 3973 955 4035 quo
971 3972 1039 4015 non
1056 3953 1213 4015 educitur

108 4040 165 4112 isi
187 4073 244 4135 per
272 4050 504 4115 elevationem
534 4051 568 4111 in
592 4050 764 4112 internum
788 4046 1000 4130 spiritualem
1023 4046 1210 4122 hominem,

108 4147 189 4208 uod
209 4147 246 4211 fit
269 4146 381 4211 solum
411 4166 431 4208 a
462 4145 631 4222 Domino;
665 4163 706 4206 ac
736 4143 865 4207 malum
887 4139 1048 4224 speclans
1071 4161 1206 4216 sexum,

108 4240 188 4302 uod
208 4239 352 4305 naturali
375 4240 505 4303 homini
530 4240 630 4313 inest,
654 4248 709 4302 est
739 4238 924 4316 scortatio;
954 4246 991 4300 at
1020 4236 1100 4319 quia
1123 4235 1209 4301 haec

108 4338 291 4401 essumdat
309 4337 524 4409 societatem,
542 4334 620 4398 loco
641 4334 861 4398 scortationis
879 4328 1019 4396 inducia
1038 4340 1094 4396 est
1115 4331 1210 4395 simi·

108 4419 207 4494 itudo
231 4432 312 4517 ejus,
336 4451 423 4515 quae
451 4440 595 4495 vocatur
617 4429 825 4512 polygamia.
869 4425 981 4494 Omne
1012 4426 1150 4503 malunt,
1174 4426 1208 4490 in
