2782 5026
142 454 156 503 ι
162 438 203 522 5⁸
489 451 673 503 neumas
694 450 923 502 samma

132 623 362 687 minationem
381 619 419 686 fit
442 620 501 685 ille
518 640 625 685 amor.
668 621 803 685 Dicitur
823 621 972 685 elevatio
994 621 1030 685 in
1053 620 1252 704 superiorem

137 718 249 781 lucem
272 728 308 781 et
331 717 494 785 calorem.
513 718 592 799 quia
613 728 668 779 est
690 718 840 781 elevatio
861 719 895 780 in
919 718 1030 780 lucem
1053 727 1090 781 et
1113 718 1254 781 calorem

137 814 171 875 in
201 813 322 896 quibus
343 824 423 875 sunt
452 812 568 893 angeli
591 812 763 874 caelorum
786 814 1017 894 superiorum
1049 825 1105 876 est
1128 832 1255 896 quoque

137 904 280 970 actualis
308 906 457 970 elevatio
485 909 572 969 sicut
601 927 622 969 a
653 907 770 969 nimbo
800 908 834 969 in
864 927 990 977 aerem.
1017 918 1055 970 et
1088 928 1135 970 ex
1166 907 1258 989 hujus

137 1005 277 1085 regione
305 1003 461 1066 inferiore
487 1004 520 1065 in
544 1005 762 1085 superiorem.
785 1015 822 1066 et
843 1004 889 1066 ab
917 1004 981 1065 hac
1004 1005 1038 1066 in
1061 1004 1257 1079 aetherem;

137 1118 240 1182 quare
259 1096 408 1161 elevatio
425 1099 459 1160 in
479 1099 589 1161 lucem
609 1100 818 1178 superiorem
839 1099 929 1179 apud
948 1100 1050 1171 viros,
1070 1111 1127 1162 est
1146 1099 1259 1163 eleva·

137 1195 187 1258 tio
204 1195 238 1256 in
257 1193 523 1274 intelligentiam
541 1195 760 1274 superiorem.
779 1205 816 1273 et
834 1195 879 1256 ab
897 1194 961 1256 hac
980 1195 1014 1256 in
1032 1196 1258 1276 sapientiam3

136 1288 169 1352 in
199 1306 301 1371 quam
331 1288 436 1350 etiam
465 1288 565 1351 datur
594 1287 744 1351 elevatio
769 1290 921 1370 superior
949 1298 985 1351 et
1015 1291 1191 1370 superium
1226 1302 1260 1353 at

137 1384 285 1449 elevatio
302 1384 336 1447 in
355 1382 505 1446 calorem
524 1385 730 1464 superiorem
752 1384 843 1465 apud
865 1384 1019 1457 feminas,
1038 1386 1147 1448 estin
1165 1406 1260 1449 amo·

136 1498 207 1543 rem
226 1477 453 1559 conjugialem
472 1479 655 1541 castiorem
674 1488 709 1541 et
729 1480 908 1558 puriorem,
927 1498 967 1541 ac
982 1478 1054 1560 jugi
1077 1481 1123 1543 ad
1143 1482 1260 1561 conju·

136 1575 236 1657 giale,
255 1574 346 1657 quod
364 1594 385 1636 a
402 1575 575 1636 creatione
594 1575 628 1635 in
647 1575 775 1636 intimis
794 1573 891 1636 latet.
936 1573 1164 1638 Elevationes
1183 1577 1261 1640 illae

136 1675 168 1736 in
192 1691 229 1734 se
251 1667 440 1753 spectatae,
459 1681 540 1732 sunt
563 1671 771 1750 aperitiones
794 1671 939 1746 mentis;
969 1681 1022 1733 est
1046 1672 1139 1734 enim
1165 1692 1261 1736 mens

135 1768 284 1831 humana
299 1767 332 1828 in
348 1767 507 1844 regiones
522 1761 695 1835 distincta,
713 1765 800 1827 sicut
818 1765 965 1827 mundus
980 1776 1033 1829 est
1049 1767 1084 1828 in
1101 1769 1261 1848 regiones

135 1862 246 1944 quoad
276 1861 546 1941 atmosphaeras,
570 1878 712 1941 quarum
742 1859 856 1922 infima
884 1871 939 1922 est
962 1881 1081 1942 aquea,
1107 1864 1262 1943 superior

135 1966 187 2020 est
205 1976 316 2030 aerea,
336 1955 448 2017 adhuc
468 1956 620 2035 superior
637 1965 690 2017 est
713 1955 886 2029 aetherea,
906 1975 1007 2035 supra
1025 1974 1129 2037 quam
1153 1958 1259 2020 etiam

135 2052 234 2114 datur
249 2069 425 2131 suprema;
449 2051 482 2112 in
499 2050 626 2112 similes
641 2051 798 2130 regiones
813 2049 968 2112 elevatur
983 2069 1080 2111 mens
1099 2050 1259 2125 hominis,

134 2148 220 2209 sicut
243 2146 329 2209 haec
357 2146 517 2226 aperitur,
542 2146 631 2226 apud
661 2148 752 2207 viros
780 2166 840 2226 per
866 2146 1080 2227 sapientiam,
1106 2156 1143 2210 et
1169 2148 1259 2230 apud

134 2240 276 2305 leminas
293 2260 355 2323 per
372 2258 521 2302 amorem
539 2261 617 2302 vere
635 2239 873 2321 conjugialem.

196 2335 295 2416 189.
326 2335 459 2398 Dicitur
480 2335 572 2417 quod
599 2335 724 2398 femina
747 2338 874 2398 sentiat
897 2335 1037 2399 delicias
1060 2336 1112 2399 sui
1135 2337 1260 2401 caloris

133 2432 165 2495 in
185 2432 260 2495 luce
279 2432 363 2508 viri3
387 2431 448 2494 sed
466 2430 533 2493 hoc
553 2432 600 2493 ita
623 2430 836 2511 intelligitur,
856 2432 947 2514 quod
971 2432 1097 2494 semina
1117 2432 1259 2496 delicias

133 2527 183 2589 sui
201 2527 326 2589 amoris
346 2527 378 2588 in
395 2527 564 2606 sapientia
580 2527 651 2600 viri,
668 2528 746 2607 quia
765 2527 849 2588 haec
865 2537 920 2588 est
938 2526 1209 2606 receptaculum,
1224 2540 1259 2591 et

132 2640 227 2684 amor
246 2621 301 2683 ubi
320 2621 385 2683 hoc
404 2621 535 2684 invenit
554 2621 616 2683 sibi
633 2621 914 2701 correspondens,
932 2621 965 2682 in
981 2619 1258 2701 jucunditatibus

132 2727 167 2780 et
190 2715 319 2779 deliciis
342 2717 409 2777 suis
432 2726 505 2793 est;
531 2716 591 2778 sed
615 2735 682 2777 non
706 2715 918 2796 intelligitur,
942 2715 1033 2797 quod
1060 2715 1158 2778 calor
1181 2737 1258 2780 cum

132 2811 206 2874 luce
225 2831 286 2873 sua
308 2811 485 2873 delicietur
503 2821 606 2873 extra
627 2811 763 2884 formas,
784 2811 844 2873 sed
868 2812 956 2873 intra
979 2810 1076 2886 illas;
1100 2831 1142 2875 ac
1163 2812 1259 2875 calor

132 2904 314 2986 spiritualis
337 2924 413 2968 cum
436 2905 512 2968 luce
541 2905 705 2986 spirituali
734 2905 814 2968 inibi
844 2925 886 2967 eo
915 2904 1001 2986 plus,
1026 2906 1104 2986 quia
1127 2906 1258 2970 formae

131 3000 209 3062 illae
225 3020 270 3062 ex
287 3000 454 3080 sapientia
468 3010 503 3062 et
520 3019 635 3063 amore
651 3010 730 3062 sunt
742 2999 875 3073 vitaleS,
889 3011 924 3063 et
941 3001 987 3061 sic
1004 3002 1257 3082 susceptibiles.

133 3093 210 3157 Hoc
226 3094 439 3176 aliquatenus
458 3104 575 3175 potest
594 3095 754 3158 illustrari
773 3114 819 3158 ex
840 3094 927 3156 ludis
945 3096 994 3156 ita
1009 3091 1110 3157 dietis
1134 3096 1258 3160 caloris

131 3207 208 3251 cum
232 3188 307 3251 luce
330 3189 363 3251 in
387 3189 655 3269 vegetabilibus;
686 3200 788 3252 extra
810 3189 870 3252 illa
898 3200 951 3252 est
979 3190 1082 3251 modo
1106 3191 1257 3273 simplex

131 3282 324 3365 conjunc'lio
343 3284 464 3347 caloris
483 3295 518 3347 et
536 3285 629 3359 lucis,
643 3296 679 3348 at
696 3286 785 3349 intra
801 3284 860 3347 illa
875 3294 926 3347 est
944 3285 1030 3347 sicut
1048 3284 1149 3346 ludus
1166 3287 1258 3349 inter

130 3399 178 3453 se,
196 3380 273 3461 quia
288 3389 367 3441 sunt
383 3379 427 3441 lbi
446 3380 479 3441 in
498 3380 613 3442 formis
631 3400 690 3442 seu
709 3379 945 3461 receptaculis,
963 3388 1145 3442 transeunt
1163 3382 1257 3443 enim

130 3472 189 3535 illa
208 3494 267 3555 per
283 3472 452 3535 mirabiles
469 3474 682 3548 maeandros,
700 3494 740 3537 ac
759 3475 792 3537 in
812 3474 939 3537 intimis
958 3474 1002 3535 ibi
1022 3475 1155 3554 spirant
1175 3497 1257 3538 usus

129 3566 265 3641 fructus,
279 3576 314 3631 et
327 3587 461 3649 quoque
477 3569 705 3631 amoenitates
718 3588 795 3631 suas
807 3570 984 3648 exspirant
997 3568 1067 3630 late
1079 3569 1113 3630 in
1127 3590 1255 3645 aerem,

130 3682 230 3745 quem
249 3663 393 3743 implent
412 3663 615 3743 fragrantia:
639 3673 674 3726 et
695 3662 770 3745 plus
789 3664 899 3726 adhuc
919 3663 961 3724 ad
979 3663 1092 3726 vivum
1112 3663 1256 3727 delicia·

128 3760 179 3822 tio
202 3756 324 3820 caloris
347 3758 529 3837 spiritualis
553 3776 629 3820 cum
653 3757 728 3821 luce
747 3757 912 3839 spirituali
935 3756 973 3821 fit
996 3757 1167 3820 informis
1191 3759 1256 3822 hu·

129 3853 248 3927 mania,
269 3853 302 3914 in
321 3852 441 3934 quibus
460 3852 554 3915 calor
572 3852 628 3915 ille
648 3863 701 3916 est
721 3873 817 3916 amor
831 3851 1042 3933 conjugialis,
1059 3861 1095 3915 et
1116 3852 1178 3916 lux
1195 3854 1257 3918 illa

129 3957 183 4009 est
202 3947 379 4028 sapientia.

193 4054 295 4120 19⁰·
327 4038 390 4123 (v.)
416 4036 514 4115 Quod
531 4051 641 4105 status
664 4041 754 4105 uitae
779 4041 843 4105 alii
862 4041 932 4105 sint
952 4040 1041 4105 viris
1061 4050 1095 4104 et
1106 4042 1256 4121 semriris

128 4144 206 4197 ante
230 4135 427 4217 conjirgium,
452 4145 484 4199 et
509 4136 575 4199 alii
589 4145 671 4217 post
695 4135 1030 4220 conjugium-Ante
1053 4136 1254 4219 conjugium

129 4228 218 4309 apud
243 4239 422 4312 utrumque
445 4241 523 4293 sunt
547 4231 615 4293 duo
637 4242 760 4305 status,
781 4250 865 4294 unus
888 4242 968 4294 ante
991 4230 1254 4298 inclinationem

129 4322 172 4386 ad
206 4323 409 4405 conjugium,
441 4326 529 4389 alter
561 4336 640 4407 post
672 4327 787 4405 illam;
822 4326 918 4407 hujus
951 4336 987 4390 et
1020 4326 1108 4389 illius
1138 4338 1254 4392 status

129 4421 349 4498 mutationes,
373 4430 408 4486 et
435 4421 514 4485 inde
537 4421 761 4488 formationes
786 4423 960 4498 mentium,
985 4422 1102 4487 ordine
1129 4442 1253 4489 succe·
