2782 5026
120 783 417 902 lllillCIAE
462 778 845 900 SAPIENTIAE'
884 782 963 898 DE
1016 780 1239 901 AMORE

492 961 874 1105 CONJUGIALI.

538 1251 826 1265 ᾔ

648 1421 706 1507 [L]

460 1606 890 1658 PRAELIMINARIA.

267 1774 329 1839 Da
354 1770 514 1838 Guunns
537 1770 669 1849 Canni,
689 1786 738 1837 nr
761 1786 812 1837 nn
836 1773 993 1865 Nurrns
1015 1785 1079 1839 11³1.

172 1978 210 2028 1.
226 1958 439 2024 *Praevideo
455 1958 544 2040 quod
562 1957 660 2021 multi
680 1958 735 2040 qui
755 1957 876 2039 legunt
892 1959 1069 2040 sequentia
1084 1956 1180 2033 haec,
1197 1966 1234 2022 et

115 2055 351 2121 Memorabilia
374 2055 598 2135 postrcapita,
623 2054 783 2117 credituri
806 2054 874 2115 sint
904 2052 995 2135 quod
1018 2054 1087 2117 sint
1110 2054 1231 2135 imagi·

115 2152 260 2215 nationis
278 2151 440 2227 inventa;
468 2148 528 2211 sed
551 2169 711 2212 assevero
733 2149 767 2210 in
790 2148 936 2211 veritate
959 2148 1049 2230 quod
1073 2168 1140 2211 non
1164 2149 1232 2212 sint

114 2247 264 2321 inventa,
285 2244 345 2307 sed
365 2263 445 2307 vere
463 2240 553 2307 iacta
571 2253 606 2306 et
624 2243 719 2321 visa;
743 2262 806 2306 nec
825 2243 898 2305 visa
917 2243 949 2304 in
970 2243 1118 2325 quodam
1138 2253 1232 2307 statu

114 2342 236 2405 mentis
257 2340 402 2420 sopitae,
422 2339 483 2401 sed
507 2340 541 2401 in
560 2347 654 2402 statu
673 2337 794 2419 plenae
814 2336 969 2419 vigiliae:
995 2337 1123 2419 placuit
1141 2340 1230 2402 enim

114 2434 262 2498 Domino
280 2432 324 2496 Se
342 2433 457 2514 Ipsum
474 2432 555 2496 mihi
575 2433 801 2508 manifestare,
823 2442 858 2496 et
877 2451 931 2496 me
951 2434 1087 2497 mittere
1107 2434 1149 2498 ad
1170 2435 1231 2497 do·

114 2530 257 2593 cendum
273 2527 343 2603 illa,
362 2548 449 2610 quae
467 2538 567 2590 erunt
590 2527 710 2591 Novae
733 2527 921 2601 Ecclesiae,
942 2547 1028 2609 quae
1052 2548 1112 2610 per
1131 2528 1231 2593 “No-

113 2642 188 2687 vam
209 2621 488 2703 Hierosolymam
498 2621 514 2647 ”
536 2623 569 2684 in
598 2621 809 2704 Apocalypsi
831 2621 1035 2704 intelligitur
1049 2645 1057 2701 ;
1091 2635 1232 2706 propter

114 2737 212 2802 quem
235 2716 338 2780 finem
361 2716 523 2780 interiora
546 2717 670 2780 mentis
694 2726 729 2780 et
751 2718 887 2798 spiritus
911 2717 977 2780 mei
999 2720 1153 2799 aperuit;
1184 2741 1230 2784 ex

114 2833 178 2897 quo
196 2813 280 2876 mihi
299 2813 417 2876 datum
432 2821 490 2875 est
510 2813 543 2875 in
563 2812 691 2875 mundo
710 2811 876 2894 spirituali
893 2831 970 2875 cum
989 2813 1124 2894 angelis
1142 2835 1229 2891 esse,

113 2921 146 2974 et
163 2908 264 2972 simul
288 2908 321 2970 in
344 2907 472 2970 mundo
491 2906 637 2970 naturali
656 2926 731 2970 cum
751 2907 964 2987 hominibus;
994 2917 1030 2972 et
1053 2909 1117 2974 hoc
1141 2930 1230 2975 nunc

114 3023 170 3086 per
188 3003 311 3086 viginti
330 3003 476 3086 quinque
495 3022 613 3066 annos.

162 3321 198 3370 ο.
223 3309 385 3382 Quondam
401 3310 475 3365 mihi
488 3311 570 3366 visus
589 3321 636 3366 est
650 3312 775 3383 angelus
789 3313 845 3366 sub
863 3312 948 3368 caelo
962 3313 1099 3368 orientali
1115 3313 1230 3375 volans,

112 3391 156 3445 cui
171 3392 246 3459 tuba
259 3400 323 3445 erat
344 3390 373 3443 in
389 3406 479 3444 manu
497 3400 528 3445 et
546 3391 584 3444 ad
604 3407 647 3453 os,
663 3392 714 3461 qui
733 3392 847 3446 clanxit
861 3408 966 3447 versus
981 3394 1228 3464 septentrionem,

112 3486 211 3525 versus
230 3470 428 3532 occidentem,
447 3479 478 3525 et
500 3486 603 3525 versus
624 3471 789 3526 meridiem.
828 3470 955 3526 indutus
976 3483 1041 3527 erat
1062 3473 1229 3543 chlamyde,

112 3565 184 3618 quae
199 3566 236 3603 ex
251 3549 355 3603 volatu
369 3549 480 3603 fluebat
494 3560 671 3612 retrorsum
689 3560 721 3604 et
735 3548 851 3605 cinctus
866 3561 931 3605 erat
946 3550 1036 3606 lascia
1051 3568 1089 3606 ex
1108 3552 1229 3623 pyropis

112 3638 140 3681 et
152 3628 301 3698 sapphiris
312 3628 390 3682 sicut
402 3627 576 3682 flammante
590 3638 621 3683 et
636 3629 769 3684 lucente:
789 3646 900 3700 pronus
913 3631 1043 3692 volabat,
1057 3642 1088 3685 et
1106 3632 1228 3686 demisit

112 3721 140 3761 se
158 3708 239 3761 lente
259 3708 290 3761 in
312 3718 432 3768 terram,
451 3723 529 3777 quae
550 3707 624 3762 mihi
646 3709 804 3763 continens
826 3719 909 3764 erat:
933 3719 967 3764 ut
988 3710 1091 3780 tetigit
1110 3722 1228 3771 terram.

112 3785 223 3842 erectus
236 3803 327 3857 super
342 3787 417 3856 pede
430 3787 513 3841 vadit
528 3787 587 3841 huc
600 3787 677 3849 illuc,
690 3798 721 3842 ct
740 3799 812 3843 tunc
828 3805 875 3843 me
888 3789 954 3844 viso
970 3790 1079 3844 direxit
1093 3806 1228 3860 gressum

113 3865 146 3918 ad
159 3881 215 3921 me.
254 3866 342 3921 Eram
357 3866 387 3920 in
397 3866 511 3937 spiritu,
524 3876 556 3921 et
568 3867 599 3920 in
612 3867 670 3921 hoc
682 3868 798 3922 stabam
808 3884 897 3938 super
906 3868 982 3924 colle
996 3868 1026 3923 in
1040 3869 1128 3941 plaga
1141 3871 1229 3925 meri-

113 3944 229 3999 dionali.

161 4023 206 4078 Ac
224 4040 295 4078 cum
316 4040 409 4094 prope
427 4035 499 4087 erat,
514 4025 662 4081 allocutus
682 4025 764 4079 illum
780 4026 922 4096 quaesivi,
938 4026 1044 4099 “Quid
1064 4027 1105 4083 rei
1125 4027 1227 4085 nunc?

112 4102 205 4157 audivi
218 4104 391 4174 clangorem
405 4105 494 4158 tubae
507 4115 586 4166 tuae,
599 4115 631 4159 et
642 4105 704 4159 vidi
718 4105 896 4160 descensum
909 4116 994 4161 tuum
1009 4124 1062 4177 per
1074 4108 1201 4162 aerem.”

160 4181 295 4254 Angelus
305 4183 468 4252 respondit,
478 4184 612 4239 “Missus
620 4201 685 4239 sum
694 4185 732 4239 ad
740 4187 969 4240 convocandum
977 4187 1226 4242 celebratissimos

138 4401 154 4439 't
168 4405 246 4454 Nm
263 4406 478 4454 nouom-Ab
488 4406 595 4454 Auctore
605 4408 644 4455 hic
654 4409 819 4469 paragraphus
828 4409 901 4469 signu
911 4409 1028 4457 citationis
1039 4410 1144 4458 inclusus
1154 4422 1197 4459 ert
