2782 5026
197 439 260 519 248
545 450 728 501 naucula
750 451 979 504 ssnianrian

193 623 279 678 tialia
298 622 377 676 illius
396 619 533 676 formae?
550 631 582 676 et
603 621 678 678 baec
698 623 778 693 apud
799 623 952 678 bominem
973 635 1046 680 sunt
1065 625 1096 680 in
1115 625 1213 680 anima
1227 636 1255 680 et
1270 614 1339 676 εἳ

193 704 294 758 anima
313 701 345 756 in
364 702 464 772 capite
483 713 516 757 et
534 717 670 772 corpore.
706 702 771 757 Vos
789 704 940 759 vocamini
960 704 1085 775 spiritus
1102 714 1135 760 et
1153 706 1262 777 rageliz
1277 688 1350 751 Δ

193 783 366 838 credidistis
385 783 415 836 in
434 783 557 844 mundo.
576 784 658 854 quod
676 783 800 854 spiritus
818 794 850 839 et
867 785 967 857 angeli
985 784 1049 841 sint
1066 785 1146 840 sicut
1163 787 1243 842 venti
1259 768 1361 839 ai)t

193 863 340 925 aetheres,
353 873 385 917 et
403 863 447 917 sic
466 873 583 917 mentes
597 874 630 917 et
647 863 757 926 animi;
775 874 806 918 et
821 881 901 919 nunc
914 866 995 920 clare
1009 864 1128 928 videtis.
1141 866 1224 937 qnod
1237 854 1372 919 verb·

194 943 313 997 realiter
325 953 357 997 et
369 941 526 997 atlualiter
540 943 607 998 sitis
623 943 769 1004 homines.
782 944 835 1014 qui
852 944 881 997 in
897 945 1012 999 mundo
1024 945 1144 1001 vixistis
1158 955 1190 1000 et
1204 935 1380 1016 ongitffl'

192 1022 279 1077 vistis
294 1022 324 1076 in
344 1023 490 1076 materiali
510 1038 645 1093 corpore.
660 1033 692 1077 et
706 1023 837 1078 scivistis
851 1024 933 1094 quod
952 1039 1063 1096 corpus
1082 1025 1236 1080 materiale
1253 1022 1364 1077 nol
1371 1012 1388 1048 ¹¹

192 1102 275 1156 vivat
290 1112 321 1156 et
339 1103 462 1172 cogitet,
478 1102 531 1156 sed
550 1102 719 1157 substantia
735 1101 899 1173 spiritualis
918 1103 948 1156 in
967 1103 1022 1158 illo
1039 1120 1176 1176 corpore.
1191 1115 1223 1159 et
1239 1104 1344 1158 haur
1388 1099 1391 1119 ³

192 1182 355 1236 vocavistis
366 1182 507 1243 animam,
517 1183 604 1252 cujus
616 1181 744 1236 formam
757 1182 934 1244 nescivistis,
944 1194 976 1237 et
988 1193 1091 1238 tamen
1105 1199 1188 1239 nunc
1198 1184 1347 1238 vidistirz

191 1272 224 1315 et
235 1261 345 1315 videtis
361 1262 459 1321 illam:
477 1277 533 1315 vos
547 1277 654 1316 omnes
667 1262 741 1316 estis
755 1262 882 1324 animae,
894 1262 933 1316 de
947 1278 1074 1333 quarum
1091 1263 1371 1325 immortalitas?

192 1350 255 1394 tam
269 1341 364 1395 multa
372 1341 537 1401 audivistis.
548 1341 745 1412 cogitavistis
754 1341 875 1397 dixistis
886 1351 919 1396 et
928 1342 1106 1412 scripsistis:
1124 1353 1156 1397 et
1165 1344 1237 1414 quia
1243 1344 1373 1398 estia-

191 1419 305 1474 ionnae
321 1421 432 1474 amoris
447 1431 479 1474 et
493 1421 660 1491 sapientiae
674 1436 693 1475 a
709 1419 782 1481 Deo.
795 1437 856 1476 non
872 1422 1001 1492 potestis
1016 1422 1094 1476 mori
1108 1421 1138 1477 in
1150 1434 1334 1477 aetemnm0
1386 1428 1391 1442 '

191 1501 303 1555 Anima
315 1500 418 1570 itaque
429 1511 477 1554 est
490 1499 588 1554 forma
600 1500 739 1561 humana.
752 1501 791 1555 de
802 1516 863 1572 qua
874 1516 912 1555 ne
928 1500 1023 1555 hilum
1039 1512 1142 1572 potest
1154 1502 1271 1560 auferri.
1283 1500 1376 1556 οὗ

190 1580 229 1634 ad
242 1596 332 1650 quam
347 1597 384 1634 ne
398 1580 492 1633 hilum
506 1589 607 1650 potest
621 1580 701 1640 addi,
714 1595 750 1634 ac
763 1591 812 1634 est
827 1579 935 1634 intima
946 1579 1043 1635 forma
1054 1582 1194 1636 omnium
1208 1582 1386 1637 torma-1

192 1676 258 1712 rum
278 1659 409 1713 universi
429 1659 580 1728 corporis:
604 1670 635 1714 et
649 1659 721 1730 quia
739 1658 854 1713 formae
869 1675 947 1731 quae
964 1670 1051 1715 extra
1067 1670 1140 1715 sunt
1157 1663 1196 1715 ab
1211 1662 1312 1716 intima
1370 1670 1384 1689 '-

190 1739 344 1809 accipiunt
358 1749 390 1793 et
404 1739 566 1793 essentiam
582 1749 614 1792 et
629 1738 764 1799 [ormam.
778 1739 847 1793 ideo
861 1739 942 1800 estis.
955 1740 1035 1793 sicut
1048 1741 1201 1811 apparetis
1214 1756 1310 1795 noram
1380 1749 1391 1766 ⁴

190 1819 276 1873 vobis
285 1830 316 1872 et
329 1819 424 1878 nobis.
434 1819 567 1880 animae:
585 1820 687 1878 verbo.
697 1819 798 1872 anima
805 1830 853 1872 est
866 1819 930 1888 ipse
942 1819 1043 1881 bomo.
1053 1821 1126 1890 quia
1134 1829 1183 1874 est
1193 1821 1311 1875 intimus
1380 1842 1391 1848 ’

190 1898 291 1959 homo,
301 1914 395 1970 quare
404 1899 470 1968 ejus
482 1897 579 1952 iorma
588 1909 635 1952 est
645 1899 733 1968 plene
744 1908 777 1953 et
789 1896 921 1968 perfecte
933 1897 1030 1952 iorma
1042 1898 1192 1963 humana:
1210 1915 1308 1954 verum

190 1993 251 2031 non
273 1989 320 2032 est
337 1978 409 2036 vita,
425 1979 477 2031 sed
496 1989 544 2032 est
562 1978 732 2049 proximum
754 1977 975 2047 receptaculum
992 1977 1074 2033 vitae
1094 1993 1114 2034 a
1132 1977 1210 2042 Deo,
1222 1989 1254 2034 et
1270 1980 1310 2034 sic

191 2058 395 2112 habitaculum
410 2057 495 2111 Dei.''

245 2138 303 2193 His
321 2136 411 2192 ditiis
428 2137 652 2208 applaudebant
670 2136 766 2198 multi,
781 2136 835 2191 sed
853 2135 945 2207 aliqui
964 2135 1116 2199 dicebant,
1132 2137 1310 2209 “Expende-

191 2218 286 2272 mus.''

243 2297 310 2368 Ego
322 2308 395 2351 tunc
407 2295 487 2350 abivi
497 2297 638 2356 domum:
656 2306 688 2350 et
699 2311 770 2350 ecce
782 2295 1038 2366 supergymnnsio
1051 2295 1112 2358 illo,
1122 2296 1193 2352 loco
1208 2297 1310 2367 prioris

189 2377 324 2438 meteori‚
342 2377 483 2447 apparuit
502 2376 597 2430 nubes
615 2375 744 2429 candida
765 2375 878 2445 absque
896 2374 979 2429 striis
997 2390 1051 2429 seu
1071 2375 1165 2431 radiis
1185 2375 1263 2432 inter
1279 2392 1310 2431 se

188 2457 417 2517 dimicantibus;
435 2471 512 2526 quae
527 2456 622 2509 nubes
640 2466 802 2524 penetrans
820 2452 933 2508 testum
952 2454 1085 2516 intravit,
1100 2470 1138 2510 ac
1153 2455 1310 2512 illustravit

189 2537 334 2607 parietes:
355 2547 387 2590 et
405 2536 516 2597 audivi,
534 2536 617 2606 quod
636 2534 767 2590 viderint
785 2535 1010 2604 scriptumne
1030 2533 1111 2589 inter
1126 2534 1202 2591 alias
1221 2537 1310 2591 etiam

188 2617 282 2671 banc:

233 2719 366 2781 “Jebovab
383 2718 450 2763 Deus
460 2753 465 2764 .
476 2753 482 2764 .
492 2753 497 2763 .
509 2717 645 2774 ,inspiravit
660 2716 684 2761 in
695 2729 765 2760 nares
779 2715 884 2761 bominis
898 2716 1011 2761 Animam
1023 2715 1135 2770 vilarum.
1145 2724 1171 2764 et
1186 2717 1264 2765 iactus
1277 2725 1311 2763 esi

307 2780 538 2825 homoinAnimnm
549 2779 670 2822 viventem
679 2778 692 2792 '⁸
704 2775 777 2837 (Ges.
788 2777 811 2823 ii.
824 2780 859 2834 7).

186 2901 286 2983 316·
315 2897 476 2961 Alterum
496 2896 721 2961 Memorabile
732 2917 786 2959 :-

240 3016 400 3089 Quondam
415 3019 445 3071 in
458 3018 550 3071 animi
564 3016 667 3087 requie
679 3028 710 3071 et
722 3017 857 3086 jucunda
869 3016 978 3071 mentis
992 3031 1064 3086 pace
1077 3017 1238 3073 ambulans
1249 3019 1311 3073 vidi

186 3115 203 3152 e
218 3098 384 3168 longinquo
404 3099 512 3158 lucum,
527 3099 556 3151 in
576 3099 663 3167 cujus
682 3097 783 3151 medio
801 3107 866 3150 erat
884 3096 1017 3166 porticus
1031 3097 1161 3152 tendens
1176 3099 1215 3152 ad
1231 3099 1312 3169 pala·

186 3177 308 3237 tioium:
327 3188 358 3230 et
370 3177 432 3230 vidi
446 3177 576 3247 virgines
591 3187 623 3230 et
636 3177 771 3246 juvenes,
783 3192 819 3230 ac
838 3176 961 3229 maritos
975 3184 1008 3229 et
1022 3190 1132 3231 uxores
1147 3176 1312 3233 intrantes:

187 3256 258 3310 illuc
270 3256 362 3310 etiam
377 3256 406 3308 in
420 3257 525 3325 spiritu
539 3257 659 3316 accessi.
670 3266 702 3310 et
714 3256 865 3325 quendam
879 3255 908 3308 in
923 3255 1048 3308 introitu
1061 3265 1196 3311 stantem
1209 3269 1312 3313 custo-

186 3337 256 3390 dem
270 3335 460 3405 interrogavi,
474 3353 545 3388 num
559 3337 649 3389 etiam
663 3336 751 3389 liceat
765 3335 884 3389 intrare.

240 3416 368 3484 Aspexit
382 3433 437 3475 me.
452 3427 482 3469 et
495 3416 566 3476 dixi,
581 3414 666 3469 “Cur
678 3415 786 3483 aspicis
800 3431 848 3468 me
857 3413 889 3468 ?''

241 3494 417 3564 Respondit.
434 3494 583 3563 “Aspicio
601 3505 640 3554 te.
657 3504 691 3547 ut
705 3495 823 3548 videam
844 3510 914 3547 num
933 3493 1099 3562 jucundum
1119 3494 1211 3563 pacis.
1228 3498 1310 3567 quod

187 3573 217 3627 in
232 3573 308 3628 iacie
323 3584 376 3628 tua
395 3585 448 3635 est.
462 3575 563 3628 trahat
578 3573 690 3644 aliquid
710 3590 746 3627 ex
765 3574 900 3643 jucundo
921 3573 1032 3628 amoris
1046 3573 1237 3644 coniugialia.
1259 3576 1310 3631 Est

186 3664 255 3724 post
268 3654 415 3723 porticum
431 3654 510 3707 hunc
526 3654 670 3713 hortulus.
684 3664 715 3707 et
731 3652 761 3706 in
775 3653 876 3707 medio
889 3652 954 3722 ejus
966 3653 1082 3712 domus,
1095 3653 1146 3707 ubi
1163 3664 1237 3709 sunt
1249 3656 1311 3708 duo

186 3733 292 3787 novitii
305 3734 458 3804 conjuges.
472 3734 510 3787 ad
524 3749 601 3803 quos
617 3733 707 3786 hodie
719 3733 846 3786 veniunt
861 3732 973 3786 amicae
988 3742 1020 3785 et
1032 3732 1128 3793 amici.
1142 3731 1244 3788 felicia
1256 3749 1311 3803 op·

185 3813 269 3867 tandi
279 3828 384 3875 causa:
404 3813 479 3874 illos,
488 3828 564 3882 quos
573 3811 703 3866 admitto
713 3811 831 3873 intrare,
842 3827 900 3882 ego
909 3827 970 3864 non
980 3827 1147 3882 cognosco:
1166 3813 1221 3867 sed
1235 3813 1310 3866 mihi

185 3890 298 3946 didlum
315 3904 369 3954 est,
385 3894 465 3961 quod
485 3907 698 3962 cognoscerem
715 3892 781 3944 illos
801 3908 838 3944 ex
857 3890 989 3945 faciebus
1007 3891 1143 3952 illorum:
1161 3891 1186 3946 si
1203 3891 1235 3946 in
1252 3892 1310 3946 illis

185 3971 310 4026 viderim
320 3972 485 4042 jucundum
496 3972 607 4024 amoris
616 3971 804 4041 conjugialis,
815 3972 870 4025 hos
879 3971 1079 4030 admitterem.
1088 3980 1121 4024 et
1132 3986 1194 4025 non
1205 3971 1310 4027 alios.”

185 4049 299 4106 Omnes
311 4051 410 4122 angeli
423 4068 459 4105 ex
473 4050 605 4104 faciebus
619 4061 745 4119 possunt
757 4050 859 4104 videre
870 4050 1003 4119 jucunda
1012 4050 1111 4104 cordis
1123 4049 1263 4112 aliorum,
1278 4062 1310 4106 et

184 4130 349 4200 jucundum
364 4131 442 4185 illius
452 4129 570 4190 amoris,
580 4129 663 4199 quod
677 4129 706 4183 in
718 4129 793 4183 iacie
806 4145 873 4183 mea
881 4128 966 4189 vidit,
977 4139 1041 4182 erat
1050 4129 1132 4199 quod
1147 4130 1311 4185 meditarer

184 4210 223 4263 de
234 4225 337 4263 amore
346 4209 526 4280 conjugali:
545 4209 619 4263 haec
629 4209 787 4262 meditatio
798 4209 935 4262 elucebat
947 4225 983 4262 ex
993 4209 1088 4262 oculis
1098 4208 1182 4267 meis.
1192 4218 1225 4263 et
1237 4209 1309 4264 inde

185 4288 307 4342 intravit
321 4289 350 4342 in
365 4290 508 4343 interiora
522 4288 608 4342 iaciei
622 4304 722 4351 meae;
740 4304 832 4357 quare
847 4288 923 4341 dixit
935 4288 974 4341 ad
990 4303 1045 4348 me,
1058 4289 1140 4357 quod
1157 4289 1247 4343 liceat
1264 4290 1308 4342 in·

185 4378 272 4422 trare.

239 4446 378 4502 Porticus
391 4462 540 4517 perquem
553 4444 669 4508 intravi.
678 4456 743 4500 etat
755 4462 791 4500 ex
803 4445 959 4500 arboribus
971 4443 1131 4501 irudliieris
1144 4461 1197 4517 per
1207 4462 1306 4501 mmo·
