2782 5026
350 501 401 552 DE
423 499 558 551 AMORE
581 497 899 565 CONJUGIAL1.·-N.
921 499 968 546 10.
1182 496 1217 563 15

98 673 151 728 hoc
168 671 251 726 enim
271 680 320 726 est
339 669 450 725 amoris
470 668 535 732 Dei,
548 678 580 724 et
597 668 708 723 amoris
727 667 862 737 proximi,
876 678 907 722 et
926 666 984 721 hoc
1003 676 1049 721 est
1067 665 1219 719 vinculum

99 751 257 812 societatis,
278 760 310 804 et
329 751 442 804 bonum
462 749 541 819 ejus;
567 765 621 818 per
638 750 696 802 hoc
714 747 899 818 glorificatur
918 746 1008 808 Deus,
1025 756 1055 800 et
1075 757 1147 799 tunc
1167 761 1219 815 per

99 832 208 887 cultum
221 831 312 885 statis
325 828 520 899 temporibus.
554 827 667 882 Annon
680 827 796 898 legistis
809 827 884 881 haec
898 825 1021 881 Domini
1035 826 1133 884 verba.

140 953 185 999 'lu
198 951 410 1073 hppyghlorificaptpr
422 951 491 996 Pater
501 963 577 1003 meus,
588 956 615 995 ut
630 948 735 995 fructum
745 948 831 1002 feratis,
842 955 867 994 et
879 947 1012 993 reddamini
1023 947 1132 1006 discipuli
1145 944 1220 994 meii’

256 1028 270 1057 0
288 1047 294 1060 .
307 1026 346 1058 xv.
375 1047 381 1057 .

101 1131 157 1185 Vos
175 1129 350 1185 sacerdotes
369 1128 497 1199 potestis
517 1128 546 1182 in
565 1127 664 1182 cultus
682 1126 899 1198 glorificatione
918 1142 991 1188 esse,
1008 1126 1078 1196 quia
1097 1124 1155 1179 hoc
1172 1136 1220 1181 est

100 1220 230 1264 vestrum
244 1225 362 1268 munus,
375 1219 406 1262 et
423 1208 492 1262 inde
505 1218 552 1262 est
563 1207 649 1261 vobis
664 1207 769 1269 honor,
779 1207 875 1277 gloria
887 1217 918 1260 et
931 1206 1147 1268 remuneratio;
1166 1206 1219 1259 sed

100 1304 189 1359 usque
202 1305 258 1343 vos
271 1305 332 1342 non
346 1287 473 1358 potestis
492 1287 661 1357 plusquam
681 1286 723 1340 illi
743 1286 772 1339 in
791 1301 827 1340 ea
841 1284 1059 1356 glorificatione
1075 1301 1148 1347 esse,
1162 1285 1218 1340 nisi

100 1368 201 1430 honor,
213 1367 318 1438 gloria,
332 1378 362 1421 et
377 1365 579 1421 remuneratio
592 1381 732 1419 unacum
746 1375 847 1419 vestro
860 1380 983 1419 munere
995 1365 1083 1418 sint.''

150 1446 208 1502 His
223 1445 313 1501 dietis
325 1446 460 1517 episcopi
473 1445 657 1499 mandabant
670 1444 845 1500 custodibus
859 1455 971 1514 portae,
985 1455 1019 1498 ut
1035 1443 1217 1498 intromitte·

99 1537 162 1581 rent
172 1542 288 1588 omnes,
296 1536 328 1580 et
337 1526 509 1580 emitterent
518 1540 640 1588 omnes;
653 1531 668 1552 “
677 1534 724 1578 est
732 1523 812 1577 enim
823 1523 994 1584 multitudo,
1005 1523 1056 1593 qui
1067 1539 1127 1577 non
1137 1523 1217 1577 aliud

98 1606 238 1676 gaudium
251 1606 389 1666 caeleste,
400 1620 489 1675 quam
503 1614 680 1673 perpetuum
694 1603 808 1657 cultum
824 1602 888 1665 Dei,
900 1613 1064 1673 potuerunt
1076 1603 1217 1674 cogitare,

98 1685 166 1755 quia
179 1701 240 1739 non
253 1685 407 1738 sciverunt
419 1684 532 1754 aliquid
546 1684 584 1737 de
597 1693 677 1737 statu
691 1681 793 1736 caeli.’¹

148 1776 213 1822 10.
240 1763 314 1818 Post
327 1764 400 1817 haec
413 1763 536 1833 angelus
549 1779 618 1817 curn
631 1762 693 1816 suis
705 1761 867 1816 comitibus
880 1761 969 1815 rediit
982 1761 1018 1815 ad
1033 1760 1132 1815 locum
1146 1777 1218 1815 con·

97 1853 212 1905 ventus,
226 1859 244 1898 a
256 1858 318 1913 quo
330 1842 471 1896 cohortes
484 1842 653 1911 sapientum
667 1841 801 1896 nondum
816 1851 1010 1902 recesserunt,
1024 1852 1055 1894 et
1070 1841 1108 1894 ibi
1128 1842 1165 1895 ad
1185 1857 1218 1896 se

97 1922 217 1976 vocavit
230 1922 306 1984 illos,
316 1921 368 1991 qui
382 1921 582 1983 crediderunt,
595 1920 678 1991 quod
690 1920 834 1991 gaudium
844 1921 972 1974 caeleste
986 1931 1016 1974 et
1029 1919 1156 1975 felicitas
1168 1936 1217 1975 ae-

96 2011 189 2063 terna,
199 2001 239 2056 sit
252 2001 344 2055 modo
355 2000 539 2054 intromissio
556 2000 585 2055 in
599 2000 723 2062 caelum,
734 2015 769 2054 ac
782 1999 966 2054 intromissio
979 2016 1016 2054 ex
1031 1999 1140 2053 Divina
1151 2016 1217 2071 gra·

96 2081 155 2142 tia;
166 2091 198 2134 et
206 2080 289 2151 quod
298 2091 370 2134 tunc
380 2080 522 2150 gaudium
534 2080 573 2134 sit
584 2078 794 2139 illis,similiter
802 2089 836 2133 ut
846 2078 874 2133 in
885 2079 1050 2134 mundoest
1061 2079 1176 2150 illisqui
1186 2080 1217 2133 in

96 2160 177 2214 aulas
191 2175 294 2230 regum
308 2160 415 2214 diebus
428 2159 608 2221 festivitatis,
621 2170 673 2213 aut
687 2159 717 2211 in
731 2158 851 2228 nuptias
864 2159 990 2221 invitati,
1000 2159 1216 2229 ingrediuntur.

150 2239 208 2293 His
223 2238 300 2293 dixit
314 2239 446 2309 angelus,
460 2246 476 2267 “
486 2239 607 2293 Manete
620 2237 669 2292 hic
681 2238 903 2308 aliquantisper,
917 2249 947 2292 et
962 2239 1078 2292 sonabo
1092 2240 1171 2298 tuba,
1185 2249 1216 2292 et

97 2317 155 2373 huc
164 2318 287 2373 venient
297 2318 403 2373 incluti
415 2317 495 2372 fama
504 2316 668 2388 sapientiae
679 2317 709 2372 in
719 2317 924 2387 spiritualibus
934 2317 1104 2372 ecclesiae.”
1142 2318 1216 2373 Post

96 2397 210 2468 aliquot
224 2397 314 2452 horas
330 2397 454 2452 aderant
473 2413 582 2451 novem
600 2396 665 2458 viri,
680 2397 807 2468 quisque
824 2397 982 2468 insignitus
1001 2397 1094 2459 lauru,
1107 2397 1217 2452 adorea

96 2474 192 2530 famae
214 2492 301 2538 suae;
328 2476 385 2530 hos
404 2477 529 2548 angelus
549 2476 716 2531 introduxit
736 2476 766 2529 in
788 2477 893 2530 aedem
913 2487 1088 2539 conventus,
1106 2476 1135 2530 in
1157 2493 1216 2548 qua

97 2571 201 2610 omnes
214 2557 296 2625 prius
315 2556 473 2610 convocati
489 2557 629 2618 aderant;
651 2556 681 2609 in
701 2555 807 2610 horum
822 2555 990 2625 praesentia
1003 2557 1127 2626 angelus
1142 2557 1216 2611 allo-

97 2646 182 2690 cutus
194 2651 303 2690 novem
314 2628 471 2695 laureatos,
482 2635 566 2697 dixit,
578 2642 593 2663 ‘⁴
603 2634 672 2690 Scio
682 2636 763 2705 quod
774 2635 859 2689 vobis
870 2651 907 2689 ex
916 2646 989 2690 voto
999 2649 1100 2689 vestro
1110 2651 1215 2690 secun·

97 2715 165 2768 dum
180 2715 278 2768 ideam
291 2725 431 2774 vestram,
445 2715 549 2768 datum
562 2714 602 2768 sit
616 2715 777 2768 ascendere
793 2714 822 2767 in
836 2715 960 2775 caelum,
974 2725 1005 2768 et
1021 2716 1104 2785 quod
1120 2715 1215 2769 redie-

97 2794 160 2849 ritis
174 2794 204 2848 in
218 2793 389 2848 inferiorem
400 2793 477 2847 hanc
489 2809 541 2848 seu
554 2794 769 2847 subcoelestem
779 2802 897 2855 terram,
908 2809 976 2847 cum
991 2795 1079 2864 plena
1091 2795 1216 2849 scientia

98 2873 134 2928 de
145 2884 226 2928 statu
240 2874 331 2935 caeli:
346 2881 580 2927 commemorate
594 2872 703 2942 itaque,
714 2872 801 2942 quale
809 2872 896 2927 vobis
905 2872 1001 2927 visum
1012 2884 1058 2927 est
1071 2874 1215 2928 caelum.”

149 2952 187 3007 Et
201 2953 420 3022 responderunt
435 2950 465 3005 in
480 2951 594 3012 ordine,
608 2962 639 3005 et
654 2951 730 3005 dixit
747 2951 868 3021 primus,
888 2959 904 2980 ‘⁸
915 2951 986 3006 Idea
998 2969 1065 3007 mea
1080 2954 1117 3007 de
1130 2954 1215 3007 caelo

96 3031 222 3101 aprima
235 3031 364 3100 pueritia
376 3047 470 3100 usque
485 3031 522 3084 ad
539 3030 629 3084 finem
643 3031 722 3084 vitae
739 3031 769 3084 in
785 3032 908 3092 mundo,
922 3030 1026 3095 fuerat,
1040 3034 1121 3103 quod
1135 3043 1215 3088 esset

96 3109 177 3164 locus
196 3110 332 3164 omnium
352 3110 557 3171 beatudinum,
572 3108 768 3171 faustitatum,
781 3109 1034 3179 juncunditatum,
1047 3113 1214 3168 amoenita-

96 3199 169 3250 tum,
188 3200 220 3244 et
239 3190 446 3258 voluptatum
471 3198 502 3243 et
524 3189 605 3259 quod
625 3189 649 3243 si
672 3188 896 3251 intromitterer,
911 3190 1016 3245 talium
1036 3191 1213 3246 felicitatum

96 3283 167 3322 aura
182 3267 444 3330 circumfunderet,
457 3279 489 3324 et
508 3269 597 3338 pleno
617 3266 737 3338 peftore
750 3269 898 3323 haurirem
920 3270 978 3332 illa,
992 3271 1070 3325 sicut
1084 3288 1214 3342 sponsus

96 3362 161 3401 cum
177 3348 308 3403 celebrat
325 3347 452 3417 nuptias,
465 3363 501 3402 ac
515 3363 583 3402 cum
601 3348 692 3402 intrat
704 3348 869 3403 thalamum
885 3366 954 3403 cum
967 3366 1093 3420 sponsa:
1112 3351 1142 3405 in
1156 3352 1214 3407 hac

97 3425 161 3481 idea
175 3427 297 3481 ascendi
317 3426 347 3480 in
362 3427 487 3489 caelum,
500 3436 531 3481 et
547 3427 670 3481 transivi
688 3428 797 3498 primas
810 3428 971 3488 custodias.
985 3440 1016 3483 et
1031 3446 1152 3501 quoque
1167 3447 1214 3486 se-

96 3506 217 3568 cundas,
230 3517 262 3560 at
277 3522 347 3561 cum
363 3506 400 3561 ad
417 3507 521 3561 tertias
533 3506 610 3569 veni,
623 3506 833 3577 alloquebatur
848 3524 896 3562 me
911 3510 1114 3563 custodiarum
1129 3526 1214 3581 prae-

97 3584 197 3647 ietlus,
212 3596 244 3640 et
262 3586 347 3647 dixit,
363 3583 452 3657 ‘Quis
467 3601 507 3646 es,
523 3585 645 3640 amicei'
684 3586 722 3641 Et
737 3588 886 3656 respondi,
904 3588 996 3644 Estne
1012 3589 1060 3642 hic
1075 3589 1214 3644 caelum?

98 3661 163 3719 Huc
172 3681 210 3719 ex
220 3675 295 3720 voto
304 3664 444 3718 desiderii
456 3663 513 3718 mei
524 3665 660 3728 ascendi;
676 3665 844 3720 intromitte
854 3682 981 3737 quaeso;
997 3683 1031 3721 ac
1042 3668 1213 3724 intromisit.

98 3741 133 3797 Et
141 3744 203 3798 vidi
214 3745 338 3815 angelos
351 3743 380 3797 in
393 3743 527 3798 vestibus
540 3743 621 3804 albis,
632 3753 663 3797 et
676 3743 706 3795 hi
721 3760 768 3798 me
778 3745 983 3806 circumibant,
994 3756 1025 3800 et
1038 3747 1212 3808 lustrabant,

98 3832 123 3876 et
133 3825 359 3878 murmurabant
369 3825 435 3885 hoc,
445 3823 504 3877 ‘En
515 3839 625 3877 novum
639 3821 790 3892 hospitem
802 3840 861 3878 non
874 3825 1011 3879 indutum
1019 3837 1103 3881 veste
1114 3827 1186 3881 caeli
1197 3828 1213 3888 ;’

98 3912 124 3955 et
135 3919 192 3973 ego
205 3902 279 3957 haec
291 3903 402 3965 audivi,
416 3912 446 3957 et
458 3901 596 3973 cogitavi,
609 3901 677 3956 Hoc
688 3914 814 3973 apparet
827 3903 900 3956 mihi
914 3904 1010 3959 simile
1021 3921 1089 3958 cum
1104 3907 1163 3967 illo,
1174 3907 1213 3960 de

97 3995 153 4050 quo
164 3981 313 4037 Dominus
323 3982 405 4043 dicit,
414 3983 495 4052 quod
508 3982 620 4051 absque
629 3993 713 4036 veste
724 3982 850 4052 nuptiali
864 3983 1019 4038 intraverit
1032 3985 1061 4037 in
1076 3985 1212 4054 nuptias:

97 4070 124 4112 tt
137 4061 206 4124 dixi,
222 4061 300 4116 Date
316 4061 390 4115 mihi
408 4061 484 4116 tales
498 4070 613 4123 vestes:
636 4072 666 4116 et
685 4063 829 4117 riserunt:
854 4073 885 4116 et
904 4073 975 4117 tunc
990 4064 1118 4118 accurrit
1134 4081 1212 4119 unus

99 4151 131 4192 ex
147 4141 228 4196 maria
241 4157 312 4196 cum
332 4140 484 4202 mandato,
498 4140 622 4196 ‘Exuite
639 4140 721 4195 illurn
737 4143 862 4204 nudum,
876 4142 976 4212 ejicite
992 4142 1083 4206 illum,
1097 4155 1128 4198 et
1143 4160 1211 4215 pro-

99 4215 173 4286 jicite
184 4231 286 4275 vestes
298 4221 364 4290 ejus
378 4231 447 4291 post
461 4219 543 4274 illum
553 4220 568 4275 τ’
587 4231 618 4275 et
630 4221 674 4277 sic
686 4221 798 4291 ejetlus
811 4223 906 4278 sum.''

145 4296 300 4354 Secundus
316 4300 346 4353 iu
361 4299 466 4355 ordine
481 4299 566 4363 dixit,
579 4300 668 4371 “Ego
683 4302 794 4356 credidi
810 4302 889 4357 sicut
904 4302 962 4365 ille,
978 4304 1058 4373 quod
1078 4301 1102 4358 si
1120 4305 1211 4359 modo

101 4370 308 4434 intromitteret
321 4378 351 4432 in
364 4378 488 4441 caelum,
499 4378 581 4449 quod
594 4395 685 4450 supra
696 4391 785 4450 caput
796 4397 895 4436 meum
905 4397 959 4443 est,
970 4381 1211 4437 circumfluerent

52 4532 56 4547 .
101 4467 142 4509 tue
152 4458 267 4528 gaudia,
278 4468 312 4513 et
320 4456 485 4513 animarem
495 4458 545 4514 illa
554 4459 584 4513 in
596 4470 767 4524 aeternum3
785 4470 892 4531 optato
902 4461 992 4516 etiam
1003 4461 1118 4531 potitus
1128 4479 1210 4526 sum;
