2782 5026
304 412 355 462 DE
374 409 509 463 AMORE
532 408 891 463 SCORTATORIO.-N.
912 409 982 478 524.
1137 412 1200 477 401

122 584 294 636 '“Venturus
312 592 354 633 est
373 581 457 632 Filius
468 581 691 639 hominis,....et
708 590 772 630 tunc
788 580 883 631 reddet
899 581 1042 646 unicuique
1056 582 1204 633 secundum

216 647 289 698 iacta
301 648 381 712 ejus''
393 648 500 707 (asama
512 648 566 696 xvi.
580 644 639 708 27);

133 715 220 765 “Vidi
235 716 317 763 libros
331 723 448 792 apertos,
461 722 488 764 et
502 712 613 775 judicati
628 720 691 761 sunt
705 725 801 761 omnes
814 712 962 761 secundum
977 725 1060 775 opera
1073 711 1204 763 illorum”

133 848 149 870 ‘⁸
158 845 191 896 In
203 780 540 971 lglffillill‘lg‘l‘llll‘u'
550 842 692 906 unicuique
702 842 849 891 secundum
860 856 943 906 opera
951 842 1010 905 ejus
1019 841 1034 863 ”
1043 842 1125 904 (Rom.
1135 843 1187 894 nn
1198 857 1206 903 ς

218 923 233 959 2
267 927 302 959 or.
314 924 340 959 v.
354 922 402 959 ιο.

92 1044 211 1128 Opera,
230 1043 418 1108 secundum
434 1064 521 1126 quae
539 1042 703 1106 reddetur
719 1042 907 1125 unicnique,
925 1053 1005 1108 sunt
1024 1043 1107 1119 vita,
1127 1043 1204 1125 quia

92 1145 159 1206 vita
181 1142 263 1204 sacit
286 1139 355 1214 illa,
376 1148 412 1202 et
435 1138 622 1201 secundum
642 1139 748 1201 vitam
768 1147 857 1200 sunt.
903 1136 992 1220 Quia
1011 1140 1130 1202 datum
1150 1148 1203 1202 est

92 1238 167 1301 nihi
188 1254 247 1318 per
266 1235 379 1317 plures
396 1253 505 1296 annos
524 1253 590 1296 una
609 1254 685 1296 esse
704 1251 781 1295 cum
797 1232 942 1315 angelis,
959 1254 999 1297 ac
1020 1234 1111 1315 loqui
1128 1253 1204 1297 cum
1288 1225 1291 1231 ’

92 1332 228 1395 advenis
258 1350 276 1392 e
307 1328 445 1402 mundo,
470 1347 532 1409 pro
558 1337 656 1391 certo
679 1328 801 1390 testari
824 1347 965 1409 possum
988 1326 1079 1410 quod
1103 1347 1205 1390 unus·

92 1427 226 1508 quisque
250 1423 450 1504 exploretur
474 1423 518 1484 ibi
542 1422 651 1504 qualis
679 1422 710 1485 ei
739 1421 812 1485 vita
839 1422 910 1496 suit,
934 1433 971 1485 et
1000 1423 1091 1504 quod
1120 1423 1204 1495 vita,

92 1539 186 1602 quam
217 1518 394 1583 contraxit
425 1517 458 1578 in
489 1517 629 1591 mundo,
657 1526 795 1579 maneat
826 1515 921 1578 illum
951 1517 985 1578 in
1015 1525 1204 1579 aeternum.

92 1615 239 1678 Locutus
258 1631 332 1675 sum
349 1630 424 1674 cum
444 1610 521 1685 illis,
542 1612 597 1693 qui
613 1622 696 1675 ante
714 1609 853 1674 saecula
871 1611 1042 1685 vixerunt,
1063 1631 1203 1692 quorum

92 1709 156 1771 vita
179 1728 225 1771 ex
248 1706 420 1769 historicis
444 1705 527 1767 mihi
550 1715 634 1770 nota
657 1705 729 1780 suit,
751 1716 787 1768 et
810 1707 959 1788 cognovi
977 1705 1123 1770 similem
1143 1708 1203 1770 de-

92 1802 281 1884 scriptioni;
316 1810 353 1864 et
382 1801 494 1863 audivi
523 1800 568 1863 ab
589 1800 733 1881 angelis,
754 1801 844 1882 quod
872 1801 944 1864 vita
962 1800 1103 1882 alicujus
1125 1812 1203 1884 post

92 1906 233 1961 nortem
254 1915 322 1958 non
341 1895 450 1977 possit
472 1894 606 1969 mutari,
630 1895 708 1976 quia
724 1895 924 1976 organizata
943 1905 997 1958 est
1016 1897 1203 1959 secundum

92 2010 237 2056 amorem
257 1989 328 2071 ejus
347 1998 383 2052 et
402 1989 481 2051 inde
497 2009 622 2070 opera;
646 1998 681 2051 et
700 1990 790 2070 quod
809 1989 838 2050 si
856 2000 1057 2066 mutaretur,
1075 1992 1203 2055 discer-

92 2096 223 2168 peretur
239 2084 464 2166 organisatio,
478 2084 569 2164 quod
589 2101 755 2164 nusquam
771 2081 842 2146 fieri
861 2093 977 2164 potest
991 2105 999 2163 ;
1022 2094 1095 2148 tum
1112 2086 1202 2168 quod

92 2180 234 2243 mutatio
257 2177 525 2259 organizationis
548 2178 648 2239 detur
671 2177 769 2241 unice
799 2178 832 2240 in
857 2197 999 2259 corpore
1022 2181 1202 2257 materiali,

92 2285 121 2339 et
141 2294 278 2357 prorsus
292 2293 360 2337 non
377 2272 500 2335 dabilis
519 2271 552 2333 in
570 2291 713 2353 corpore
726 2272 906 2353 spirituali,
920 2283 1099 2356 postquam
1113 2278 1203 2357 prius

92 2366 248 2450 rejectum
266 2377 330 2431 est.
382 2366 539 2439 Tertium,
556 2367 648 2448 quod
667 2365 759 2429 malo
776 2375 857 2431 tunc
874 2368 1061 2449 imputetur
1076 2370 1203 2434 malum

92 2463 156 2545 ejus
174 2464 277 2537 vitae,
296 2470 331 2525 et
351 2462 441 2544 quod
462 2462 554 2524 bono
573 2462 760 2542 imputetur
779 2461 906 2525 bonum
922 2462 1003 2544 ejus.
1048 2463 1202 2546 Imputa-

92 2560 136 2622 tio
159 2557 240 2621 mali
264 2567 409 2619 nonest
433 2557 618 2630 accusatio,
643 2556 823 2629 incusati0,
848 2556 1036 2638 inculpatio
1058 2568 1094 2623 et
1114 2556 1203 2641 judi·

92 2653 180 2717 :atio
202 2653 290 2714 sicut
314 2653 347 2714 in
372 2651 510 2724 mundo,
536 2651 597 2713 sed
620 2651 730 2732 ipsum
753 2650 879 2714 malum
903 2652 967 2715 hoc
991 2653 1091 2717 lacit:
1123 2654 1204 2719 mali

92 2748 176 2812 enim
196 2767 241 2810 ex
259 2767 320 2809 suo
336 2746 443 2808 libero
459 2754 622 2827 separant
641 2766 678 2808 se
697 2766 717 2809 a
735 2747 845 2821 bonis,
863 2747 1022 2828 quoniam
1039 2767 1108 2811 non
1123 2769 1204 2831 pos·

92 2851 166 2906 sunt
185 2840 284 2903 simul
303 2862 399 2918 esse;
420 2839 569 2921 jucunda
587 2841 713 2903 amoris
736 2840 816 2903 mali
838 2851 1040 2906 aversantur
1054 2838 1205 2921 jucunda

92 2936 211 3000 amoris
228 2936 319 3010 boni,
333 2946 369 2999 et
385 2935 535 3016 jucunda
550 2956 596 2998 ex
612 2935 801 3017 unoquovis
818 2936 997 3011 exhalant,
1014 2938 1101 3002 sicut
1118 2939 1204 3002 odo·

92 3042 161 3096 rata
180 3052 224 3095 ex
248 3033 340 3093 omni
359 3030 546 3113 vegetabili
570 3030 603 3092 in
627 3030 745 3107 terris;
777 3050 845 3093 non
868 3031 959 3094 enim
978 3032 1206 3098 absorbentur

92 3136 121 3192 et
143 3125 365 3191 occultantur
387 3146 407 3189 a
429 3145 573 3206 corpore
592 3125 762 3188 materiali
781 3125 870 3188 sicut
892 3126 995 3208 prius,
1015 3126 1076 3191 sed
1099 3127 1205 3191 libere

92 3224 120 3287 ln
149 3240 266 3284 auram
295 3220 507 3303 spiritualem
538 3219 680 3284 effluunt
708 3241 753 3284 ex
779 3222 952 3283 amoribus
978 3221 1134 3285 illorum:
1166 3232 1203 3286 et

92 3318 164 3403 quia
184 3316 311 3379 malum
333 3317 377 3379 ibi
401 3317 549 3381 sentitur
567 3316 655 3379 sicut
678 3316 711 3378 in
734 3336 796 3378 suo
815 3317 931 3391 odore,
951 3326 1005 3379 est
1028 3317 1093 3380 hoc
1112 3317 1204 3398 quod

92 3420 239 3484 accusat,
264 3412 409 3485 incusat,
433 3410 587 3492 inculpat
617 3419 652 3474 et
679 3408 820 3490 judicat,
851 3430 920 3473 non
951 3430 1067 3474 coram
1089 3410 1204 3494 aliquo

92 3506 207 3584 iudice,
228 3506 289 3568 sed
309 3524 424 3569 coram
444 3506 632 3588 unoquovis
650 3506 706 3587 qui
730 3506 763 3568 in
786 3505 879 3568 bono
901 3514 975 3583 est;
1007 3515 1042 3570 et
1065 3504 1130 3571 hoc
1150 3516 1204 3570 est

92 3601 177 3684 quod
194 3599 398 3680 intelligitur
414 3621 475 3682 per
489 3601 762 3681 imputationem.
808 3599 999 3675 Praeterea,
1017 3600 1126 3664 malus
1142 3600 1203 3665 eli·

92 3696 137 3778 git
157 3695 282 3767 socios,
300 3715 376 3757 cum
392 3695 513 3776 quibus
529 3696 562 3758 in
579 3715 641 3758 sno
652 3694 803 3776 jucundo
818 3696 933 3771 vivat3
960 3705 996 3759 et
1012 3696 1090 3778 quia
1104 3716 1204 3761 aver·

92 3799 183 3854 satur
196 3788 382 3870 jucundum
399 3790 492 3865 boni,
510 3799 634 3871 sponte
650 3810 687 3853 se
702 3790 835 3853 confert
852 3791 895 3852 ad
914 3811 994 3856 suos
1013 3792 1047 3855 in
1062 3791 1203 3856 inferno.

92 3883 276 3967 lmputatio
299 3883 380 3948 boni
403 3882 442 3946 iit
465 3884 630 3948 similiter.
675 3883 752 3948 Hoc
776 3883 815 3948 fit
838 3885 916 3961 illis,
935 3886 991 3968 qui
1020 3886 1053 3948 in
1076 3887 1205 3950 mundo

92 3987 306 4061 agnoverunt
328 3979 418 4059 quod
442 3980 694 4043 omnebonum
717 3980 751 4043 in
774 3980 842 4043 illis
865 3981 909 4043 sit
940 3999 960 4041 a
984 3978 1144 4055 Domino,
1168 3989 1205 4044 et

92 4073 169 4139 nihil
185 4093 207 4136 a
223 4093 272 4135 se.
317 4071 363 4135 Hi
382 4082 567 4155 postquam
581 4076 776 4156 praeparati
793 4083 883 4147 sunt,
901 4073 1086 4137 mittuntur
1103 4073 1137 4138 in
1150 4071 1204 4155 ju·

92 4168 199 4233 cunda
218 4167 381 4231 interiora
399 4168 490 4242 boni,
511 4178 548 4232 et
570 4178 651 4232 tunc
671 4170 821 4249 aperitur
839 4167 907 4232 illis
929 4167 984 4231 via
1004 4167 1041 4231 in
1059 4167 1204 4244 caelum,

92 4264 128 4328 sd
150 4264 359 4329 societatem
378 4261 434 4326 ubi
457 4261 528 4345 ejus
543 4261 694 4345 jucunda
711 4264 929 4346 homogenea
951 4271 1051 4329 sunt:
1075 4261 1142 4327 boc
1165 4261 1205 4328 fit

92 4358 288 4425 aDomino.
