2782 5026
133 472 176 539 42
481 467 664 521 nnucms
686 464 916 520 SAPIENTIAE

136 647 205 710 post
217 637 339 693 delicias
351 653 412 693 non
426 637 501 693 fiant
512 636 628 700 maesti,
641 646 675 692 ut
689 635 782 707 aliqui
801 634 832 690 in
847 633 942 697 terris,
955 632 1008 688 sed
1024 630 1141 692 hilares.
1153 637 1183 685 et
1192 626 1243 682 hoc

135 717 193 773 illis
208 728 307 772 estex
324 717 388 789 jugi
407 717 520 772 influxu
539 717 704 772 recentium
722 716 830 772 virium
850 724 919 785 post
936 712 1060 784 priores.
1075 725 1152 781 quae
1168 723 1246 763 reno-

133 807 208 851 vant
219 805 250 852 et
262 797 352 852 simul
365 797 530 860 illustrant:
547 812 653 852 omnes
662 795 742 851 enim
752 795 804 866 qui
817 794 848 849 in
861 793 976 848 eaelum
986 791 1119 852 veniunt,
1130 787 1249 843 redeunt

135 876 165 930 in
178 891 300 931 vernam
316 892 400 931 suam
419 876 617 947 juventutem.
630 876 721 947 inque
733 874 812 930 vires
830 873 896 945 ejus
910 871 1026 932 aetatis,
1039 869 1128 925 etsie
1142 881 1251 940 perma-

133 966 207 1011 nent
222 955 252 1009 in
264 955 449 1011 aeternum.”

186 1034 262 1090 Tres
276 1034 383 1089 novitii
403 1034 450 1090 his
464 1034 584 1098 auditis,
597 1034 746 1096 dixerunt,
759 1039 776 1062 ‘⁴
787 1031 946 1103 Legiturne
959 1029 990 1084 in
1006 1027 1118 1091 Verbo.
1131 1026 1213 1098 quod
1225 1024 1253 1079 in

133 1114 218 1169 caelo
231 1129 292 1168 non
305 1114 416 1169 dentur
428 1114 560 1185 nuptiae,
572 1113 644 1184 quia
655 1123 728 1169 sunt
739 1111 839 1183 angeli
847 1111 878 1167 ?''

187 1192 237 1247 Ad
251 1192 325 1248 haec
337 1193 460 1263 spiritus
473 1193 599 1264 angelici
613 1193 840 1264 responderunt,
854 1187 1030 1260 “Suspicite
1043 1187 1075 1243 in
1087 1186 1215 1248 caelum,
1226 1192 1255 1239 et

133 1272 220 1327 vobis
235 1272 491 1342 respondebitur.”

188 1350 227 1406 Et
238 1351 461 1422 quaesiverunt,
473 1367 528 1406 cur
541 1350 729 1419 suspicerent
742 1349 772 1404 in
784 1349 911 1404 caelum.

187 1428 345 1493 Dixerunt,
359 1438 375 1460 ‘⁴
384 1429 463 1502 Quia
472 1431 551 1485 ,inde
569 1441 641 1485 sunt
653 1429 740 1484 nobis
752 1444 858 1484 omnes
872 1425 1137 1497 interpretationes
1152 1422 1259 1479 Verbi:

133 1507 265 1564 Verbum
278 1519 324 1564 est
338 1510 458 1580 penitus
470 1509 639 1579 spirituale:
654 1519 684 1564 et
697 1508 804 1580 angeli,
814 1507 885 1579 quia
897 1516 968 1563 sunt
980 1505 1164 1577 spirituales,
1172 1503 1258 1558 doce·

132 1588 209 1641 bunt
220 1589 407 1658 spiritualem
422 1586 608 1644 intellectum
620 1587 713 1659 ejus.’'

187 1666 227 1722 Et
238 1678 308 1737 post
320 1667 450 1738 aliquam
464 1683 578 1723 moram
592 1666 782 1738 aperiebatur
790 1666 906 1720 caelum
919 1679 1010 1735 supra
1021 1671 1114 1733 caput
1130 1660 1259 1720 illorum.

132 1746 204 1801 etin
217 1744 413 1816 conspetium
427 1746 545 1801 illorum
556 1757 704 1802 venerunt
713 1746 775 1800 duo
787 1745 895 1816 angeli,
908 1756 940 1799 et
952 1744 1105 1804 dixerunt,
1116 1741 1260 1795 “Dantur

132 1825 255 1895 nuptiae
269 1825 299 1879 in
311 1825 410 1887 caelis,
420 1826 499 1880 sicut
514 1825 543 1880 in
559 1825 661 1888 terris;
680 1825 733 1880 sed
748 1841 809 1880 non
822 1824 888 1879 aliis
904 1823 953 1884 ibi,
965 1838 1057 1893 quam
1071 1821 1124 1893 qui
1141 1821 1174 1875 in
1189 1834 1260 1874 con·

126 1903 216 1974 jugio
229 1904 300 1958 boni
319 1915 351 1958 et
362 1904 425 1959 veri
441 1914 520 1966 sunt,
535 1921 631 1975 neque
643 1904 693 1959 alii
706 1914 778 1959 sunt
790 1903 906 1974 angeli;
923 1916 1016 1973 quare
1032 1901 1159 1971 nuptiae
1174 1897 1260 1969 spiri·

131 2061 243 2116 dantur
258 2061 288 2115 in
303 2061 398 2124 terris,
411 2072 442 2116 et
456 2078 516 2116 non
529 2074 599 2132 post
611 2063 737 2125 obitum,
751 2062 792 2116 ita
807 2077 868 2116 non
884 2061 914 2115 in
927 2059 1034 2122 caelis;
1052 2059 1133 2114 sicut
1149 2056 1261 2112 dicitur

131 2141 170 2196 de
188 2139 321 2211 quinque
336 2140 503 2212 virginibus
521 2142 631 2204 stultis,
647 2141 677 2195 in
693 2141 813 2212 nuptias
828 2140 919 2195 etiam
933 2138 1078 2200 invitatis,
1094 2137 1179 2207 quod
1199 2151 1260 2190 non

131 2219 287 2290 potuerint
306 2219 425 2282 intrare,
443 2220 515 2291 quia
534 2220 592 2276 illis
610 2237 671 2275 non
690 2219 748 2274 luit
766 2219 941 2290 conjugium
962 2217 1035 2272 boni
1054 2227 1086 2271 et
1105 2216 1180 2277 veri,
1199 2229 1260 2269 non

130 2299 211 2353 enim
227 2297 285 2353 luit
300 2298 359 2354 illis
371 2299 480 2361 oleum,
496 2301 549 2354 sed
569 2301 662 2355 modo
677 2299 846 2370 lampades;
865 2314 918 2368 per
930 2295 1063 2351 ‘oleum’
1080 2294 1262 2365 intelligitur

130 2378 253 2440 bonum,
269 2387 301 2432 et
322 2394 375 2448 per
390 2378 575 2450 ‘lampades’
589 2394 711 2442 verum;
735 2394 772 2435 ac
786 2376 910 2449 ‘nuptui
928 2375 1011 2439 dari'
1027 2385 1075 2430 est
1095 2375 1211 2429 intrare
1230 2372 1260 2427 in

129 2457 255 2518 caelum,
268 2456 319 2511 ubi
332 2467 379 2512 est
393 2457 465 2511 illud
479 2457 681 2528 conjugium.”

183 2535 258 2590 Tres
271 2536 386 2597 novitii,
401 2537 447 2592 his
459 2536 572 2592 auditis
590 2535 743 2591 laetificati
762 2546 841 2598 sunt.
854 2550 889 2589 ac
908 2532 989 2605 pleni
1007 2531 1164 2587 desiderio
1177 2530 1263 2592 caeli.

129 2624 161 2669 et
173 2630 227 2684 spe
240 2614 411 2685 nuptiarum
428 2615 477 2677 ibi,
490 2625 521 2669 et
536 2615 685 2679 dixerunt,
698 2614 916 2671 “Studebimus
932 2611 1097 2667 moralitati
1111 2620 1144 2667 et
1157 2609 1263 2667 decori

130 2693 219 2758 vitae,
233 2703 268 2748 ut
279 2693 359 2749 votis
372 2692 548 2765 potiamur.”

643 3257 737 3346 [111.]

308 3451 367 3516 De
389 3449 518 3516 Statu
542 3450 750 3531 comucun
773 3467 865 3520 rosr
889 3455 1075 3520 Monrnn.

192 3667 265 3737 45.
296 3652 398 3734 Quod
414 3652 574 3734 conjugia
592 3653 625 3715 in
642 3654 745 3717 caelis
761 3656 839 3731 sint,
858 3677 940 3721 mox
957 3678 1060 3740 supra
1076 3668 1265 3723 ostensum

129 3755 203 3826 est;
234 3748 288 3811 hic
312 3767 413 3821 nunc,
434 3767 514 3809 num
537 3746 656 3821 foedus
679 3748 870 3829 conjugiale
890 3749 1029 3833 pactum
1053 3753 1087 3815 in
1113 3756 1263 3830 mundo,

129 3860 324 3904 mansurum
347 3851 383 3902 et
413 3840 537 3902 stabile
560 3839 708 3904 futurum
731 3843 778 3905 sit
802 3854 881 3922 post
905 3855 1067 3921 mortem,
1092 3847 1153 3910 vel
1179 3868 1265 3912 non.

131 3935 208 3998 Hoc
232 3935 310 4015 quia
338 3953 406 3995 non
434 3945 486 3996 est
516 3954 571 3996 res
596 3933 721 4013 judicii,
745 3937 805 3998 sed
829 3940 1077 4017 experientiae,
1103 3952 1142 4004 et
1172 3942 1265 4006 haec

129 4027 211 4090 mihi
223 4027 306 4090 data
322 4035 376 4088 est
393 4047 451 4106 per
468 4027 758 4091 consociationem
771 4049 847 4092 cum
864 4031 997 4110 angelis
1013 4041 1049 4096 et
1066 4035 1264 4113 spiritibus,

129 4141 150 4182 a
168 4139 222 4182 me
240 4119 445 4183 tradendum
465 4128 537 4195 est;
562 4129 598 4182 at
617 4140 722 4201 usque
740 4123 798 4196 ita,
817 4133 854 4186 ut
877 4144 1012 4205 quoque
1032 4128 1126 4190 ratio
1146 4129 1264 4194 adsti-

130 4212 275 4292 puletur.
321 4212 417 4273 Inter
432 4222 514 4274 vota
533 4223 568 4274 et
588 4213 755 4277 desideria
767 4215 949 4297 conjugum
965 4221 1073 4282 etiam
1092 4231 1150 4286 est
1171 4225 1264 4288 scire

130 4304 214 4368 illud
227 4327 235 4384 ;
254 4306 315 4368 viri
327 4305 417 4367 enim
430 4306 486 4385 qui
499 4317 696 4369 amaverunt
710 4329 834 4370 uxores
847 4330 934 4383 suas,
949 4312 975 4372 si
989 4323 1151 4378 mortuae
1164 4327 1263 4392 sunt,

130 4397 252 4462 volunt
267 4398 353 4462 scire
372 4417 452 4460 num
468 4398 556 4461 bene
574 4398 640 4461 illis
658 4401 713 4476 sit,
731 4401 886 4466 similiter
904 4423 1030 4468 uxores
1049 4427 1141 4490 quae
1158 4430 1260 4475 ama·
