2782 5026
523 451 706 503 tomeun
728 449 957 502 smmum!

695 667 770 754 [11.]

476 822 534 887 Da
558 820 760 903 CouJuons
782 837 825 891 ru
847 819 990 887 Canto.

237 987 303 1057 27·
335 972 438 1058 Quod
461 974 621 1056 conjugia
642 974 677 1037 in
700 973 804 1038 caelis
827 973 907 1048 sint,
932 992 1000 1037 non
1024 981 1143 1056 potest
1166 974 1297 1040 intrare

173 1067 276 1135 iidem
295 1069 430 1134 illorum
449 1071 505 1153 qui
524 1070 669 1134 credunt
688 1069 780 1152 quod
799 1069 905 1131 homo
923 1069 968 1132 sit
987 1069 1100 1132 anima
1118 1089 1179 1132 seu
1198 1071 1298 1151 spiri·

174 1175 230 1228 tus
247 1175 325 1247 post
342 1175 500 1239 mortem,
514 1175 549 1229 et
566 1165 609 1227 de
626 1165 739 1227 anima
757 1174 793 1228 et
809 1165 930 1246 spiritu
944 1163 1062 1227 fovent
1078 1163 1192 1227 ideam
1209 1166 1297 1228 sicut

174 1260 218 1322 de
241 1259 335 1322 tenui
358 1257 499 1322 aethere
525 1278 585 1322 seu
616 1268 819 1339 pneumate:
854 1269 927 1321 tum
950 1257 1007 1340 qui
1036 1258 1182 1322 credunt
1205 1260 1296 1342 quod

174 1351 280 1417 humo
299 1373 367 1417 non
384 1352 531 1417 vieturus
548 1354 592 1417 sit
610 1353 726 1427 homo,
744 1352 807 1415 nisi
826 1362 905 1434 post
924 1353 1014 1415 diem
1030 1353 1140 1416 ultimi
1155 1353 1297 1435 judicii3

173 1447 207 1510 in
228 1467 365 1528 genere,
384 1449 439 1530 qui
456 1448 539 1510 nihil
555 1449 668 1511 sciunt
686 1448 730 1510 de
747 1446 912 1527 spirituali
927 1448 1066 1522 mundo,
1079 1449 1113 1511 in
1133 1469 1202 1531 quo
1218 1459 1298 1513 sunt

174 1541 288 1624 angeli
307 1553 342 1606 et
361 1544 509 1622 spiritus,
530 1543 579 1605 ita
597 1542 652 1605 ubi
672 1552 751 1606 sunt
768 1541 853 1604 caeli
872 1551 908 1605 et
924 1541 1062 1604 inferni:
1087 1552 1123 1606 et
1142 1543 1221 1624 quia
1239 1543 1298 1607 ille

175 1637 321 1699 mundus
340 1635 506 1700 haetenus
525 1639 665 1718 ignotus
687 1636 760 1712 suit,
781 1646 816 1700 et
840 1655 978 1716 prorsus
1001 1655 1070 1699 non
1093 1639 1219 1700 scitum
1243 1648 1297 1702 est

174 1732 265 1813 quod
289 1731 404 1812 angeli
427 1731 514 1794 caeli
537 1733 605 1795 sint
628 1733 663 1795 in
685 1728 836 1813 perse&
855 1730 964 1795 forma
981 1729 1148 1806 homines,
1170 1735 1298 1813 pariter

82 1855 84 1859 ⁴
174 1827 314 1906 spiritus
330 1825 450 1888 inferni
468 1827 529 1889 sed
553 1827 586 1888 in
604 1823 815 1907 imperiecta,
835 1826 914 1888 ideo
933 1845 1001 1888 non
1020 1825 1163 1889 revelari
1184 1830 1298 1908 potuit

174 1919 301 2002 aliquid
330 1921 374 1983 de
403 1920 569 2001 conjugiis
598 1921 662 1983 ibi:
696 1918 817 1984 dilturi
846 1922 937 1983 enim
963 1929 1091 1995 essent,
1113 1919 1299 2002 Quomodo

175 2022 293 2095 potest
312 2015 425 2078 anima
444 2035 519 2077 curn
537 2014 660 2090 anima,
675 2034 734 2077 seu
753 2033 900 2095 pneuma
915 2034 992 2078 cum
1009 2024 1195 2094 pneumate
1214 2037 1298 2080 con·

171 2106 278 2189 jungi,
299 2109 386 2173 sicut
405 2109 531 2190 conjux
551 2128 628 2171 cum
644 2109 790 2191 conjuge
815 2110 848 2172 in
871 2109 992 2174 terris?
1025 2119 1161 2191 praeter
1180 2110 1299 2191 plura3

175 2223 262 2286 quae
275 2215 453 2267 momento
473 2215 509 2268 ut
528 2202 620 2267 dista
633 2213 723 2279 sunt,
738 2204 901 2269 tollerent
921 2213 956 2267 et
975 2205 1180 2286 dissiparent
1194 2205 1298 2269 fidem

174 2298 217 2361 de
234 2297 399 2380 conjugiis
415 2299 470 2362 ibi.
515 2297 567 2362 At
587 2319 687 2373 nunc,
704 2300 782 2382 quia
797 2298 950 2362 revelata
965 2309 1044 2362 sunt
1064 2298 1161 2380 plura
1178 2300 1223 2364 de
1239 2301 1298 2366 illo

175 2392 314 2468 mund0,
334 2404 370 2456 et
395 2414 528 2476 quoque
552 2394 744 2475 descriptus
763 2393 871 2476 qualis
894 2404 959 2467 est,
979 2394 1070 2475 quod
1093 2392 1220 2459 sactum
1243 2406 1298 2460 est

174 2487 208 2548 in
239 2507 342 2568 opere
369 2487 420 2550 De
443 2487 542 2552 Caelo
569 2497 602 2550 et
622 2487 770 2568 inferno,
794 2498 830 2552 et
860 2507 994 2570 quoque
1024 2488 1058 2550 in
1087 2488 1303 2571 Apocalypsi

174 2579 345 2656 Revelato,
360 2593 504 2662 possunt
518 2581 674 2663 conjugia
693 2584 738 2646 ibi
753 2583 827 2646 sisti
839 2581 1050 2658 confirmata,
1064 2583 1168 2647 etiam
1181 2604 1298 2649 coram

179 2675 318 2751 ratione,
339 2695 398 2757 per
417 2677 521 2739 haec:

354 2787 396 2855 (i.)
425 2788 509 2855 Quod
518 2786 600 2841 homo
611 2788 698 2841 uiuat
712 2788 806 2842 Homo
812 2793 881 2858 post
891 2789 1027 2844 Mortem

343 2857 396 2926 (ii.)
424 2859 588 2981 Quotsstunf
599 2859 751 2912 Masculus
763 2863 804 2912 sit
814 2861 974 2923 Masculus,
987 2864 1015 2914 et
1031 2860 1109 2931 quod
1117 2861 1244 2915 Femina
1257 2863 1300 2916 sit

520 2945 625 2984 emma.

331 2997 397 3065 (iii.)
424 2999 508 3068 Quod
529 3000 717 3122 suustAmar
737 2999 820 3069 apud
843 3005 1064 3072 unumquemuis
1082 3005 1151 3072 post
1169 3003 1298 3057 Mortem

493 3086 618 3122 manea.

333 3137 394 3208 (iv.)
423 3140 508 3210 Quod
513 3140 724 3208 principaliter
735 3142 828 3194 Amor
841 3141 953 3205 Sexus:
976 3148 1005 3196 et
1021 3143 1106 3212 apud
1114 3143 1178 3197 illos
1192 3147 1250 3213 qui
1264 3147 1299 3198 in

487 3211 602 3264 Caelum
615 3214 744 3272 veneunt,
757 3215 888 3279 quisunt
900 3216 955 3280 qui
968 3215 1140 3283 spirituales
1158 3217 1191 3267 in
1206 3218 1299 3271 terris

484 3281 574 3350 fiunt,
587 3282 680 3335 Amor
692 3283 874 3352 conjugtalts.

344 3351 395 3420 (v.)
421 3351 504 3405 Haec
509 3353 596 3421 plene
607 3353 778 3421 confirmata
785 3357 843 3422 per
854 3355 1037 3422 Autopsiam.

333 3422 394 3489 (vi.)
422 3422 628 3490 Consequenter
639 3423 717 3491 quod
728 3424 871 3493 eonjugm
883 3428 946 3478 sint
958 3429 990 3478 in
1004 3425 1106 3481 Caelis.

319 3492 393 3562 (vii.)
421 3494 506 3564 Quod
520 3494 692 3562 spirituales
712 3493 846 3563 Nuptiae
869 3495 1079 3566 intelligantur
1094 3501 1152 3566 per
1173 3498 1301 3552 Domini

492 3564 589 3625 verbo,
602 3565 680 3633 quod
683 3568 751 3633 post
771 3564 1015 3620 Resurretlionem
1034 3584 1090 3622 uon
1104 3568 1212 3623 dentur
1222 3575 1298 3640 nup·

492 3637 548 3690 tui.

176 3753 337 3840 Sequitur
356 3759 444 3818 nunc
463 3755 583 3819 horum
603 3755 792 3838 explicatio
808 3757 841 3820 in
861 3777 921 3822 suo
940 3761 1069 3824 ordine.

239 3849 306 3915 28.
332 3849 383 3931 (i.)
403 3849 500 3928 Quod
517 3850 625 3915 Homo
646 3851 743 3915 oioat
769 3852 876 3916 Homo
894 3864 974 3934 post
994 3853 1297 3938 Mortem-Quod

176 3947 281 4014 homo
299 3946 391 4009 vivat
411 3947 514 4010 homo
534 3957 612 4028 post
632 3958 791 4022 mortem,
807 3946 972 4012 haltenus
989 3952 1022 4012 in
1039 3951 1166 4013 mundo
1186 3953 1295 4015 nesci·

176 4051 250 4104 tum
269 4048 331 4113 est,
345 4061 390 4103 ex
410 4042 518 4103 causis
534 4041 576 4102 de
592 4041 712 4122 quibus
731 4061 813 4104 mox
833 4063 953 4124 supra3
980 4055 1015 4107 et
1034 4045 1124 4126 quod
1143 4046 1296 4110 mirabile

177 4143 241 4210 est,
255 4135 358 4197 etiam
375 4135 407 4196 in
426 4133 619 4198 Christiano
635 4135 729 4209 orbe,
743 4135 798 4199 ubi
815 4146 868 4201 est
882 4138 1044 4213 Verbum,
1059 4149 1093 4201 et
1110 4140 1188 4204 inde
1201 4140 1296 4203 illus·

178 4230 283 4292 tratio
302 4229 346 4292 de
365 4230 435 4291 vita
454 4239 606 4304 aeterna,
626 4238 661 4292 et
681 4229 736 4293 ubi
757 4231 833 4312 lpse
853 4231 1020 4316 Dominus
1039 4234 1154 4308 docet,
1174 4235 1267 4318 quod

227 4355 332 4406 Omnes
345 4357 442 4405 mortui
457 4367 606 4419 resurgant,
620 4369 647 4407 et
664 4361 736 4420 quod
753 4359 826 4410 Deus
841 4377 895 4410 non
911 4364 946 4412 sit
960 4373 1127 4414 mortuorum
1141 4364 1189 4414 sed
1202 4365 1296 4415 viven-

309 4422 375 4472 tium
390 4422 462 4473 Deus
475 4424 582 4484 (itaut.
595 4425 658 4474 xxii.
669 4437 708 4486 30,
722 4438 770 4487 313
787 4427 850 4477 Luc.
860 4443 902 4477 xx.
918 4441 957 4489 37,
971 4430 1019 4490 38).

595 4674 609 4703 N
