2782 5026
232 471 297 538 290
580 469 761 520 DELICIAE
785 467 1015 521 SAPIENTIAE

293 644 399 725 369·
424 639 521 725 (viii.)
549 641 646 719 Quod
653 639 817 724 zelotypt'a
829 641 927 705 detur
937 640 1131 723 spiritualis
1144 643 1235 724 apud
1241 665 1315 707 mont»
1386 722 1388 729 Ι

227 760 358 821 gamos,
371 747 404 801 et
418 737 588 802 naturalis
600 738 696 818 apud
699 735 1057 819 polygamos.-Quod
1071 737 1240 821 zelotypia
1250 738 1318 802 detu

217 833 413 918 -spiritualis
432 833 522 914 apud
542 852 778 913 monogamos,
799 843 853 897 est
876 833 956 916 quia
979 832 1014 895 hi
1037 833 1251 898 solummodo
1265 850 1317 917 pot·
1390 875 1391 878 =

231 941 311 993 sunt
338 930 488 1009 recipere
510 946 663 991 amorem
686 925 916 1009 conjugialem
939 929 1162 1009 spiritualem,
1187 940 1224 993 ut
1250 947 1319 1009 supra

230 1025 366 1088 abunde
385 1035 563 1087 ostensum
582 1034 656 1087 est:
681 1023 805 1087 dicitur
823 1023 915 1105 quod
934 1024 1046 1098 detur,
1067 1025 1129 1087 sed
1153 1023 1320 1106 intelligitur

230 1121 321 1203 quod
338 1120 427 1200 apud
447 1118 525 1181 illos
541 1118 662 1181 dabilis
681 1119 748 1196 sit;
770 1119 862 1201 quod
880 1139 949 1182 non
966 1120 1069 1182 detur
1087 1120 1152 1182 nisi
1171 1119 1254 1202 apud
1270 1137 1320 1199 per·

231 1236 358 1298 paucos
376 1216 410 1279 in
432 1214 628 1279 Christiano
644 1215 737 1287 orbe,
756 1215 812 1277 ubi
832 1214 990 1297 conjugia
1007 1216 1245 1297 monogamica
1257 1221 1320 1277 sunt.

230 1323 267 1376 at
286 1313 377 1395 quod
393 1332 497 1393 usque
517 1311 562 1373 ibi
581 1310 704 1372 dabilis
722 1311 778 1385 sit,
796 1331 897 1392 supra
913 1312 1017 1374 etiam
1035 1309 1267 1374 confirmatum
1278 1316 1323 1370 est.

232 1405 335 1488 Quod
358 1426 454 1469 amor
477 1405 679 1487 conjugialis
701 1406 792 1487 apud
817 1405 1023 1488 polygamos
1045 1406 1091 1470 sit
1120 1404 1282 1472 naturalis,
1298 1401 1323 1462 in

231 1501 343 1582 capite
363 1501 416 1563 De
430 1499 630 1581 Polygamia
648 1497 696 1580 (n.
711 1515 782 1581 345,
798 1499 875 1582 347)
894 1501 1071 1579 videatur;
1096 1501 1249 1564 similiter
1264 1509 1328 1561 tunc

231 1596 415 1678 zelotypia,
433 1596 511 1678 quia
528 1595 613 1658 haec
631 1596 784 1676 sequitur
800 1615 962 1659 amorem.
1008 1594 1129 1676 Qualis
1150 1607 1203 1659 est
1220 1592 1332 1670 zeloty-

231 1693 286 1773 pia
302 1691 574 1774 polygamorum,
589 1691 718 1754 docent
731 1690 943 1771 quorundam
956 1691 1144 1755 relationes
1157 1689 1343 1772 autopsicar:

231 1789 274 1851 de
290 1787 348 1850 illa
364 1787 453 1867 apud
467 1786 672 1864 orientales;
697 1806 784 1869 quae
800 1796 893 1861 sunt,
909 1787 1000 1869 quod
1018 1807 1146 1850 uxores
1163 1797 1197 1850 et
1213 1783 1349 1866 pellices

230 1883 466 1947 custodiantur
482 1883 570 1946 sicut
588 1883 745 1961 captivae
764 1882 797 1944 in
817 1880 1013 1961 ergastulis,
1030 1892 1065 1945 et
1085 1881 1238 1948 abomni
1254 1892 1349 1943 com-

232 1978 462 2042 municatione
481 1997 558 2040 curn
582 1977 661 2040 viris
680 1977 901 2040 detineantur
923 1985 959 2039 et
981 1987 1184 2054 arceantur;
1206 1971 1282 2058 quod
1297 1968 1351 2030 ir!

231 2092 410 2155 gynaecea
432 2092 492 2135 seu
515 2072 692 2135 conclavia
711 2072 890 2135 custodiae
914 2071 1057 2146 illarum,
1077 2093 1145 2136 non
1170 2058 1350 2135 ticeat'ali-

231 2169 283 2233 cui
301 2169 384 2243 viro,
402 2167 464 2231 nisi
481 2170 670 2231 comitante
687 2165 853 2241 eunucho,
870 2167 1018 2244 intrare;
1041 2178 1077 2231 et
1094 2168 1186 2249 quod
1202 2167 1354 2247 impense

232 2264 443 2339 observetur,
457 2262 484 2326 si
500 2262 614 2346 aliqua
630 2283 675 2325 ex
695 2262 761 2325 illis
780 2262 908 2326 lascivo
927 2263 1027 2326 oculo
1045 2273 1105 2326 aut
1124 2262 1220 2326 vultu
1237 2269 1348 2324 trans⁶

232 2369 371 2423 euntem
394 2356 570 2440 spectem
598 2367 634 2421 et
657 2358 749 2440 quod
772 2358 800 2420 si
823 2357 888 2421 hoc
912 2359 1209 2431 animadvertitur,
1227 2352 1354 2420 femina

232 2453 415 2518 mulctetur
435 2453 565 2535 plagis:
594 2464 630 2517 et
653 2455 681 2516 si
705 2452 881 2516 lasciviam
899 2462 1041 2517 exercet
1060 2472 1139 2516 curn
1158 2439 1353 2517 introdu8⁰

232 2548 345 2632 aliquo
368 2551 440 2613 viro
462 2550 497 2613 in
519 2549 644 2613 atrium
668 2569 727 2631 per
749 2558 873 2624 astum,
897 2559 956 2613 aut
978 2548 1177 2623 lorinsecus,
1197 2536 1360 2630 puniatu‘

233 2655 353 2709 morte.
1333 2709 1351 2727 ‚

295 2752 395 2821 370.
425 2740 482 2803 Ex
506 2738 558 2802 his
582 2739 719 2822 quidem
738 2738 946 2802 illustratum
969 2748 1036 2812 est,
1055 2738 1166 2820 qualis
1189 2748 1241 2802 est
1263 2720 1372 2819 ἰςιύ5

232 2835 455 2917 zelotypicus,
476 2837 509 2899 in
533 2856 634 2918 quem
653 2835 849 2898 exardescit
868 2854 965 2897 amor
986 2833 1188 2916 coniugialis
1207 2824 1378 2916 polygss'

232 2931 349 3007 micus,
371 2932 461 3013 quod
481 2933 525 2995 sit
544 2933 577 2994 in
597 2931 680 2994 iram
700 2941 735 2995 et
751 2927 957 3008 vindictam
980 2930 1014 2992 in
1037 2931 1121 2993 iram
1145 2929 1236 3011 apud
1254 2916 1388 2991 mars

231 3036 361 3101 suetos,
385 3037 421 3090 et
451 3026 484 3089 in
515 3024 701 3090 vindistam
724 3026 814 3108 apud
838 3027 1105 3101 immansuetos,
1141 3035 1178 3087 et
1207 3024 1271 3088 hoc
1300 3020 1318 3086 fi

231 3121 309 3203 quia
326 3141 422 3185 amor
438 3121 572 3186 illorum
588 3132 642 3185 est
658 3120 833 3196 naturalis,
851 3130 886 3184 et
906 3140 975 3183 non
993 3121 1177 3201 participat
1196 3141 1241 3184 ex
1257 3119 1305 3202 spi

231 3216 334 3293 tuali;
359 3218 423 3281 hoc
440 3219 659 3300 consequitur
675 3239 721 3281 ex
738 3217 985 3281 demonstratis
1000 3216 1033 3278 in
1051 3217 1164 3296 capite
1183 3217 1235 3280 De
1251 3214 1310 3279 Pol

231 3314 355 3392 gamia,
375 3334 421 3376 ex
441 3314 493 3376 his
513 3314 568 3389 ibi,
590 3311 692 3394 Quod
712 3312 915 3395 Polygamia
932 3313 976 3374 sit
996 3311 1155 3375 Lascivia
1180 3311 1228 3394 (n.
1252 3309 1326 3393 345)

230 3415 266 3469 et
282 3405 384 3488 Quod
405 3407 621 3490 Polygamus,
639 3409 799 3490 quamdiu
815 3416 932 3470 manet
952 3407 1172 3489 Polygamus,
1190 3408 1235 3471 sit
1254 3417 1334 3469 natu

231 3504 321 3578 ralis,
342 3514 377 3567 et
408 3524 477 3566 non
501 3503 571 3567 fieri
595 3505 704 3585 possit
728 3501 912 3584 spiritualis
938 3500 986 3583 (n.
1011 3500 1100 3584 347).
1146 3499 1251 3565 Alius
1272 3521 1344 3564 ver·

231 3609 285 3662 est
307 3599 395 3680 ignis
419 3599 631 3681 zelotypicus
654 3599 744 3680 apud
763 3617 991 3679 monogamos
1011 3596 1209 3660 naturales:
1234 3595 1350 3659 horum

230 3713 326 3756 amor
345 3714 413 3757 non
432 3696 482 3758 ita
501 3695 700 3758 accenditur
716 3703 837 3758 contra
852 3693 1007 3766 seminas,
1025 3692 1085 3755 sed
1105 3702 1232 3756 contra
1246 3693 1350 3758 viola·

231 3799 343 3867 tores;
368 3800 489 3853 contra
506 3790 569 3853 hos
586 3789 623 3853 fit
640 3791 698 3863 ira,
719 3799 755 3852 et
771 3799 892 3852 contra
906 3787 983 3851 illas
999 3787 1123 3868 frigus:
1147 3787 1251 3851 aliter
1266 3786 1352 3871 apud

231 3885 447 3968 polygamos,
467 3905 610 3967 quorum
634 3883 827 3966 zelotypiae
850 3884 938 3965 ignis
961 3883 1066 3946 etiam
1088 3881 1216 3964 flagrat
1240 3893 1353 3948 oestro

231 3978 419 4044 vindictae:
455 3980 521 4043 hoc
544 3981 633 4044 inter
656 3999 776 4043 causas
798 3979 903 4042 etiam
932 3988 997 4053 est,
1021 3977 1114 4061 quod
1138 3977 1284 4059 pellices
1319 3987 1353 4043 et

230 4096 357 4139 uxores
377 4074 638 4157 polygamorum
662 4085 741 4156 post
765 4084 912 4138 mortem
931 4073 1043 4155 quoad
1068 4072 1202 4154 plurem
1221 4083 1354 4156 partem

231 4173 527 4247 manumittantur,
545 4181 580 4234 et
601 4171 644 4233 ad
664 4191 842 4252 gynaecea
858 4189 927 4233 non
946 4169 1130 4243 custodita,
1148 4169 1194 4232 ad
1214 4170 1354 4235 concin-

230 4267 382 4329 nandum
395 4265 498 4341 varia,
513 4286 600 4348 quae
613 4286 792 4348 operarum
806 4265 1019 4330 muliebrium
1032 4274 1122 4337 sunt,
1139 4263 1354 4347 delegentur.

292 4373 385 4441 371.
410 4359 488 4443 (ix.)
516 4359 613 4437 Quod
636 4359 801 4441 zelotypia
827 4360 923 4440 apud
946 4359 1021 4422 illos
1047 4358 1210 4440 conjitges,
1236 4358 1298 4441 qui
1322 4379 1357 4422 se

229 4463 337 4517 tenere
354 4465 480 4534 amant,
497 4456 544 4519 sit
549 4457 668 4540 justus
684 4456 780 4518 dolor
794 4476 837 4518 ex
850 4475 937 4519 sana
952 4453 1061 4518 ration
1081 4501 1088 4530 ,
1109 4473 1149 4516 ne
1166 4475 1264 4517 arator
1280 4475 1354 4517 con·

1358 3115 1391 3142 f
