2850 5026
306 427 357 479 os
380 422 951 494 nnonaconjoo1ns1.-n.235.
1126 425 1184 491 191

176 597 282 667 (xviii.)
311 599 421 659 Tertia.
434 603 476 652 est
489 599 661 667 impotentia
674 601 745 650 ante
756 594 935 664 conjugium.

199 670 280 739 (xix.)
309 669 394 739 Quod
403 669 581 723 adulterium
594 671 635 721 sit
646 684 734 721 causa
747 666 879 720 divortii.

210 741 281 810 (xx.)
308 740 394 810 Quod
407 756 512 794 causae
529 738 719 792 accidentales
739 739 828 790 etiam
846 737 908 788 sicit
921 733 1042 803 plures:
1064 738 1092 786 et
1109 731 1189 802 quod

379 810 487 864 harum
496 812 600 880 prima
612 811 653 863 sit
664 823 811 862 commune
822 822 859 859 ex
864 807 943 876 jugi
953 805 1042 858 licito.

200 880 282 951 (xxi.)
310 880 449 943 Secunda,
465 881 545 949 quod
559 880 735 936 cohabitatio
752 895 817 932 cum
836 878 958 947 conjuge
974 892 1012 929 ex
1021 874 1144 948 saedere
1157 879 1185 930 et

378 952 440 1022 lege
450 951 590 1005 videatur
601 951 705 1012 coatia,
718 955 746 1003 ei
758 965 814 1001 non
826 947 926 1000 libera.

189 1022 282 1092 (xxii.)
314 1023 342 1076 Τ
338 1025 422 1085 ertia,
436 1023 595 1092 affirmatio
610 1020 646 1074 ab
664 1037 763 1081 uxore,
776 1025 804 1073 et
821 1018 1022 1072 sermocinatio
1040 1015 1075 1070 de
1088 1032 1186 1070 amore

175 1164 281 1234 (xxiii.)
309 1093 587 1234 Quapttafttpffm
597 1164 665 1216 vrri
674 1162 806 1215 interdiu
818 1166 847 1214 et
859 1159 939 1213 notia
951 1158 987 1213 de
998 1174 1096 1218 uxore.
1130 1157 1188 1213 uod

378 1236 450 1358 νιὲἰί
458 1255 471 1298 ,·
488 1241 516 1288 et
525 1236 653 1288 vt'cr'ssim
664 1234 802 1304 cogitatio
811 1233 914 1285 uxoris
925 1229 960 1283 dc
968 1231 1035 1283 vr'ra
1043 1244 1099 1298 quo
1128 1244 1184 1281 non

377 1309 457 1359 vet't.

178 1374 281 1444 (xxiv.)
309 1376 395 1446 Quod
408 1378 485 1430 sicut
494 1376 603 1446 frigus
614 1380 656 1428 est
674 1376 707 1426 in
723 1378 821 1434 mente,
837 1374 925 1426 ettam
943 1373 983 1424 sit
1000 1371 1032 1422 in
1047 1373 1165 1439 corpore
1171 1388 1185 1432 ,·

377 1454 406 1501 ct
417 1447 495 1517 quod
502 1445 657 1499 secundum
662 1446 798 1516 frigoris
809 1444 894 1497 illius
905 1445 1092 1501 incrementa.
1101 1439 1183 1494 clau·

377 1518 490 1570 dantur
501 1519 589 1570 etiam
603 1523 723 1570 externa
737 1517 874 1584 corporis.

60 1647 220 1731 Sequitur
236 1667 325 1710 nunc
344 1647 465 1711 horum
482 1645 681 1729 explicatio.
1117 1684 1119 1689 ·

122 1756 220 1824 235.
245 1741 296 1824 (i.)
324 1741 421 1819 Quod
438 1741 485 1804 sit
506 1740 598 1804 calor
618 1739 823 1821 spiritualis,
842 1749 875 1803 et
891 1739 982 1822 quod
1000 1738 1047 1803 sit
1055 1738 1182 1819 frigus

58 1835 240 1918 spirituale
248 1859 264 1911 ‚·
287 1846 320 1899 et
336 1837 426 1918 quod
436 1835 528 1899 calor
543 1834 735 1916 spiritualis
752 1835 799 1897 sit
812 1856 916 1909 amor,
930 1843 962 1897 et
967 1834 1094 1915 frigus
1110 1833 1181 1914 spi·

59 1931 184 1995 rituale
206 1931 361 2012 prioatio
388 1929 618 2016 que-Calor
646 1929 831 2013 spiritualis
860 1948 929 1991 non
958 1929 1096 1992 aliunde
1126 1938 1181 1992 est

59 2046 161 2109 quam
181 2047 226 2089 ex
250 2025 323 2089 sole
347 2027 465 2090 mundi
487 2024 696 2108 spiritualis;
720 2034 774 2088 est
798 2025 888 2087 enim
912 2024 957 2087 ibi
980 2023 1032 2086 sol
1061 2043 1182 2106 proce·

59 2121 185 2184 densa
204 2121 364 2195 Domino,
386 2122 441 2203 qui
460 2131 514 2184 est
537 2121 570 2184 in
594 2121 707 2183 medio
724 2119 815 2200 ejus;
840 2129 874 2182 et
895 2119 973 2201 quia
991 2126 1046 2183 est
1066 2139 1086 2180 a
1108 2117 1182 2181 Do·

61 2216 164 2290 mino,
189 2225 243 2279 est
267 2215 320 2278 sol
348 2214 406 2278 ille
435 2216 468 2278 in
492 2235 554 2278 sua
576 2215 765 2278 existentia
787 2232 888 2297 purus
911 2232 1026 2276 amor:
1050 2212 1104 2276 hic
1128 2211 1181 2276 sol

58 2319 203 2393 apparet
227 2329 343 2372 coram
373 2309 506 2390 angelis
530 2311 661 2391 igneus,
685 2329 822 2392 prorsus
845 2309 933 2371 sicut
956 2318 1099 2388 apparet
1128 2307 1180 2371 sol

59 2405 167 2468 nostri
185 2405 304 2467 mundi
319 2425 435 2469 coram
453 2405 668 2483 hominibus;
691 2405 781 2486 quod
799 2413 963 2486 appareat
981 2405 1111 2484 igneus,
1126 2413 1180 2467 est

58 2500 135 2582 quia
158 2520 255 2563 amor
277 2510 332 2563 est
355 2501 444 2581 ignis
467 2498 662 2583 spiritualis
707 2498 764 2561 Ex
787 2498 848 2561 illo
870 2497 944 2560 sole
965 2498 1119 2580 procedit
1143 2507 1180 2561 et

58 2593 151 2657 calor
174 2605 209 2658 et
235 2594 315 2673 lux;
340 2596 401 2659 sed
425 2597 503 2678 quia
525 2593 577 2657 sol
601 2593 659 2656 ille
682 2605 736 2657 est
760 2614 861 2676 purus
885 2613 991 2667 arnor,
1008 2602 1063 2656 est
1086 2592 1181 2656 calor

57 2688 136 2751 inde
165 2690 200 2752 in
231 2710 291 2753 sua
321 2691 472 2754 essentia
501 2709 606 2764 amor,
631 2700 667 2753 et
698 2688 757 2752 lux
786 2690 865 2752 inde
889 2689 922 2751 in
946 2709 1005 2752 sua
1028 2690 1180 2752 essentia

59 2783 248 2865 sapientia;
272 2786 350 2849 inde
374 2795 483 2867 patet,
508 2784 598 2848 unde
621 2784 716 2848 calor
739 2784 934 2866 spiritualis,
959 2792 995 2847 et
1019 2784 1111 2866 quod
1134 2784 1179 2846 sit

58 2896 163 2941 amor.
209 2879 312 2943 Unde
342 2891 458 2943 autem
488 2889 542 2943 est
571 2879 677 2961 frigus
707 2878 894 2962 spirituale,
927 2881 1043 2961 paucis
1073 2879 1178 2943 etiam

58 2974 293 3055 evulgabitur:
318 2983 372 3038 est
391 2973 475 3038 illud
493 2996 538 3038 ex
558 2974 631 3038 sole
650 2975 766 3038 mundi
785 2972 962 3048 naturalis,
976 2994 1088 3056 exque
1107 2972 1179 3054 ejus

57 3068 172 3132 calore
202 3079 238 3132 et
262 3069 358 3147 luce;
385 3068 437 3132 sol
462 3071 578 3133 mundi
601 3069 766 3133 naturalis
795 3079 848 3133 est
876 3079 1023 3142 creatus,
1047 3079 1085 3133 ut
1108 3068 1179 3150 ejus

58 3163 153 3227 calor
172 3174 207 3227 et
225 3164 285 3227 lux
305 3166 338 3227 in
358 3185 395 3228 se
414 3166 582 3247 recipiant
600 3164 750 3228 calorem
770 3174 805 3227 et
825 3163 936 3227 lucem
954 3163 1178 3246 spiritualem,

57 3268 93 3321 et
112 3259 233 3321 mediis
251 3261 502 3343 atmosphaeris
518 3260 629 3323 serant
648 3259 712 3322 hos
731 3279 836 3341 usque
855 3261 898 3323 ad
918 3259 1040 3323 ultima
1059 3261 1091 3322 in
1112 3259 1178 3323 tel·

59 3351 141 3429 lure,
166 3365 203 3417 ut
227 3353 378 3418 efficiant
401 3352 541 3418 effestus
564 3354 690 3428 finium,
712 3355 767 3437 qui
791 3365 871 3418 sunt
897 3354 1035 3418 Domini
1059 3355 1092 3418 in
1116 3376 1179 3418 suo

58 3447 143 3525 sole,
157 3459 192 3512 et
210 3471 343 3532 quoque
360 3458 398 3513 ut
414 3449 576 3513 amiciant
592 3449 778 3531 spiritualia
794 3449 947 3512 vestibus
963 3449 1177 3532 adaequatis,

10 3554 13 3565 '
57 3544 122 3608 hoc
142 3555 207 3618 est,
228 3546 391 3620 materiis,
412 3545 455 3606 ad
475 3545 686 3627 operandum
709 3543 794 3607 fines
818 3544 957 3608 ultimos
980 3546 1013 3608 in
1037 3555 1178 3622 natura;

57 3637 142 3702 haec
161 3637 258 3713 fiunt,
278 3658 355 3702 cum
374 3637 469 3702 calor
487 3637 672 3721 spiritualis
691 3637 859 3720 injundius
878 3649 931 3703 est
952 3638 1056 3702 calori
1077 3649 1177 3702 natu-

57 3733 138 3796 rali:
174 3741 211 3796 at
235 3734 443 3796 contrarium
470 3732 519 3807 fit,
544 3734 624 3795 dum
651 3745 830 3816 separatur
854 3734 948 3798 calor
970 3733 1135 3797 naturalis
1158 3754 1179 3797 a

57 3829 172 3892 calore
191 3827 368 3910 spirituali,
388 3828 480 3911 quod
503 3827 541 3891 fit
563 3829 654 3911 apud
676 3828 755 3892 illos
774 3831 830 3913 qui
852 3840 971 3892 amant
995 3829 1175 3904 naturalia,

57 3944 96 3987 ac
109 3922 266 4004 rejiciunt
281 3924 489 4005 spiritualia3
513 3925 603 4007 apud
620 3925 684 3988 hos
699 3924 737 3988 fit
750 3924 844 3987 calor
856 3922 1040 4007 spiritualis
1053 3923 1176 4004 frigus:

57 4019 149 4101 quod
180 4018 249 4081 bini
276 4018 324 4081 illi
354 4038 489 4082 amores
518 4040 565 4082 ex
594 4020 770 4083 creatione
798 4020 998 4094 concordes,
1022 4017 1106 4081 fiant
1127 4019 1178 4082 ita

57 4113 218 4197 oppositi,
239 4124 292 4176 est
311 4133 424 4189 causa,
445 4115 523 4197 quia
542 4123 624 4178 tunc
644 4113 737 4178 calor
755 4115 913 4178 dominus
935 4113 974 4177 fit
993 4112 1087 4177 calor
1105 4134 1177 4177 ser·

59 4227 130 4285 vus,
150 4228 189 4272 ac
210 4208 379 4286 vicissim;
403 4217 439 4272 et
463 4229 506 4272 ne
528 4208 594 4272 hoc
617 4207 689 4284 fiat,
709 4209 840 4273 recedit
864 4207 957 4272 calor
979 4207 1175 4289 spiritualis.

55 4304 112 4385 qui
138 4324 184 4366 ex
209 4322 269 4366 sua
295 4304 401 4386 stirpe
425 4313 479 4368 est
502 4304 679 4381 dominus;
702 4314 739 4368 et
763 4314 844 4368 tunc
868 4304 902 4367 in
925 4300 1084 4385 subjectis
1108 4301 1175 4365 illis

58 4397 151 4462 calor
169 4397 355 4481 spiritualis
377 4398 490 4481 friget,
510 4400 589 4482 quia
611 4398 649 4464 fit
673 4400 864 4483 oppositus.
908 4397 965 4462 Ex
987 4398 1040 4463 his
1062 4405 1174 4482 patet.
