2850 5026
401 456 452 506 ua
475 454 610 506 anona
632 453 1023 523 couJuo1aa1.-u.93.
1234 440 1275 522 87

217 645 287 713 91.
310 625 413 711 Quod
429 637 545 693 autem
568 627 693 692 semina
712 637 872 692 nascatur
894 635 931 691 ut
951 627 995 691 sit
1014 625 1206 691 voluntaria
1229 647 1274 690 ex

157 721 378 788 intellectuali
401 725 473 799 viri,
498 744 558 786 seu
581 723 672 806 quod
702 722 803 798 idem,
828 733 866 787 ut
896 723 941 786 sit
967 742 1064 786 amor
1087 721 1274 803 sapientiae

156 819 224 892 viri,
244 819 323 901 quia
344 838 406 900 per
426 819 629 900 sapientiam
653 817 723 898 ejus
741 818 887 881 formata
909 826 962 880 est
988 815 1045 897 (de
1069 837 1137 899 quo
1158 817 1274 878 videa·

157 926 209 976 tur
238 931 349 992 supra,
369 932 402 974 n.
430 914 481 987 88,
502 911 571 994 89),
591 923 751 976 constare
776 913 878 976 etiam
904 921 1022 994 potest
1052 931 1097 974 ex
1128 911 1276 974 feminae

156 1004 341 1082 affectione,
356 1006 426 1086 ejus
442 1008 684 1088 applicatione,
698 1006 770 1087 ejus
783 1007 943 1082 moribus
958 1017 993 1069 et
1009 1027 1054 1069 ex
1071 1005 1142 1087 ejus
1157 1005 1274 1070 forma.

156 1102 209 1164 Ex
228 1101 375 1165 feminae
394 1098 577 1184 affictione,
597 1102 688 1183 quod
708 1103 752 1165 sit
772 1098 906 1165 affectio
925 1101 1062 1164 amandi
1082 1101 1272 1175 scientiam,

154 1196 418 1277 intelligentiam
442 1205 477 1259 et
501 1197 715 1279 sapientiam,
736 1206 893 1260 attamen
923 1216 992 1258 non
1022 1196 1055 1258 in
1083 1215 1119 1258 se
1149 1195 1210 1258 sed
1240 1196 1274 1258 in

154 1291 236 1367 viro,
253 1301 290 1354 et
319 1291 367 1353 sic
397 1291 525 1369 virum;
562 1311 630 1354 non
654 1292 744 1354 enim
771 1300 890 1372 potest
909 1291 1013 1353 amari
1043 1291 1093 1352 vir
1122 1311 1167 1353 ex
1200 1289 1275 1353 sola

154 1384 268 1460 forma,
289 1386 381 1468 quod
397 1396 561 1468 appareat
578 1387 665 1449 sicut
683 1386 799 1461 homo,
817 1386 877 1449 sed
894 1407 938 1448 ex
958 1385 1041 1449 dote
1058 1405 1144 1466 quae
1161 1386 1194 1447 in
1213 1384 1274 1449 illo

153 1489 215 1554 est,
239 1501 327 1563 quae
350 1480 432 1544 facit
459 1492 496 1544 ut
527 1483 572 1543 sit
595 1480 709 1544 homo.
754 1481 811 1544 Ex
836 1480 906 1562 ejus
928 1480 1156 1561 applicatam,
1181 1482 1273 1562 quod

153 1576 195 1640 sit
224 1576 269 1639 ad
291 1575 375 1639 talia
392 1597 478 1658 quae
498 1587 577 1639 sunt
607 1596 712 1656 opera
731 1595 903 1650 manuum,
923 1586 959 1639 et
985 1585 1153 1639 vocantur
1180 1584 1272 1648 neta,

152 1669 318 1753 acupicta,
339 1681 374 1735 et
401 1670 469 1734 alio
501 1672 648 1746 nomine,
668 1672 890 1734 inservientia
920 1670 963 1733 ad
993 1681 1145 1744 ornatus,
1170 1678 1205 1733 et
1228 1669 1272 1734 ad

152 1765 382 1830 decorandum
405 1786 452 1841 se,
472 1776 508 1829 et
532 1767 575 1829 ad
599 1766 825 1830 exaltandum
848 1766 1136 1847 pulchritudinem
1155 1784 1270 1828 suam:

152 1872 185 1924 et
209 1861 346 1940 insuper
363 1861 408 1923 ad
430 1861 524 1924 varia
541 1860 653 1925 officia
671 1883 757 1945 quae
777 1870 945 1925 vocantur
964 1862 1165 1935 domestica,
1186 1881 1272 1943 quae

151 1954 340 2037 adjungunt
363 1976 400 2018 se
419 1954 537 2018 officiis
553 1958 711 2031 virorum,
729 1977 826 2039 quae,
850 1966 888 2020 ut
911 1953 1123 2030 dictumest,
1143 1976 1270 2019 vocan-

152 2060 205 2114 tur
222 2049 388 2113 forensia:
413 2051 499 2113 haec
516 2061 595 2114 sunt
615 2052 681 2115 illis
700 2072 745 2114 ex
765 2050 986 2114 inclinatione
1002 2051 1046 2113 ad
1066 2048 1270 2131 conjugium,

151 2155 187 2208 ut
205 2143 289 2209 fiant
309 2165 445 2220 uxores,
463 2154 499 2208 et
517 2147 565 2208 sic
586 2166 689 2208 unum
705 2166 783 2208 cum
803 2146 942 2208 maritis.
989 2142 1090 2225 Quod
1113 2145 1147 2207 id
1167 2145 1271 2207 etiarn

150 2249 312 2323 appareat
331 2261 375 2304 ex
393 2239 550 2315 moribus,
568 2251 603 2304 et
613 2242 743 2321 forma,
764 2241 892 2323 absque
911 2240 1144 2321 explicatione
1163 2248 1271 2320 patet.

212 2346 282 2414 92.
309 2331 371 2416 (v.)
400 2333 496 2412 Quod
510 2356 552 2396 ex
566 2333 696 2418 instuxu
711 2335 857 2420 conjugii
869 2334 990 2397 boniet
1004 2333 1079 2397 veri
1093 2355 1114 2396 a
1132 2333 1272 2395 Donu'no

150 2428 195 2492 sit
209 2449 305 2492 amor
321 2449 432 2504 sexus,
448 2439 481 2493 et
498 2429 589 2512 quod
599 2430 650 2493 sit
665 2451 760 2493 amor
774 2427 1125 2512 configistis—Quod
1142 2428 1270 2490 bonum

151 2533 185 2586 et
213 2543 331 2586 verum
354 2524 423 2586 sint
446 2524 649 2586 universalia
672 2525 866 2598 creationis
892 2534 927 2587 et
950 2523 1028 2586 inde
1055 2523 1088 2585 in
1115 2522 1271 2586 omnibus

150 2616 308 2700 subjectis
330 2621 475 2698 creatis;
506 2630 542 2683 et
564 2620 656 2702 quod
685 2621 719 2683 in
749 2620 801 2683 his
824 2622 893 2683 sint
915 2618 1102 2683 secundum
1126 2617 1271 2699 cujusvis

149 2713 311 2791 sormam3
344 2724 380 2778 et
403 2715 494 2796 quod
516 2715 645 2778 bonum
668 2724 704 2778 et
736 2735 854 2778 verum
877 2735 946 2779 non
970 2723 1007 2778 ut
1038 2716 1116 2790 duo,
1142 2714 1201 2777 sed
1233 2725 1270 2777 ut

151 2828 252 2872 unum
281 2810 471 2891 procedant
500 2831 520 2873 a
554 2810 715 2885 Domino,
740 2831 841 2891 supra
873 2810 920 2892 (n.
950 2810 1069 2892 84—87)
1093 2819 1270 2873 ostensum

150 2913 222 2982 est;
250 2924 296 2967 ex
319 2904 370 2967 his
390 2905 552 2986 sequitur,
572 2905 664 2987 quod
683 2905 890 2968 universalis
908 2904 1056 2986 sphaera
1073 2903 1269 2988 conjugialis

149 3000 312 3079 procedat
336 3021 357 3063 a
380 3000 540 3075 Domino,
561 3019 600 3062 ac
625 3001 792 3081 pervadat
815 3002 1008 3064 universum
1038 3021 1058 3064 a
1088 3001 1202 3082 primis
1225 3000 1268 3063 ad

150 3093 269 3158 ultima
291 3093 371 3176 ejus,
391 3095 440 3159 ita
462 3095 506 3158 ab
529 3094 660 3176 angelis
680 3116 785 3178 usque
808 3096 851 3158 ad
875 3114 1019 3158 vermes.
1065 3093 1167 3177 Quod
1190 3093 1269 3157 talis

148 3191 293 3272 sphaera
311 3189 458 3272 conjugii
476 3191 557 3254 boni
576 3201 611 3254 et
630 3191 701 3254 veri
718 3191 883 3273 procedat
902 3212 922 3254 a
941 3191 1101 3264 Domino,
1119 3197 1172 3253 est
1192 3191 1269 3271 quia

149 3286 205 3351 illa
223 3286 330 3351 etiam
349 3296 403 3349 est
422 3286 565 3368 sphaera
585 3287 854 3368 propagationis,
875 3286 940 3349 hoc
964 3296 1028 3361 est,
1049 3284 1268 3368 prolificatio·

150 3384 198 3445 nis
210 3392 247 3446 et
262 3378 549 3459 fructificationis3
573 3391 609 3444 et
624 3380 709 3444 haec
723 3381 845 3444 eadem
858 3391 911 3445 est
927 3400 1004 3443 cum
1019 3381 1143 3443 Divina
1154 3379 1267 3461 provi·

148 3477 264 3540 dentia
275 3477 546 3540 conservationis
557 3477 703 3539 universi
719 3496 778 3557 per
794 3476 1005 3540 successivas
1018 3475 1267 3557 generationes.

149 3569 246 3634 Nunc
266 3572 344 3653 quia
362 3569 509 3653 sphaera
527 3570 586 3633 illa
605 3570 817 3645 universalis,
838 3591 925 3652 quae
944 3580 998 3633 est
1017 3568 1167 3650 conjugii
1186 3568 1268 3633 boni

148 3674 181 3728 et
204 3665 286 3740 veri,
311 3664 420 3728 influit
443 3666 478 3728 in
501 3663 655 3747 subjecta
678 3665 866 3729 secundum
885 3664 1031 3746 cujusvis
1054 3665 1199 3727 sormam
1217 3661 1265 3746 (n.

148 3757 214 3841 86),
229 3761 383 3843 sequitur
394 3759 485 3841 quod
502 3759 674 3823 masculus
689 3761 831 3841 recipiat
847 3759 942 3822 illam
956 3760 1143 3822 secundum
1157 3776 1264 3831 suam,

148 3853 195 3916 ita
212 3855 247 3918 in
266 3853 455 3930 intellectu,
470 3856 548 3937 quia
564 3854 622 3918 ille
641 3864 695 3918 est
714 3854 822 3917 forma
835 3852 1098 3930 intellectualis3
1121 3863 1157 3915 et
1174 3853 1265 3934 quod

147 3947 271 4011 semina
293 3949 445 4031 recipiatv
464 3948 558 4012 illam
582 3948 769 4012 secundum
793 3967 900 4022 suam,
925 3949 975 4011 ita
1007 3949 1041 4010 in
1071 3946 1263 4021 voluntate,

147 4044 224 4125 quia
242 4044 304 4107 illa
322 4053 376 4108 est
395 4045 504 4107 forma
521 4043 717 4107 voluntaria
736 4065 782 4107 ex
801 4040 1026 4107 intellectuali
1038 4041 1118 4118 viri;
1142 4041 1265 4123 etquia

147 4139 266 4202 eadem
282 4137 342 4202 illa
357 4139 502 4221 sphaera
518 4140 623 4203 etiam
639 4149 693 4203 est
710 4138 855 4221 sphaera
872 4137 1139 4221 prolificationis,
1152 4137 1265 4219 sequi·

147 4240 200 4296 tur
216 4233 307 4315 quod
326 4233 406 4296 inde
424 4235 469 4297 sit
488 4254 584 4297 amor
603 4254 718 4298 sexus.

208 4340 280 4408 93.
304 4326 407 4410 Quod
423 4329 528 4391 etiam
544 4328 623 4392 inde
639 4330 683 4392 sit
700 4347 797 4392 amor
811 4326 1023 4410 coniugialis,
1041 4334 1095 4389 est
1111 4326 1188 4408 quia
1204 4324 1265 4390 illa

147 4421 293 4506 sphaera
318 4422 427 4488 influit
456 4423 491 4486 in
520 4424 664 4487 sormam
693 4423 884 4506 sapientiae
913 4423 1003 4505 apud
1033 4421 1201 4496 homines,
1225 4430 1262 4485 et
