2850 5026
362 478 413 530 on
436 476 572 529 Anione
594 477 913 545 cornuorum—N.
933 464 984 545 83.
1192 464 1230 528 81

112 645 226 703 Sacrae
236 645 385 717 principio
392 647 430 700 ad
442 644 548 708 finem:
563 646 636 716 quid
648 645 687 700 ibi
698 645 777 699 aliud
790 645 818 699 in
828 662 953 705 summa,
963 645 1018 700 nisi
1028 662 1117 716 quam
1129 643 1232 716 lugere

111 727 187 781 mala
202 736 234 781 et
250 725 347 781 iacere
360 727 447 789 bona,
460 741 495 780 ac
510 726 632 780 credere
649 725 678 779 in
696 725 861 780 Dominum
876 725 995 780 Deum?
1027 725 1064 779 Et
1079 737 1234 796 praeterea

111 808 220 876 absque
234 805 281 860 his
294 806 388 860 tribus
401 820 462 859 non
475 816 522 859 est
535 805 635 876 aliqua
647 805 767 875 religio:
785 816 871 859 estne
881 805 985 877 religio
995 805 1095 860 vitae?
1116 816 1147 859 et
1159 805 1231 875 quid

111 885 170 939 vita
185 884 243 938 nisi
256 900 346 955 quam
361 884 462 956 fugere
476 885 553 939 mala
566 895 597 939 et
609 884 706 939 iacere
720 884 820 939 bona?
857 882 1020 955 Quomodo
1031 895 1130 955 potest
1140 885 1232 941 homo

112 963 182 1019 haec
195 962 293 1019 iacere
309 974 340 1018 et
355 964 404 1019 illa
416 964 538 1018 credere
551 963 607 1018 nisi
623 972 657 1017 ut
672 965 710 1018 ab
726 962 813 1034 ipso?
850 962 950 1035 Quare
966 965 989 1018 si
1006 980 1142 1019 removes
1158 965 1232 1020 haec

111 1045 147 1097 ab
158 1043 292 1105 ecclesia,
307 1059 443 1098 removes
458 1045 496 1097 ab
512 1043 562 1097 illa
576 1042 760 1113 Scripturam
774 1041 903 1105 Sacram,
917 1055 948 1098 et
963 1060 1083 1115 quoque
1096 1060 1233 1100 removes

112 1122 300 1194 religionem
319 1122 427 1194 quibus
440 1121 564 1177 remotis
576 1123 702 1177 ecclesia
715 1138 775 1178 non
789 1133 835 1178 est
848 1123 1001 1178 ecclesia,”

161 1201 216 1256 Vir
228 1202 279 1258 iile
289 1201 337 1257 his
345 1201 456 1258 auditis
465 1201 595 1264 recessit,
605 1212 636 1257 et
646 1202 823 1273 pensitavit;
842 1212 873 1257 at
883 1218 979 1274 usque
989 1201 1084 1257 abivit
1094 1202 1124 1257 in
1135 1201 1232 1274 indig-

113 1281 242 1339 natione.

470 1522 881 1540 m

620 1746 709 1839 '[v.]

113 1954 167 2020 Da
190 1966 353 2021 orionus
376 1955 530 2021 Anonrs
554 1954 809 2036 comnenus
839 1969 889 2021 ax
920 1967 1108 2036 couJuo1o
1131 1955 1230 2020 Bour

576 2069 625 2119 nr
648 2054 760 2120 Vani.

172 2258 245 2342 83·
276 2258 363 2325 Sunt
382 2261 530 2342 origines
552 2261 678 2325 amoris
701 2259 902 2344 coniugialia
925 2259 1079 2323 internae
1102 2267 1137 2322 et
1168 2279 1231 2323 ex·

112 2362 240 2429 ternae,
270 2375 310 2419 ac
340 2356 494 2420 internae
524 2364 604 2420 sunt
635 2355 759 2438 plures,
790 2356 946 2419 similiter
974 2364 1160 2431 externae;
1195 2363 1230 2417 at

112 2451 207 2532 origo
224 2450 346 2513 intima
368 2470 427 2513 seu
450 2451 649 2514 universalis
668 2451 819 2514 omnium
839 2458 893 2514 est
916 2469 1001 2527 una3
1032 2449 1122 2531 quod
1146 2449 1231 2512 haec

112 2544 154 2608 sit
169 2544 364 2627 conjugium
380 2545 511 2609 boniet
528 2547 608 2622 veri,
622 2547 656 2609 in
673 2566 762 2609 nunc
779 2544 1000 2628 sequentibus
1016 2544 1231 2606 demonstra·

112 2638 210 2703 bitur.
257 2638 358 2721 Quod
375 2640 486 2704 adhuc
503 2661 571 2704 non
587 2641 709 2724 aliquis
722 2642 887 2721 originem
904 2639 992 2703 illius
1009 2638 1133 2702 amoris
1152 2638 1231 2701 inde

112 2734 306 2809 deduxerit,
324 2745 377 2798 est
394 2727 587 2818 quia'latuit
603 2737 694 2819 quod
710 2735 826 2820 aliqua
843 2736 922 2798 unio
937 2736 981 2797 sit
998 2735 1087 2796 inter
1103 2734 1230 2796 bonum

112 2839 146 2894 et
164 2850 303 2909 verum;
327 2839 363 2895 et
382 2830 482 2895 latuit
502 2833 579 2915 quia
595 2834 724 2896 bonum
741 2853 809 2896 non
825 2839 967 2912 apparet
986 2832 1019 2893 in
1036 2830 1110 2892 luce
1130 2829 1231 2892 intel·

112 2923 231 3000 lebtus,
251 2917 339 2989 sicut
357 2946 486 3003 verum,
507 2935 543 2990 et
566 2928 645 2991 inde
665 2928 819 3010 cognitio
838 2926 926 2990 illius
945 2946 981 2988 se
1000 2923 1230 2998 abscondidit,

112 3040 150 3088 ac
168 3021 374 3103 subterfugit
392 3022 652 3103 indagationes:
677 3033 712 3086 et
732 3023 809 3105 quia
828 3022 955 3086 bonum
974 3020 1053 3084 inde
1073 3029 1125 3083 est
1144 3019 1234 3083 inter

112 3115 241 3197 ignota,
256 3136 325 3179 non
344 3117 456 3199 potuit
472 3117 592 3200 aliquis
608 3119 763 3200 augurari
779 3116 916 3199 aliquod
933 3115 1126 3198 conjugium
1143 3115 1234 3177 inter

112 3209 176 3274 hoc
192 3222 228 3274 et
245 3230 372 3274 verum.
418 3211 530 3276 Immo
541 3231 656 3276 coram
672 3213 747 3275 visu
758 3211 918 3276 rationali
931 3210 1077 3274 naturali
1090 3219 1231 3291 apparet

112 3304 238 3369 bonum
250 3306 300 3369 ita
311 3306 443 3370 distans
455 3327 475 3370 a
486 3324 578 3381 vero,
593 3318 629 3370 ut
643 3327 712 3371 non
725 3307 768 3371 sit
781 3307 894 3389 aliqua
906 3302 1119 3386 conjunctio:
1140 3304 1231 3386 quod

111 3401 158 3464 ita
176 3402 232 3477 sit,
251 3401 358 3464 videri
377 3409 494 3482 potest
516 3422 536 3465 a
559 3400 712 3484 loquelis,
733 3402 813 3464 dum
833 3402 1069 3479 nominantur;
1098 3408 1135 3461 ut
1154 3417 1231 3462 cum

112 3497 243 3570 dicitur,
262 3494 340 3559 Hoc
359 3497 486 3559 bonum
502 3505 566 3572 est,
586 3516 655 3560 non
672 3497 847 3578 cogitatur
861 3495 988 3578 aliquid
1007 3495 1050 3558 de
1069 3514 1172 3571 vero;
1196 3501 1232 3556 et

113 3610 187 3655 cum
204 3591 338 3666 dicitur,
353 3589 430 3654 Hoc
443 3610 559 3654 verum
574 3601 638 3666 est,
654 3611 716 3655 nec
733 3593 907 3673 cogitatur
919 3589 1043 3671 aliquid
1060 3590 1103 3652 de
1116 3589 1208 3651 bono
1222 3606 1230 3664 ;

112 3704 214 3767 quare
229 3705 251 3748 a
266 3684 381 3748 multis
397 3684 498 3748 hodie
514 3686 673 3760 creditur,
685 3686 776 3768 quod
792 3704 909 3749 verum
922 3685 965 3747 sit
982 3703 1118 3765 prorsus
1128 3681 1230 3756 aliud,

112 3780 240 3860 pariter
257 3779 405 3858 bonum;
436 3788 472 3843 et
495 3800 515 3843 a
533 3780 651 3843 multis
669 3781 786 3854 etiam,
807 3779 898 3861 quod
917 3778 1022 3841 homo
1040 3779 1085 3840 sit
1104 3774 1231 3839 intelli-

113 3891 197 3954 gens
212 3883 249 3937 et
265 3875 412 3956 sapiens,
429 3882 465 3938 et
484 3875 530 3938 sic
547 3876 662 3951 homo,
676 3875 862 3939 secundum
875 3893 966 3948 vera,
980 3893 1067 3955 quae
1084 3871 1229 3952 cogitat,

98 3966 270 4051 loquitur,
291 3968 419 4044 scribit,
439 3977 474 4032 et
497 3970 616 4045 credit,
637 3979 672 4034 et
695 3989 764 4032 non
787 3968 886 4032 simul
909 3967 1095 4031 secundum
1119 3966 1230 4028 bona:

114 4064 202 4145 quod
226 4071 343 4127 tamen
373 4083 441 4127 non
472 4065 573 4128 detur
598 4065 726 4128 bonum
750 4064 878 4147 absque
905 4083 997 4137 vero,
1022 4081 1083 4125 nec
1114 4077 1231 4122 verum

113 4157 241 4242 absque
252 4159 354 4234 bono,
369 4169 620 4242 consequenter
631 4160 721 4242 quod
738 4159 838 4223 detur
849 4168 1026 4222 aeternum
1039 4154 1231 4237 conjugium

114 4253 202 4318 inter
219 4253 288 4330 illa,
305 4262 380 4318 tum
395 4254 487 4338 quod
507 4254 573 4318 hoc
589 4254 784 4337 conjugium
802 4255 846 4318 sit
864 4256 960 4335 origo
976 4252 1099 4317 amoris
1115 4247 1232 4331 conju-

115 4347 223 4429 gialis,
242 4367 333 4414 nunc
353 4349 615 4432 explanabitur;
638 4350 730 4434 quod
749 4348 808 4415 liet
826 4349 860 4412 in
879 4349 945 4414 hoc
965 4349 1083 4412 ordine
1095 4365 1148 4409 :-
