<?xml version="1.0" encoding="UTF-8"?>
<!DOCTYPE html PUBLIC "-//W3C//DTD XHTML 1.0 Transitional//EN"
    "http://www.w3.org/TR/xhtml1/DTD/xhtml1-transitional.dtd">
<html xmlns="http://www.w3.org/1999/xhtml" xml:lang="en" lang="en">
 <head>
  <title>
</title>
<meta http-equiv="Content-Type" content="text/html;charset=utf-8" />
  <meta name='ocr-system' content='tesseract 3.04.00' />
  <meta name='ocr-capabilities' content='ocr_page ocr_carea ocr_par ocr_line ocrx_word'/>
</head>
<body>
  <div class='ocr_page' id='page_1' title='image "./deliciaesapient00swedgoog_0224.png"; bbox 0 0 2782 5026; ppageno 0'>
   <div class='ocr_carea' id='block_1_1' title="bbox 384 121 1258 192">
    <p class='ocr_par' dir='ltr' id='par_1_1' title="bbox 384 121 1258 192">
     <span class='ocr_line' id='line_1_1' title="bbox 384 121 1258 192; baseline 0 -20"><span class='ocrx_word' id='word_1_1' title='bbox 384 122 433 172; x_wconf 84' lang='lat' dir='ltr'>na</span> <span class='ocrx_word' id='word_1_2' title='bbox 456 121 591 174; x_wconf 74' lang='lat' dir='ltr'>anons</span> <span class='ocrx_word' id='word_1_3' title='bbox 614 122 934 190; x_wconf 73' lang='lat' dir='ltr'>conmotam-u.</span> <span class='ocrx_word' id='word_1_4' title='bbox 954 124 1026 192; x_wconf 86' lang='lat'>271.</span> <span class='ocrx_word' id='word_1_5' title='bbox 1198 126 1258 192; x_wconf 83' lang='lat'>213</span> 
     </span>
    </p>
   </div>
   <div class='ocr_carea' id='block_1_2' title="bbox 11 287 1260 840">
    <p class='ocr_par' dir='ltr' id='par_1_2' title="bbox 11 287 1260 840">
     <span class='ocr_line' id='line_1_2' title="bbox 11 287 1260 364; baseline 0.006 -24"><span class='ocrx_word' id='word_1_6' title='bbox 11 332 16 340; x_wconf 88' lang='lat'><strong><em>.</em></strong></span> <span class='ocrx_word' id='word_1_7' title='bbox 133 287 184 352; x_wconf 84' lang='lat' dir='ltr'>hie,</span> <span class='ocrx_word' id='word_1_8' title='bbox 197 299 230 344; x_wconf 87' lang='lat' dir='ltr'>et</span> <span class='ocrx_word' id='word_1_9' title='bbox 246 287 286 344; x_wconf 86' lang='lat' dir='ltr'>fit</span> <span class='ocrx_word' id='word_1_10' title='bbox 303 287 401 361; x_wconf 78' lang='lat' dir='ltr'>frigus</span> <span class='ocrx_word' id='word_1_11' title='bbox 415 290 445 345; x_wconf 91' lang='lat' dir='ltr'>in</span> <span class='ocrx_word' id='word_1_12' title='bbox 460 290 565 355; x_wconf 82' lang='lat' dir='ltr'>altero,</span> <span class='ocrx_word' id='word_1_13' title='bbox 578 300 610 346; x_wconf 88' lang='lat' dir='ltr'>et</span> <span class='ocrx_word' id='word_1_14' title='bbox 624 290 683 347; x_wconf 90' lang='lat' dir='ltr'>hoc</span> <span class='ocrx_word' id='word_1_15' title='bbox 695 301 741 347; x_wconf 87' lang='lat' dir='ltr'>est</span> <span class='ocrx_word' id='word_1_16' title='bbox 748 292 858 364; x_wconf 65' lang='lat' dir='ltr'>frigus</span> <span class='ocrx_word' id='word_1_17' title='bbox 868 291 1040 364; x_wconf 79' lang='lat' dir='ltr'>conjugriale.</span> <span class='ocrx_word' id='word_1_18' title='bbox 1078 291 1260 356; x_wconf 69' lang='lat' dir='ltr'>Intelletlus,</span> 
     </span>
     <span class='ocr_line' id='line_1_3' title="bbox 134 368 1258 443; baseline 0.005 -21"><span class='ocrx_word' id='word_1_19' title='bbox 134 369 201 423; x_wconf 88' lang='lat' dir='ltr'>dum</span> <span class='ocrx_word' id='word_1_20' title='bbox 212 369 281 424; x_wconf 81' lang='lat' dir='ltr'>tale</span> <span class='ocrx_word' id='word_1_21' title='bbox 296 368 395 440; x_wconf 83' lang='lat' dir='ltr'>irigus</span> <span class='ocrx_word' id='word_1_22' title='bbox 408 370 445 424; x_wconf 85' lang='lat' dir='ltr'>ad</span> <span class='ocrx_word' id='word_1_23' title='bbox 461 386 585 425; x_wconf 83' lang='lat' dir='ltr'>uxorem</span> <span class='ocrx_word' id='word_1_24' title='bbox 600 381 683 433; x_wconf 72' lang='lat' dir='ltr'>este</span> <span class='ocrx_word' id='word_1_25' title='bbox 698 387 838 441; x_wconf 87' lang='lat' dir='ltr'>suprema</span> <span class='ocrx_word' id='word_1_26' title='bbox 853 371 976 441; x_wconf 85' lang='lat' dir='ltr'>regione</span> <span class='ocrx_word' id='word_1_27' title='bbox 990 370 1107 443; x_wconf 59' lang='lat' dir='ltr'>spectat</span> <span class='ocrx_word' id='word_1_28' title='bbox 1119 372 1258 428; x_wconf 91' lang='lat' dir='ltr'>deorsum</span> 
     </span>
     <span class='ocr_line' id='line_1_4' title="bbox 134 448 1258 521; baseline 0.004 -19"><span class='ocrx_word' id='word_1_29' title='bbox 134 449 167 502; x_wconf 83' lang='lat' dir='ltr'>ad</span> <span class='ocrx_word' id='word_1_30' title='bbox 179 448 331 511; x_wconf 84' lang='lat' dir='ltr'>intimam,</span> <span class='ocrx_word' id='word_1_31' title='bbox 345 459 378 504; x_wconf 87' lang='lat' dir='ltr'>et</span> <span class='ocrx_word' id='word_1_32' title='bbox 389 465 519 521; x_wconf 88' lang='lat' dir='ltr'>quoque,</span> <span class='ocrx_word' id='word_1_33' title='bbox 532 450 557 504; x_wconf 91' lang='lat' dir='ltr'>si</span> <span class='ocrx_word' id='word_1_34' title='bbox 571 466 631 506; x_wconf 91' lang='lat' dir='ltr'>non</span> <span class='ocrx_word' id='word_1_35' title='bbox 645 451 738 506; x_wconf 91' lang='lat' dir='ltr'>timor</span> <span class='ocrx_word' id='word_1_36' title='bbox 750 451 833 505; x_wconf 91' lang='lat' dir='ltr'>illum</span> <span class='ocrx_word' id='word_1_37' title='bbox 849 451 983 514; x_wconf 86' lang='lat' dir='ltr'>retrahit,</span> <span class='ocrx_word' id='word_1_38' title='bbox 994 451 1160 512; x_wconf 86' lang='lat' dir='ltr'>descendit,</span> <span class='ocrx_word' id='word_1_39' title='bbox 1171 463 1205 506; x_wconf 91' lang='lat' dir='ltr'>ut</span> <span class='ocrx_word' id='word_1_40' title='bbox 1219 453 1258 507; x_wconf 92' lang='lat' dir='ltr'>ibi</span> 
     </span>
     <span class='ocr_line' id='line_1_5' title="bbox 135 528 1259 601; baseline 0.004 -20"><span class='ocrx_word' id='word_1_41' title='bbox 135 541 166 581; x_wconf 81' lang='lat' dir='ltr'>ex</span> <span class='ocrx_word' id='word_1_42' title='bbox 183 528 255 599; x_wconf 87' lang='lat' dir='ltr'>igne</span> <span class='ocrx_word' id='word_1_43' title='bbox 277 528 389 583; x_wconf 90' lang='lat' dir='ltr'>illicito</span> <span class='ocrx_word' id='word_1_44' title='bbox 404 529 541 585; x_wconf 77' lang='lat' dir='ltr'><strong>calescat.</strong></span> <span class='ocrx_word' id='word_1_45' title='bbox 579 529 636 585; x_wconf 86' lang='lat' dir='ltr'>His</span> <span class='ocrx_word' id='word_1_46' title='bbox 653 529 748 594; x_wconf 72' lang='lat' dir='ltr'>dietis,</span> <span class='ocrx_word' id='word_1_47' title='bbox 764 530 862 585; x_wconf 89' lang='lat' dir='ltr'>voluit</span> <span class='ocrx_word' id='word_1_48' title='bbox 880 530 980 585; x_wconf 87' lang='lat' dir='ltr'>adhue</span> <span class='ocrx_word' id='word_1_49' title='bbox 998 531 1083 601; x_wconf 92' lang='lat' dir='ltr'>plura</span> <span class='ocrx_word' id='word_1_50' title='bbox 1101 532 1139 585; x_wconf 88' lang='lat' dir='ltr'>de</span> <span class='ocrx_word' id='word_1_51' title='bbox 1157 547 1259 586; x_wconf 85' lang='lat' dir='ltr'>amore</span> 
     </span>
     <span class='ocr_line' id='line_1_6' title="bbox 136 607 1258 681; baseline 0.005 -22"><span class='ocrx_word' id='word_1_52' title='bbox 136 607 296 680; x_wconf 84' lang='lat' dir='ltr'>conjugiali</span> <span class='ocrx_word' id='word_1_53' title='bbox 321 623 361 663; x_wconf 89' lang='lat' dir='ltr'>ex</span> <span class='ocrx_word' id='word_1_54' title='bbox 381 607 536 680; x_wconf 86' lang='lat' dir='ltr'>effigiebus</span> <span class='ocrx_word' id='word_1_55' title='bbox 554 609 620 680; x_wconf 85' lang='lat' dir='ltr'>ejus</span> <span class='ocrx_word' id='word_1_56' title='bbox 643 609 672 664; x_wconf 92' lang='lat' dir='ltr'>in</span> <span class='ocrx_word' id='word_1_57' title='bbox 696 610 748 664; x_wconf 90' lang='lat' dir='ltr'>illo</span> <span class='ocrx_word' id='word_1_58' title='bbox 770 610 882 681; x_wconf 86' lang='lat' dir='ltr'>palatio</span> <span class='ocrx_word' id='word_1_59' title='bbox 905 626 1073 673; x_wconf 77' lang='lat' dir='ltr'>recensere:</span> <span class='ocrx_word' id='word_1_60' title='bbox 1098 611 1151 665; x_wconf 89' lang='lat' dir='ltr'>sed</span> <span class='ocrx_word' id='word_1_61' title='bbox 1174 611 1258 672; x_wconf 87' lang='lat' dir='ltr'>dixit,</span> 
     </span>
     <span class='ocr_line' id='line_1_7' title="bbox 137 687 1258 760; baseline 0.004 -18"><span class='ocrx_word' id='word_1_62' title='bbox 137 687 233 743; x_wconf 83' lang='lat' dir='ltr'>“Satis</span> <span class='ocrx_word' id='word_1_63' title='bbox 249 687 313 741; x_wconf 88' lang='lat' dir='ltr'>hac</span> <span class='ocrx_word' id='word_1_64' title='bbox 329 687 413 751; x_wconf 84' lang='lat' dir='ltr'>vice;</span> <span class='ocrx_word' id='word_1_65' title='bbox 435 687 551 760; x_wconf 83' lang='lat' dir='ltr'>inquire</span> <span class='ocrx_word' id='word_1_66' title='bbox 565 689 693 759; x_wconf 89' lang='lat' dir='ltr'>primum</span> <span class='ocrx_word' id='word_1_67' title='bbox 708 705 780 743; x_wconf 91' lang='lat' dir='ltr'>num</span> <span class='ocrx_word' id='word_1_68' title='bbox 796 689 870 744; x_wconf 86' lang='lat' dir='ltr'>haec</span> <span class='ocrx_word' id='word_1_69' title='bbox 886 689 947 743; x_wconf 88' lang='lat' dir='ltr'>sint</span> <span class='ocrx_word' id='word_1_70' title='bbox 962 705 1052 759; x_wconf 89' lang='lat' dir='ltr'>supra</span> <span class='ocrx_word' id='word_1_71' title='bbox 1066 705 1258 746; x_wconf 87' lang='lat' dir='ltr'>communem</span> 
     </span>
     <span class='ocr_line' id='line_1_8' title="bbox 138 764 1244 840; baseline 0.009 -24"><span class='ocrx_word' id='word_1_72' title='bbox 138 764 339 832; x_wconf 66' lang='lat' dir='ltr'>intellectum</span> <span class='ocrx_word' id='word_1_73' title='bbox 359 767 384 822; x_wconf 89' lang='lat' dir='ltr'>si</span> <span class='ocrx_word' id='word_1_74' title='bbox 396 776 475 830; x_wconf 88' lang='lat' dir='ltr'>sunt,</span> <span class='ocrx_word' id='word_1_75' title='bbox 484 767 557 840; x_wconf 91' lang='lat' dir='ltr'>quid</span> <span class='ocrx_word' id='word_1_76' title='bbox 571 767 676 838; x_wconf 83' lang='lat' dir='ltr'>plura?</span> <span class='ocrx_word' id='word_1_77' title='bbox 694 780 726 823; x_wconf 89' lang='lat' dir='ltr'>at</span> <span class='ocrx_word' id='word_1_78' title='bbox 739 767 764 825; x_wconf 86' lang='lat' dir='ltr'>si</span> <span class='ocrx_word' id='word_1_79' title='bbox 777 784 838 825; x_wconf 91' lang='lat' dir='ltr'>non</span> <span class='ocrx_word' id='word_1_80' title='bbox 851 777 930 832; x_wconf 88' lang='lat' dir='ltr'>sunt,</span> <span class='ocrx_word' id='word_1_81' title='bbox 941 769 1121 840; x_wconf 86' lang='lat' dir='ltr'>detegentur</span> <span class='ocrx_word' id='word_1_82' title='bbox 1132 770 1244 840; x_wconf 81' lang='lat' dir='ltr'>plura&#39;&#39;</span> 
     </span>
    </p>
   </div>
   <div class='ocr_carea' id='block_1_3' title="bbox 546 1054 848 1069">
    <p class='ocr_par' dir='ltr' id='par_1_3' title="bbox 546 1054 848 1069">
     <span class='ocr_line' id='line_1_9' title="bbox 546 1054 848 1069; baseline 0 -1"><span class='ocrx_word' id='word_1_83' title='bbox 546 1054 848 1069; x_wconf 71' lang='lat'>———</span> 
     </span>
    </p>
   </div>
   <div class='ocr_carea' id='block_1_4' title="bbox 634 1274 747 1361">
    <p class='ocr_par' dir='ltr' id='par_1_4' title="bbox 634 1274 747 1361">
     <span class='ocr_line' id='line_1_10' title="bbox 634 1274 747 1361; baseline 0 -20"><span class='ocrx_word' id='word_1_84' title='bbox 634 1274 747 1361; x_wconf 78' lang='lat' dir='ltr'>[mr]</span> 
     </span>
    </p>
   </div>
   <div class='ocr_carea' id='block_1_5' title="bbox 110 1452 1255 1637">
    <p class='ocr_par' dir='ltr' id='par_1_5' title="bbox 110 1452 1255 1637">
     <span class='ocr_line' id='line_1_11' title="bbox 110 1452 1255 1539; baseline 0.006 -18"><span class='ocrx_word' id='word_1_85' title='bbox 110 1452 181 1526; x_wconf 79' lang='lat' dir='ltr'>De</span> <span class='ocrx_word' id='word_1_86' title='bbox 199 1459 344 1529; x_wconf 74' lang='lat' dir='ltr'>Causrs</span> <span class='ocrx_word' id='word_1_87' title='bbox 366 1459 612 1526; x_wconf 77' lang='lat' dir='ltr'>Annnnsrrrrs</span> <span class='ocrx_word' id='word_1_88' title='bbox 632 1460 798 1537; x_wconf 75' lang='lat' dir='ltr'>Anionis,</span> <span class='ocrx_word' id='word_1_89' title='bbox 818 1461 1042 1539; x_wconf 77' lang='lat' dir='ltr'>Amcrrrnn,</span> <span class='ocrx_word' id='word_1_90' title='bbox 1060 1476 1109 1527; x_wconf 78' lang='lat' dir='ltr'>ur</span> <span class='ocrx_word' id='word_1_91' title='bbox 1130 1463 1255 1528; x_wconf 80' lang='lat' dir='ltr'>ano·</span> 
     </span>
     <span class='ocr_line' id='line_1_12' title="bbox 517 1556 874 1637; baseline 0.003 -17"><span class='ocrx_word' id='word_1_92' title='bbox 517 1571 577 1622; x_wconf 85' lang='lat' dir='ltr'>ms</span> <span class='ocrx_word' id='word_1_93' title='bbox 600 1571 642 1621; x_wconf 80' lang='lat' dir='ltr'>m</span> <span class='ocrx_word' id='word_1_94' title='bbox 662 1556 874 1637; x_wconf 77' lang='lat' dir='ltr'>commus.</span> 
     </span>
    </p>
   </div>
   <div class='ocr_carea' id='block_1_6' title="bbox 84 1740 1254 2112">
    <p class='ocr_par' dir='ltr' id='par_1_6' title="bbox 84 1740 1254 2112">
     <span class='ocr_line' id='line_1_13' title="bbox 186 1740 1254 1826; baseline -0.001 -19"><span class='ocrx_word' id='word_1_95' title='bbox 186 1756 286 1826; x_wconf 79' lang='lat'>²7¹·</span> <span class='ocrx_word' id='word_1_96' title='bbox 317 1740 489 1824; x_wconf 84' lang='lat' dir='ltr'><strong>Quoniam</strong></span> <span class='ocrx_word' id='word_1_97' title='bbox 523 1743 566 1806; x_wconf 94' lang='lat' dir='ltr'>de</span> <span class='ocrx_word' id='word_1_98' title='bbox 599 1742 710 1807; x_wconf 90' lang='lat' dir='ltr'>causis</span> <span class='ocrx_word' id='word_1_99' title='bbox 743 1742 904 1825; x_wconf 78' lang='lat' dir='ltr'><strong>frigorum</strong></span> <span class='ocrx_word' id='word_1_100' title='bbox 937 1753 972 1807; x_wconf 90' lang='lat' dir='ltr'>et</span> <span class='ocrx_word' id='word_1_101' title='bbox 1000 1744 1254 1826; x_wconf 84' lang='lat' dir='ltr'>separationum</span> 
     </span>
     <span class='ocr_line' id='line_1_14' title="bbox 91 1837 1254 1921; baseline -0.003 -17"><span class='ocrx_word' id='word_1_102' title='bbox 91 1837 245 1904; x_wconf 59' lang='lat' dir='ltr'>astum</span> <span class='ocrx_word' id='word_1_103' title='bbox 277 1848 342 1912; x_wconf 88' lang='lat' dir='ltr'>est,</span> <span class='ocrx_word' id='word_1_104' title='bbox 371 1858 416 1902; x_wconf 86' lang='lat' dir='ltr'>ex</span> <span class='ocrx_word' id='word_1_105' title='bbox 444 1839 563 1902; x_wconf 86' lang='lat' dir='ltr'>ordine</span> <span class='ocrx_word' id='word_1_106' title='bbox 589 1840 754 1921; x_wconf 91' lang='lat' dir='ltr'>sequitur,</span> <span class='ocrx_word' id='word_1_107' title='bbox 783 1850 819 1902; x_wconf 94' lang='lat' dir='ltr'>ut</span> <span class='ocrx_word' id='word_1_108' title='bbox 845 1839 888 1902; x_wconf 94' lang='lat' dir='ltr'>de</span> <span class='ocrx_word' id='word_1_109' title='bbox 916 1840 1027 1902; x_wconf 90' lang='lat' dir='ltr'>causis</span> <span class='ocrx_word' id='word_1_110' title='bbox 1056 1840 1254 1920; x_wconf 90' lang='lat' dir='ltr'>apparentis</span> 
     </span>
     <span class='ocr_line' id='line_1_15' title="bbox 87 1926 1252 2016; baseline -0.002 -18"><span class='ocrx_word' id='word_1_111' title='bbox 87 1933 269 2007; x_wconf 69' lang='lat' dir='ltr'>amoris,</span> <span class='ocrx_word' id='word_1_112' title='bbox 292 1933 462 1996; x_wconf 84' lang='lat' dir='ltr'>amicitiae</span> <span class='ocrx_word' id='word_1_113' title='bbox 492 1942 528 1997; x_wconf 88' lang='lat' dir='ltr'>et</span> <span class='ocrx_word' id='word_1_114' title='bbox 557 1933 681 1997; x_wconf 89' lang='lat' dir='ltr'>savoris</span> <span class='ocrx_word' id='word_1_115' title='bbox 708 1935 742 1996; x_wconf 94' lang='lat' dir='ltr'>in</span> <span class='ocrx_word' id='word_1_116' title='bbox 772 1933 949 2016; x_wconf 87' lang='lat' dir='ltr'>conjugiis,</span> <span class='ocrx_word' id='word_1_117' title='bbox 974 1936 1081 1998; x_wconf 88' lang='lat' dir='ltr'>etiam</span> <span class='ocrx_word' id='word_1_118' title='bbox 1105 1926 1252 2016; x_wconf 79' lang='lat' dir='ltr'>agatur:</span> 
     </span>
     <span class='ocr_line' id='line_1_16' title="bbox 84 2028 1253 2112; baseline 0.003 -25"><span class='ocrx_word' id='word_1_119' title='bbox 84 2037 253 2094; x_wconf 79' lang='lat' dir='ltr'>notum</span> <span class='ocrx_word' id='word_1_120' title='bbox 274 2028 365 2091; x_wconf 89' lang='lat' dir='ltr'>enim</span> <span class='ocrx_word' id='word_1_121' title='bbox 385 2039 450 2103; x_wconf 91' lang='lat' dir='ltr'>est,</span> <span class='ocrx_word' id='word_1_122' title='bbox 470 2028 561 2111; x_wconf 93' lang='lat' dir='ltr'>quod</span> <span class='ocrx_word' id='word_1_123' title='bbox 581 2029 722 2092; x_wconf 90' lang='lat' dir='ltr'>tametsi</span> <span class='ocrx_word' id='word_1_124' title='bbox 745 2028 870 2111; x_wconf 78' lang='lat' dir='ltr'>frigora</span> <span class='ocrx_word' id='word_1_125' title='bbox 889 2039 1052 2112; x_wconf 88' lang='lat' dir='ltr'>separant</span> <span class='ocrx_word' id='word_1_126' title='bbox 1071 2029 1253 2111; x_wconf 90' lang='lat' dir='ltr'>conjugum</span> 
     </span>
    </p>
   </div>
   <div class='ocr_carea' id='block_1_7' title="bbox 79 2122 1367 2206">
    <p class='ocr_par' dir='ltr' id='par_1_7' title="bbox 79 2122 1367 2206">
     <span class='ocr_line' id='line_1_17' title="bbox 79 2122 1367 2206; baseline -0.002 -17"><span class='ocrx_word' id='word_1_127' title='bbox 79 2126 266 2189; x_wconf 66' lang='lat' dir='ltr'>animos</span> <span class='ocrx_word' id='word_1_128' title='bbox 288 2122 403 2196; x_wconf 88' lang='lat' dir='ltr'>hodie,</span> <span class='ocrx_word' id='word_1_129' title='bbox 424 2143 528 2204; x_wconf 88' lang='lat' dir='ltr'>usque</span> <span class='ocrx_word' id='word_1_130' title='bbox 552 2122 765 2197; x_wconf 84' lang='lat' dir='ltr'>cohabitent,</span> <span class='ocrx_word' id='word_1_131' title='bbox 786 2133 822 2187; x_wconf 87' lang='lat' dir='ltr'>et</span> <span class='ocrx_word' id='word_1_132' title='bbox 845 2135 1049 2206; x_wconf 87' lang='lat' dir='ltr'>procreent;</span> <span class='ocrx_word' id='word_1_133' title='bbox 1073 2125 1164 2206; x_wconf 93' lang='lat' dir='ltr'>quod</span> <span class='ocrx_word' id='word_1_134' title='bbox 1184 2143 1253 2187; x_wconf 93' lang='lat' dir='ltr'>non</span> <span class='ocrx_word' id='word_1_135' title='bbox 1363 2158 1367 2165; x_wconf 43' lang='lat' dir='ltr'><em>f</em></span> 
     </span>
    </p>
   </div>
   <div class='ocr_carea' id='block_1_8' title="bbox 67 2208 1253 2774">
    <p class='ocr_par' dir='ltr' id='par_1_8' title="bbox 67 2208 1253 2774">
     <span class='ocr_line' id='line_1_18' title="bbox 78 2208 1252 2300; baseline 0.002 -22"><span class='ocrx_word' id='word_1_136' title='bbox 78 2208 238 2293; x_wconf 76' lang='lat' dir='ltr'>fieret,</span> <span class='ocrx_word' id='word_1_137' title='bbox 263 2219 327 2280; x_wconf 91' lang='lat' dir='ltr'>nisi</span> <span class='ocrx_word' id='word_1_138' title='bbox 346 2219 450 2281; x_wconf 91' lang='lat' dir='ltr'>etiam</span> <span class='ocrx_word' id='word_1_139' title='bbox 470 2217 634 2280; x_wconf 87' lang='lat' dir='ltr'>darentur</span> <span class='ocrx_word' id='word_1_140' title='bbox 650 2237 785 2281; x_wconf 88' lang='lat' dir='ltr'>amores</span> <span class='ocrx_word' id='word_1_141' title='bbox 808 2228 1026 2300; x_wconf 88' lang='lat' dir='ltr'>apparentes,</span> <span class='ocrx_word' id='word_1_142' title='bbox 1047 2238 1086 2281; x_wconf 91' lang='lat' dir='ltr'>ac</span> <span class='ocrx_word' id='word_1_143' title='bbox 1110 2218 1252 2281; x_wconf 85' lang='lat' dir='ltr'>alternis</span> 
     </span>
     <span class='ocr_line' id='line_1_19' title="bbox 74 2311 1252 2395; baseline -0.005 -14"><span class='ocrx_word' id='word_1_144' title='bbox 74 2313 261 2381; x_wconf 70' lang='lat' dir='ltr'>similes</span> <span class='ocrx_word' id='word_1_145' title='bbox 280 2322 339 2377; x_wconf 90' lang='lat' dir='ltr'>aut</span> <span class='ocrx_word' id='word_1_146' title='bbox 355 2312 479 2376; x_wconf 88' lang='lat' dir='ltr'>aemuli</span> <span class='ocrx_word' id='word_1_147' title='bbox 494 2311 618 2375; x_wconf 89' lang='lat' dir='ltr'>caloris</span> <span class='ocrx_word' id='word_1_148' title='bbox 633 2313 772 2395; x_wconf 88' lang='lat' dir='ltr'>genuini</span> <span class='ocrx_word' id='word_1_149' title='bbox 788 2315 923 2377; x_wconf 91' lang='lat' dir='ltr'>amoris.</span> <span class='ocrx_word' id='word_1_150' title='bbox 969 2311 1070 2394; x_wconf 82' lang='lat' dir='ltr'>Quod</span> <span class='ocrx_word' id='word_1_151' title='bbox 1086 2333 1252 2394; x_wconf 91' lang='lat' dir='ltr'>apparen-</span> 
     </span>
     <span class='ocr_line' id='line_1_20' title="bbox 73 2408 1253 2490; baseline -0.003 -15"><span class='ocrx_word' id='word_1_152' title='bbox 73 2409 189 2475; x_wconf 76' lang='lat' dir='ltr'>tiae</span> <span class='ocrx_word' id='word_1_153' title='bbox 218 2408 305 2472; x_wconf 87' lang='lat' dir='ltr'>illae</span> <span class='ocrx_word' id='word_1_154' title='bbox 334 2409 403 2471; x_wconf 89' lang='lat' dir='ltr'>sint</span> <span class='ocrx_word' id='word_1_155' title='bbox 427 2409 656 2471; x_wconf 89' lang='lat' dir='ltr'>necessitates</span> <span class='ocrx_word' id='word_1_156' title='bbox 679 2417 715 2472; x_wconf 92' lang='lat' dir='ltr'>et</span> <span class='ocrx_word' id='word_1_157' title='bbox 744 2408 924 2483; x_wconf 88' lang='lat' dir='ltr'>utilitates,</span> <span class='ocrx_word' id='word_1_158' title='bbox 945 2418 981 2471; x_wconf 87' lang='lat' dir='ltr'>et</span> <span class='ocrx_word' id='word_1_159' title='bbox 1004 2408 1094 2490; x_wconf 90' lang='lat' dir='ltr'>quod</span> <span class='ocrx_word' id='word_1_160' title='bbox 1124 2409 1253 2490; x_wconf 89' lang='lat' dir='ltr'>absque</span> 
     </span>
     <span class='ocr_line' id='line_1_21' title="bbox 68 2494 1252 2581; baseline -0.003 -13"><span class='ocrx_word' id='word_1_161' title='bbox 68 2494 184 2571; x_wconf 83' lang='lat' dir='ltr'>illis</span> <span class='ocrx_word' id='word_1_162' title='bbox 214 2503 345 2581; x_wconf 90' lang='lat' dir='ltr'>domus</span> <span class='ocrx_word' id='word_1_163' title='bbox 374 2521 442 2564; x_wconf 91' lang='lat' dir='ltr'>non</span> <span class='ocrx_word' id='word_1_164' title='bbox 469 2503 710 2576; x_wconf 85' lang='lat' dir='ltr'>consisterent,</span> <span class='ocrx_word' id='word_1_165' title='bbox 735 2511 771 2565; x_wconf 88' lang='lat' dir='ltr'>et</span> <span class='ocrx_word' id='word_1_166' title='bbox 801 2503 880 2566; x_wconf 91' lang='lat' dir='ltr'>inde</span> <span class='ocrx_word' id='word_1_167' title='bbox 910 2523 972 2566; x_wconf 92' lang='lat' dir='ltr'>nec</span> <span class='ocrx_word' id='word_1_168' title='bbox 997 2503 1193 2576; x_wconf 83' lang='lat' dir='ltr'>societates,</span> <span class='ocrx_word' id='word_1_169' title='bbox 1218 2503 1252 2565; x_wconf 91' lang='lat' dir='ltr'>in</span> 
     </span>
     <span class='ocr_line' id='line_1_22' title="bbox 67 2597 1252 2686; baseline 0.002 -29"><span class='ocrx_word' id='word_1_170' title='bbox 67 2597 353 2686; x_wconf 75' lang='lat' dir='ltr'>sequentibus</span> <span class='ocrx_word' id='word_1_171' title='bbox 375 2598 555 2661; x_wconf 90' lang='lat' dir='ltr'>videbitur.</span> <span class='ocrx_word' id='word_1_172' title='bbox 600 2597 740 2661; x_wconf 89' lang='lat' dir='ltr'>Praeter</span> <span class='ocrx_word' id='word_1_173' title='bbox 763 2597 860 2671; x_wconf 90' lang='lat' dir='ltr'>haec,</span> <span class='ocrx_word' id='word_1_174' title='bbox 884 2597 986 2680; x_wconf 92' lang='lat' dir='ltr'>aliqui</span> <span class='ocrx_word' id='word_1_175' title='bbox 1009 2597 1252 2661; x_wconf 91' lang='lat' dir='ltr'>conscientiosi</span> 
     </span>
     <span class='ocr_line' id='line_1_23' title="bbox 68 2691 1252 2774; baseline -0.004 -14"><span class='ocrx_word' id='word_1_176' title='bbox 68 2702 278 2772; x_wconf 73' lang='lat' dir='ltr'>possunt</span> <span class='ocrx_word' id='word_1_177' title='bbox 298 2691 454 2756; x_wconf 87' lang='lat' dir='ltr'>laborare</span> <span class='ocrx_word' id='word_1_178' title='bbox 469 2693 557 2766; x_wconf 87' lang='lat' dir='ltr'>idea,</span> <span class='ocrx_word' id='word_1_179' title='bbox 575 2692 666 2774; x_wconf 93' lang='lat' dir='ltr'>quod</span> <span class='ocrx_word' id='word_1_180' title='bbox 685 2693 906 2756; x_wconf 88' lang='lat' dir='ltr'>dissidentiae</span> <span class='ocrx_word' id='word_1_181' title='bbox 924 2693 1091 2756; x_wconf 89' lang='lat' dir='ltr'>mentium</span> <span class='ocrx_word' id='word_1_182' title='bbox 1109 2692 1200 2754; x_wconf 89' lang='lat' dir='ltr'>inter</span> <span class='ocrx_word' id='word_1_183' title='bbox 1215 2711 1252 2755; x_wconf 90' lang='lat' dir='ltr'>se</span> 
     </span>
    </p>
   </div>
   <div class='ocr_carea' id='block_1_9' title="bbox 65 2784 1355 2869">
    <p class='ocr_par' dir='ltr' id='par_1_9' title="bbox 65 2784 1355 2869">
     <span class='ocr_line' id='line_1_24' title="bbox 65 2784 1355 2869; baseline -0.004 -17"><span class='ocrx_word' id='word_1_184' title='bbox 65 2805 139 2859; x_wconf 72' lang='lat' dir='ltr'>et</span> <span class='ocrx_word' id='word_1_185' title='bbox 164 2784 380 2869; x_wconf 84' lang='lat' dir='ltr'>conjugem,</span> <span class='ocrx_word' id='word_1_186' title='bbox 400 2797 436 2851; x_wconf 88' lang='lat' dir='ltr'>et</span> <span class='ocrx_word' id='word_1_187' title='bbox 456 2788 535 2851; x_wconf 89' lang='lat' dir='ltr'>inde</span> <span class='ocrx_word' id='word_1_188' title='bbox 554 2787 827 2851; x_wconf 90' lang='lat' dir='ltr'>abalienationes</span> <span class='ocrx_word' id='word_1_189' title='bbox 846 2789 1012 2863; x_wconf 87' lang='lat' dir='ltr'>internae,</span> <span class='ocrx_word' id='word_1_190' title='bbox 1032 2789 1101 2851; x_wconf 87' lang='lat' dir='ltr'>sint</span> <span class='ocrx_word' id='word_1_191' title='bbox 1120 2788 1154 2849; x_wconf 91' lang='lat' dir='ltr'>in</span> <span class='ocrx_word' id='word_1_192' title='bbox 1173 2786 1251 2850; x_wconf 91' lang='lat' dir='ltr'>illo.-</span> <span class='ocrx_word' id='word_1_193' title='bbox 1353 2843 1355 2847; x_wconf 85' lang='lat'>.</span> 
     </span>
    </p>
   </div>
   <div class='ocr_carea' id='block_1_10' title="bbox 62 2882 1251 3711">
    <p class='ocr_par' dir='ltr' id='par_1_10' title="bbox 62 2882 1251 3711">
     <span class='ocr_line' id='line_1_25' title="bbox 63 2882 1251 2966; baseline 0.003 -22"><span class='ocrx_word' id='word_1_194' title='bbox 63 2899 193 2954; x_wconf 70' lang='lat' dir='ltr'>rum</span> <span class='ocrx_word' id='word_1_195' title='bbox 230 2882 347 2965; x_wconf 89' lang='lat' dir='ltr'>culpa,</span> <span class='ocrx_word' id='word_1_196' title='bbox 370 2903 411 2947; x_wconf 88' lang='lat' dir='ltr'>ac</span> <span class='ocrx_word' id='word_1_197' title='bbox 440 2883 662 2964; x_wconf 89' lang='lat' dir='ltr'>imputentur,</span> <span class='ocrx_word' id='word_1_198' title='bbox 693 2892 729 2946; x_wconf 87' lang='lat' dir='ltr'>et</span> <span class='ocrx_word' id='word_1_199' title='bbox 755 2884 847 2966; x_wconf 93' lang='lat' dir='ltr'>quod</span> <span class='ocrx_word' id='word_1_200' title='bbox 876 2894 1016 2965; x_wconf 90' lang='lat' dir='ltr'>propter</span> <span class='ocrx_word' id='word_1_201' title='bbox 1045 2884 1079 2946; x_wconf 92' lang='lat' dir='ltr'>id</span> <span class='ocrx_word' id='word_1_202' title='bbox 1109 2882 1251 2947; x_wconf 90' lang='lat' dir='ltr'>doleant</span> 
     </span>
     <span class='ocr_line' id='line_1_26' title="bbox 63 2977 1251 3059; baseline -0.003 -16"><span class='ocrx_word' id='word_1_203' title='bbox 63 2981 255 3056; x_wconf 77' lang='lat' dir='ltr'>corde3</span> <span class='ocrx_word' id='word_1_204' title='bbox 279 2977 341 3040; x_wconf 88' lang='lat' dir='ltr'>sed</span> <span class='ocrx_word' id='word_1_205' title='bbox 356 2979 434 3059; x_wconf 92' lang='lat' dir='ltr'>quia</span> <span class='ocrx_word' id='word_1_206' title='bbox 449 2978 672 3041; x_wconf 87' lang='lat' dir='ltr'>dissidentiae</span> <span class='ocrx_word' id='word_1_207' title='bbox 688 2978 844 3042; x_wconf 90' lang='lat' dir='ltr'>internae</span> <span class='ocrx_word' id='word_1_208' title='bbox 861 2998 929 3041; x_wconf 93' lang='lat' dir='ltr'>non</span> <span class='ocrx_word' id='word_1_209' title='bbox 946 2979 979 3040; x_wconf 92' lang='lat' dir='ltr'>in</span> <span class='ocrx_word' id='word_1_210' title='bbox 995 2977 1129 3041; x_wconf 89' lang='lat' dir='ltr'>illorum</span> <span class='ocrx_word' id='word_1_211' title='bbox 1148 2997 1251 3040; x_wconf 91' lang='lat' dir='ltr'>manu</span> 
     </span>
     <span class='ocr_line' id='line_1_27' title="bbox 62 3071 1251 3155; baseline -0.003 -18"><span class='ocrx_word' id='word_1_212' title='bbox 62 3085 203 3143; x_wconf 77' lang='lat' dir='ltr'>sunt</span> <span class='ocrx_word' id='word_1_213' title='bbox 224 3071 275 3136; x_wconf 89' lang='lat' dir='ltr'>ad</span> <span class='ocrx_word' id='word_1_214' title='bbox 293 3071 542 3154; x_wconf 90' lang='lat' dir='ltr'>opitulandum,</span> <span class='ocrx_word' id='word_1_215' title='bbox 559 3072 645 3135; x_wconf 89' lang='lat' dir='ltr'>satis</span> <span class='ocrx_word' id='word_1_216' title='bbox 662 3081 716 3137; x_wconf 90' lang='lat' dir='ltr'>est</span> <span class='ocrx_word' id='word_1_217' title='bbox 735 3072 803 3135; x_wconf 84' lang='lat' dir='ltr'>illis</span> <span class='ocrx_word' id='word_1_218' title='bbox 819 3092 878 3153; x_wconf 90' lang='lat' dir='ltr'>per</span> <span class='ocrx_word' id='word_1_219' title='bbox 893 3082 1100 3155; x_wconf 88' lang='lat' dir='ltr'>apparentes</span> <span class='ocrx_word' id='word_1_220' title='bbox 1117 3091 1251 3135; x_wconf 89' lang='lat' dir='ltr'>amores</span> 
     </span>
     <span class='ocr_line' id='line_1_28' title="bbox 63 3166 1250 3243; baseline -0.006 -9"><span class='ocrx_word' id='word_1_221' title='bbox 63 3184 145 3240; x_wconf 75' lang='lat' dir='ltr'>et.</span> <span class='ocrx_word' id='word_1_222' title='bbox 179 3169 341 3239; x_wconf 70' lang='lat' dir='ltr'>favores</span> <span class='ocrx_word' id='word_1_223' title='bbox 365 3167 485 3230; x_wconf 90' lang='lat' dir='ltr'>sedare</span> <span class='ocrx_word' id='word_1_224' title='bbox 508 3187 554 3230; x_wconf 89' lang='lat' dir='ltr'>ex</span> <span class='ocrx_word' id='word_1_225' title='bbox 578 3168 788 3231; x_wconf 87' lang='lat' dir='ltr'>conscientia</span> <span class='ocrx_word' id='word_1_226' title='bbox 810 3166 984 3230; x_wconf 88' lang='lat' dir='ltr'>oboritura</span> <span class='ocrx_word' id='word_1_227' title='bbox 1011 3166 1250 3243; x_wconf 84' lang='lat' dir='ltr'>incommoda;</span> 
     </span>
     <span class='ocr_line' id='line_1_29' title="bbox 62 3261 1251 3343; baseline 0 -19"><span class='ocrx_word' id='word_1_228' title='bbox 62 3262 203 3333; x_wconf 82' lang='lat' dir='ltr'>inde</span> <span class='ocrx_word' id='word_1_229' title='bbox 235 3262 345 3325; x_wconf 90' lang='lat' dir='ltr'>etiam</span> <span class='ocrx_word' id='word_1_230' title='bbox 375 3271 493 3342; x_wconf 88' lang='lat' dir='ltr'>potest</span> <span class='ocrx_word' id='word_1_231' title='bbox 523 3262 632 3326; x_wconf 89' lang='lat' dir='ltr'>redire</span> <span class='ocrx_word' id='word_1_232' title='bbox 662 3263 822 3336; x_wconf 90' lang='lat' dir='ltr'>amicitia,</span> <span class='ocrx_word' id='word_1_233' title='bbox 847 3262 880 3324; x_wconf 91' lang='lat' dir='ltr'>in</span> <span class='ocrx_word' id='word_1_234' title='bbox 903 3282 969 3343; x_wconf 92' lang='lat' dir='ltr'>qua</span> <span class='ocrx_word' id='word_1_235' title='bbox 992 3261 1036 3324; x_wconf 92' lang='lat' dir='ltr'>ab</span> <span class='ocrx_word' id='word_1_236' title='bbox 1058 3261 1129 3341; x_wconf 89' lang='lat' dir='ltr'>ejus</span> <span class='ocrx_word' id='word_1_237' title='bbox 1153 3270 1251 3342; x_wconf 91' lang='lat' dir='ltr'>parte</span> 
     </span>
     <span class='ocr_line' id='line_1_30' title="bbox 63 3355 1249 3437; baseline -0.007 -10"><span class='ocrx_word' id='word_1_238' title='bbox 63 3356 211 3427; x_wconf 80' lang='lat' dir='ltr'>latet</span> <span class='ocrx_word' id='word_1_239' title='bbox 230 3376 331 3421; x_wconf 91' lang='lat' dir='ltr'>amor</span> <span class='ocrx_word' id='word_1_240' title='bbox 347 3355 557 3437; x_wconf 88' lang='lat' dir='ltr'>conjugialis,</span> <span class='ocrx_word' id='word_1_241' title='bbox 575 3357 717 3420; x_wconf 87' lang='lat' dir='ltr'>tametsi</span> <span class='ocrx_word' id='word_1_242' title='bbox 733 3375 802 3418; x_wconf 94' lang='lat' dir='ltr'>non</span> <span class='ocrx_word' id='word_1_243' title='bbox 821 3356 865 3418; x_wconf 88' lang='lat' dir='ltr'>ab</span> <span class='ocrx_word' id='word_1_244' title='bbox 880 3356 1031 3419; x_wconf 87' lang='lat' dir='ltr'>alterius.</span> <span class='ocrx_word' id='word_1_245' title='bbox 1076 3355 1144 3418; x_wconf 88' lang='lat' dir='ltr'>Sed</span> <span class='ocrx_word' id='word_1_246' title='bbox 1164 3355 1249 3419; x_wconf 87' lang='lat' dir='ltr'>haec</span> 
     </span>
     <span class='ocr_line' id='line_1_31' title="bbox 62 3448 1248 3534; baseline -0.006 -16"><span class='ocrx_word' id='word_1_247' title='bbox 62 3448 317 3522; x_wconf 70' lang='lat' dir='ltr'>transactio</span> <span class='ocrx_word' id='word_1_248' title='bbox 346 3461 486 3534; x_wconf 93' lang='lat' dir='ltr'>propter</span> <span class='ocrx_word' id='word_1_249' title='bbox 516 3470 692 3514; x_wconf 92' lang='lat' dir='ltr'>numerum</span> <span class='ocrx_word' id='word_1_250' title='bbox 720 3452 925 3514; x_wconf 89' lang='lat' dir='ltr'>varietatum</span> <span class='ocrx_word' id='word_1_251' title='bbox 949 3451 1046 3533; x_wconf 89' lang='lat' dir='ltr'>hujus</span> <span class='ocrx_word' id='word_1_252' title='bbox 1073 3451 1248 3521; x_wconf 89' lang='lat' dir='ltr'>materiae,</span> 
     </span>
     <span class='ocr_line' id='line_1_32' title="bbox 69 3544 1249 3630; baseline -0.003 -17"><span class='ocrx_word' id='word_1_253' title='bbox 69 3550 362 3630; x_wconf 84' lang='lat' dir='ltr'>distinguetur</span> <span class='ocrx_word' id='word_1_254' title='bbox 384 3547 419 3609; x_wconf 93' lang='lat' dir='ltr'>in</span> <span class='ocrx_word' id='word_1_255' title='bbox 441 3545 615 3622; x_wconf 90' lang='lat' dir='ltr'>articulos,</span> <span class='ocrx_word' id='word_1_256' title='bbox 633 3556 671 3610; x_wconf 92' lang='lat' dir='ltr'>ut</span> <span class='ocrx_word' id='word_1_257' title='bbox 694 3544 834 3630; x_wconf 90' lang='lat' dir='ltr'>priores.</span> <span class='ocrx_word' id='word_1_258' title='bbox 879 3545 990 3629; x_wconf 88' lang='lat' dir='ltr'>Hujus</span> <span class='ocrx_word' id='word_1_259' title='bbox 1012 3544 1145 3610; x_wconf 89' lang='lat' dir='ltr'>articuli</span> <span class='ocrx_word' id='word_1_260' title='bbox 1169 3554 1249 3609; x_wconf 90' lang='lat' dir='ltr'>sunt</span> 
     </span>
     <span class='ocr_line' id='line_1_33' title="bbox 69 3641 228 3711; baseline -0.013 0"><span class='ocrx_word' id='word_1_261' title='bbox 69 3641 228 3711; x_wconf 80' lang='lat' dir='ltr'>ht:-</span> 
     </span>
    </p>
   </div>
   <div class='ocr_carea' id='block_1_11' title="bbox 298 3750 1251 4176">
    <p class='ocr_par' dir='ltr' id='par_1_11' title="bbox 309 3750 1251 3964">
     <span class='ocr_line' id='line_1_34' title="bbox 309 3750 1251 3823; baseline 0.001 -18"><span class='ocrx_word' id='word_1_262' title='bbox 309 3750 352 3822; x_wconf 85' lang='lat' dir='ltr'>(i.)</span> <span class='ocrx_word' id='word_1_263' title='bbox 379 3751 466 3822; x_wconf 79' lang='lat' dir='ltr'>Quod</span> <span class='ocrx_word' id='word_1_264' title='bbox 474 3753 507 3805; x_wconf 71' lang='grc' dir='ltr'>ἐκ</span> <span class='ocrx_word' id='word_1_265' title='bbox 520 3751 625 3805; x_wconf 84' lang='lat' dir='ltr'>mundo</span> <span class='ocrx_word' id='word_1_266' title='bbox 637 3751 876 3822; x_wconf 78' lang='lat' dir='ltr'>naturalr&#39;paene</span> <span class='ocrx_word' id='word_1_267' title='bbox 887 3767 983 3806; x_wconf 83' lang='lat' dir='ltr'>amnes</span> <span class='ocrx_word' id='word_1_268' title='bbox 990 3753 1132 3823; x_wconf 77' lang='lat' dir='ltr'>conjungi</span> <span class='ocrx_word' id='word_1_269' title='bbox 1136 3752 1251 3822; x_wconf 73' lang='lat' dir='ltr'>possint</span> 
     </span>
     <span class='ocr_line' id='line_1_35' title="bbox 447 3822 1249 3947; baseline 0.001 -71"><span class='ocrx_word' id='word_1_270' title='bbox 447 3822 546 3891; x_wconf 81' lang='lat' dir='ltr'>quoad</span> <span class='ocrx_word' id='word_1_271' title='bbox 551 3823 711 3947; x_wconf 47' lang='lat' dir='ltr'>{pelliones</span> <span class='ocrx_word' id='word_1_272' title='bbox 719 3829 862 3882; x_wconf 79' lang='lat' dir='ltr'>externas,</span> <span class='ocrx_word' id='word_1_273' title='bbox 874 3839 929 3876; x_wconf 86' lang='lat' dir='ltr'>non</span> <span class='ocrx_word' id='word_1_274' title='bbox 942 3830 1037 3876; x_wconf 80' lang='lat' dir='ltr'>autem</span> <span class='ocrx_word' id='word_1_275' title='bbox 1050 3824 1148 3892; x_wconf 85' lang='lat' dir='ltr'>quoad</span> <span class='ocrx_word' id='word_1_276' title='bbox 1156 3825 1249 3877; x_wconf 76' lang='lat' dir='ltr'>inter·</span> 
     </span>
     <span class='ocr_line' id='line_1_36' title="bbox 447 3893 966 3964; baseline 0.006 -18"><span class='ocrx_word' id='word_1_277' title='bbox 447 3896 543 3948; x_wconf 80' lang='lat' dir='ltr'>narsi</span> <span class='ocrx_word' id='word_1_278' title='bbox 575 3911 610 3947; x_wconf 80' lang='lat' dir='ltr'>ae</span> <span class='ocrx_word' id='word_1_279' title='bbox 620 3893 760 3948; x_wconf 68' lang='lat' dir='ltr'>dissidant</span> <span class='ocrx_word' id='word_1_280' title='bbox 772 3899 799 3947; x_wconf 76' lang='lat' dir='ltr'>et</span> <span class='ocrx_word' id='word_1_281' title='bbox 813 3897 966 3964; x_wconf 73' lang='lat' dir='ltr'>apparent.</span> 
     </span>
    </p>

    <p class='ocr_par' dir='ltr' id='par_1_12' title="bbox 298 3962 1248 4176">
     <span class='ocr_line' id='line_1_37' title="bbox 298 3962 1248 4035; baseline -0.001 -16"><span class='ocrx_word' id='word_1_282' title='bbox 298 3962 353 4034; x_wconf 87' lang='lat' dir='ltr'>(ii.)</span> <span class='ocrx_word' id='word_1_283' title='bbox 379 3963 466 4035; x_wconf 74' lang='lat' dir='ltr'>Quod</span> <span class='ocrx_word' id='word_1_284' title='bbox 477 3966 509 4017; x_wconf 80' lang='lat' dir='ltr'>in</span> <span class='ocrx_word' id='word_1_285' title='bbox 521 3965 628 4018; x_wconf 83' lang='lat' dir='ltr'>mundo</span> <span class='ocrx_word' id='word_1_286' title='bbox 639 3966 799 4034; x_wconf 81' lang='lat' dir='ltr'>spirituali</span> <span class='ocrx_word' id='word_1_287' title='bbox 812 3982 909 4019; x_wconf 84' lang='lat' dir='ltr'>omnes</span> <span class='ocrx_word' id='word_1_288' title='bbox 921 3967 1140 4035; x_wconf 77' lang='lat' dir='ltr'>consungantur</span> <span class='ocrx_word' id='word_1_289' title='bbox 1151 3980 1248 4018; x_wconf 81' lang='lat' dir='ltr'>secun·</span> 
     </span>
     <span class='ocr_line' id='line_1_38' title="bbox 445 4035 1247 4105; baseline 0.001 -17"><span class='ocrx_word' id='word_1_290' title='bbox 445 4035 515 4088; x_wconf 82' lang='lat' dir='ltr'>dum</span> <span class='ocrx_word' id='word_1_291' title='bbox 540 4036 700 4105; x_wconf 69' lang='lat' dir='ltr'>affetirimes</span> <span class='ocrx_word' id='word_1_292' title='bbox 726 4040 866 4098; x_wconf 65' lang='lat' dir='ltr'>internas,</span> <span class='ocrx_word' id='word_1_293' title='bbox 892 4052 948 4089; x_wconf 86' lang='lat' dir='ltr'>nan</span> <span class='ocrx_word' id='word_1_294' title='bbox 974 4042 1070 4088; x_wconf 80' lang='lat' dir='ltr'>autem</span> <span class='ocrx_word' id='word_1_295' title='bbox 1094 4035 1247 4089; x_wconf 79' lang='lat' dir='ltr'>secundum</span> 
     </span>
     <span class='ocr_line' id='line_1_39' title="bbox 444 4106 1159 4176; baseline 0 -15"><span class='ocrx_word' id='word_1_296' title='bbox 444 4112 588 4169; x_wconf 76' lang='lat' dir='ltr'>externas,</span> <span class='ocrx_word' id='word_1_297' title='bbox 601 4108 665 4160; x_wconf 74' lang='lat' dir='ltr'>nisi</span> <span class='ocrx_word' id='word_1_298' title='bbox 672 4106 728 4161; x_wconf 82' lang='lat' dir='ltr'>hae</span> <span class='ocrx_word' id='word_1_299' title='bbox 739 4124 830 4161; x_wconf 78' lang='lat' dir='ltr'>unum</span> <span class='ocrx_word' id='word_1_300' title='bbox 843 4112 937 4176; x_wconf 76' lang='lat' dir='ltr'>agant</span> <span class='ocrx_word' id='word_1_301' title='bbox 947 4122 1011 4160; x_wconf 80' lang='lat' dir='ltr'>cum</span> <span class='ocrx_word' id='word_1_302' title='bbox 1025 4108 1159 4161; x_wconf 61' lang='lat' dir='ltr'>internas.</span> 
     </span>
    </p>
   </div>
   <div class='ocr_carea' id='block_1_12' title="bbox 0 0 1396 5026">
    <p class='ocr_par' dir='ltr' id='par_1_13' title="bbox 0 0 1396 5026">
     <span class='ocr_line' id='line_1_40' title="bbox 0 0 1396 5026; baseline 0 2"><span class='ocrx_word' id='word_1_303' title='bbox 0 0 1396 5026; x_wconf 95' lang='lat' dir='ltr'> </span> 
     </span>
    </p>
   </div>
  </div>
 </body>
</html>
