2782 5026
83 436 91 449 ¹
137 447 174 495 η
481 436 663 488 DELICIAE
685 437 915 492 SAPIENTIAB

135 604 348 666 ministrorum.
362 615 393 659 et
414 605 586 667 satellitum,
604 617 635 661 et
656 623 693 662 ex
715 607 823 660 horum
839 607 1006 678 magnificis
1024 607 1251 669 investimentis,

134 684 314 739 circumfluit
324 685 390 739 illos
403 686 544 740 honoret
556 687 661 757 gloria
698 685 757 741 Sed
766 687 896 757 supremi
911 686 953 740 illi
966 698 1037 741 sunt
1046 686 1136 742 elefli
1149 705 1187 744 ex
1200 689 1252 742 illis

133 779 261 835 quorum
275 779 327 818 cor
338 774 385 818 est
398 765 429 817 in
441 765 538 819 salute
550 765 677 835 publica,
686 776 717 819 et
730 765 828 820 solum
841 782 947 820 seusus
956 767 1092 836 corporis
1106 766 1137 820 in
1150 767 1252 838 ampli·

133 844 240 897 tudine
254 844 492 915 magnificentiae
506 856 627 915 propter
639 845 858 899 obedientiam:
880 856 911 899 et
923 846 993 915 quia
1006 847 1112 900 salutis
1121 846 1253 916 publicae

133 934 189 985 est,
202 934 236 976 ut
251 924 377 993 quisque
389 923 428 978 sit
441 925 548 994 aliquis
562 940 634 978 usus
648 925 677 977 in
691 925 843 984 societate,
857 935 892 978 ut
907 925 936 977 in
953 926 1108 978 communi
1122 941 1253 997 corpore,

133 1014 165 1057 et
180 1003 251 1073 quia
264 1003 363 1057 omnis
376 1020 448 1057 usus
460 1014 507 1057 est
521 1019 539 1056 a
555 1002 695 1064 Domino,
708 1014 740 1057 et
755 1003 789 1057 fit
803 1019 855 1073 per
866 1003 990 1074 angelos
1005 1014 1036 1058 et
1051 1021 1105 1074 per
1118 1005 1254 1060 homines

133 1082 211 1135 sicut
224 1082 261 1135 ab
277 1081 342 1143 illis,
356 1093 439 1153 patet
452 1083 533 1153 quod
546 1082 605 1136 hoc
620 1083 659 1136 sit
672 1099 795 1153 regnare
807 1098 876 1136 cum
892 1082 1051 1138 Domino.”

188 1161 245 1215 His
257 1163 368 1217 auditis
381 1179 397 1217 e
410 1162 501 1223 caelo,
516 1162 668 1231 personati
682 1162 724 1215 illi
737 1178 822 1232 reges
831 1173 862 1216 et
875 1162 1024 1232 principes
1034 1161 1254 1217 descenderunt

132 1254 149 1294 e
168 1240 287 1296 thronis
306 1252 336 1295 et
363 1241 455 1302 soliis,
474 1253 504 1295 et
524 1242 698 1312 abjecerunt
716 1252 842 1311 soeptra
861 1257 997 1303 coronas,
1016 1252 1048 1295 et
1065 1243 1253 1313 chlamydes:

131 1330 164 1374 et
179 1321 301 1374 recessit
315 1321 353 1375 ab
366 1321 424 1375 illis
441 1320 568 1382 nimbus,
582 1321 611 1374 in
627 1336 689 1391 quo
704 1319 761 1374 fuit
773 1336 846 1374 aura
859 1320 1043 1390 phantasiae,
1056 1332 1088 1374 et
1103 1322 1254 1376 obvelavit

133 1398 201 1453 illos
214 1401 308 1454 nubes
318 1401 454 1463 candida,
465 1401 495 1454 in
508 1417 568 1471 qua
580 1410 644 1454 erat
657 1416 729 1454 aura
741 1400 915 1471 sapientiae,
925 1416 963 1454 ex
975 1416 1034 1470 qua
1042 1400 1133 1454 rediit
1142 1401 1253 1456 sanitas

133 1479 284 1533 mentibus
298 1479 426 1534 illorum.

187 1560 224 1616 8.
252 1556 325 1612 Post
338 1560 411 1613 haec
423 1559 548 1630 angelus
561 1558 650 1612 rediit
662 1558 700 1611 ad
713 1557 837 1611 domum
849 1568 1017 1612 conventus
1029 1559 1202 1628 sapientum
1215 1575 1251 1614 ex

132 1636 305 1693 Christiano
323 1639 404 1699 orbe,
419 1650 450 1692 et
470 1640 507 1692 ad
527 1637 697 1692 sevocavit
717 1637 793 1698 illos,
808 1637 859 1707 qui
879 1637 935 1690 sibi
955 1638 1136 1692 induxerant
1155 1630 1252 1701 fidem,

130 1718 213 1788 quod
228 1718 337 1786 gaudia
349 1719 423 1771 caeli
437 1727 468 1771 et
478 1718 605 1771 felicitas
617 1729 740 1771 aeterna
752 1727 853 1771 essent
865 1717 990 1770 deliciae
1004 1718 1216 1786 paradisiacae.

187 1795 245 1851 His
266 1797 351 1858 dixit,
374 1797 563 1867 “Sequimini
589 1813 645 1858 me,
670 1807 701 1850 et
729 1796 916 1850 introducam
939 1812 993 1850 vos
1016 1797 1045 1849 in
1071 1798 1250 1866 paradisum,

131 1877 246 1931 caelum
257 1888 398 1937 vestrum,
411 1887 443 1929 ut
453 1876 649 1930 exordiamini
660 1876 863 1929 beatitudines
873 1873 1024 1929 felicitatis
1033 1888 1174 1930 aeternae
1187 1893 1251 1931 ves-

131 1956 222 2010 trae.''
258 1955 295 2009 Et
306 1955 547 2009 introduxitillos
562 1971 614 2025 per
623 1956 770 2008 excelsam
782 1967 907 2025 portam,
918 1971 955 2008 ex
968 1955 1058 2009 ramis
1068 1966 1099 2009 et
1112 1957 1250 2028 propagi-

131 2035 220 2089 nibus
239 2034 384 2088 nobilium
401 2036 540 2088 arborum
556 2033 774 2104 compaginatis
789 2032 985 2088 exstructam:
1007 2044 1076 2103 post
1096 2035 1250 2089 introitum

130 2114 331 2168 circumduxit
351 2114 417 2168 illos
433 2130 487 2184 per
501 2114 643 2184 ambages
661 2129 679 2167 a
694 2113 781 2184 plaga
797 2114 827 2166 in
842 2113 970 2184 plagam.
1009 2112 1080 2167 Erat
1095 2112 1252 2168 aflualiter

131 2194 287 2264 paradisus
300 2193 329 2246 in
344 2193 441 2263 primo
452 2194 587 2263 ingressu
601 2193 638 2246 ad
652 2193 777 2255 caelum,
787 2193 817 2246 in
831 2208 920 2262 quem
931 2193 1136 2246 immittuntur
1146 2193 1188 2247 illi
1202 2193 1251 2264 qui

132 2274 161 2328 in
182 2273 296 2327 mundo
310 2274 501 2327 crediderant
517 2273 599 2343 quod
615 2273 787 2326 universum
803 2272 917 2326 caelum
937 2272 976 2324 sit
995 2287 1072 2326 unus
1088 2273 1251 2341 paradisus,

129 2353 201 2424 quia
215 2363 340 2407 vocatur
355 2353 526 2423 paradisus;
547 2368 582 2406 ac
597 2352 648 2422 qui
665 2352 875 2421 impresserant
891 2350 947 2404 sibi
964 2351 1069 2410 ideam,
1086 2353 1168 2420 quod
1184 2362 1253 2422 post

131 2443 258 2487 mortem
279 2433 318 2487 sit
334 2433 466 2501 plenaria
482 2431 600 2502 requies
615 2446 633 2484 a
652 2429 810 2491 laboribus,
826 2439 857 2483 et
873 2429 953 2499 quod
970 2429 1086 2498 requies
1103 2430 1176 2484 haec
1192 2447 1252 2485 non

130 2512 211 2566 aliud
227 2521 315 2572 esset,
328 2528 418 2581 quam
435 2512 549 2571 animas
565 2510 739 2588 deliciarum
755 2509 880 2570 trahere,
896 2524 986 2577 super
1001 2509 1077 2562 rosis
1091 2509 1251 2570 ambulare,

130 2608 167 2646 ex
187 2592 294 2646 mustis
313 2591 534 2645 delicatissimis
550 2605 674 2644 uvarum
690 2587 852 2650 laetificari,
868 2603 903 2641 ac
922 2587 1029 2642 festiva
1044 2589 1161 2657 repotia
1176 2589 1252 2643 cele·

130 2672 230 2734 brare;
248 2683 279 2725 et
292 2672 372 2741 quod
388 2671 461 2725 haec
474 2671 537 2724 vita
550 2686 610 2724 non
624 2670 712 2723 detur
725 2669 781 2723 nisi
796 2669 826 2722 in
838 2668 959 2723 caelesti
973 2668 1120 2737 paradiso.

186 2748 275 2805 Ducti
300 2751 338 2804 ab
357 2751 466 2820 angelo
484 2750 627 2803 videbant
647 2748 799 2818 ingentem
819 2747 1043 2801 multitudinem
1063 2758 1124 2800 tarn
1145 2763 1250 2801 senum

130 2847 220 2901 quam
230 2831 382 2901 juvenum,
391 2841 422 2884 et
432 2845 601 2900 puerorum,
610 2839 641 2883 et
650 2844 770 2899 quoque
779 2828 935 2882 mulierum
944 2838 975 2882 et
986 2828 1150 2898 puellarum
1161 2846 1167 2890 ;
1183 2829 1252 2882 tria·

131 2912 185 2965 des
198 2922 228 2964 et
239 2911 358 2971 triades,
372 2927 408 2964 ac
420 2911 549 2964 decades
562 2920 593 2963 et
608 2910 743 2970 decades,
757 2910 896 2964 sedentes
909 2925 997 2978 super
1010 2908 1117 2962 rosetis
1130 2908 1251 2963 flcflen·

128 3003 177 3045 tes
190 3002 277 3051 serta,
290 2991 398 3061 quibus
412 3001 553 3045 ornarent
566 2990 665 3059 capita
677 3006 792 3051 senum,
803 2990 924 3044 brachia
933 2991 1084 3059 juvenum,
1098 3005 1132 3042 ac
1146 2988 1251 3043 fascia·

130 3071 185 3125 tim
206 3068 522 3140 pectorapuerorum
546 3069 620 3122 alias
639 3069 774 3139 legentes
792 3085 830 3123 ex
848 3069 1004 3122 arboribus
1023 3066 1143 3128 frudlus,
1163 3079 1195 3122 et
1220 3068 1249 3120 in

130 3150 256 3205 calathis
270 3160 425 3220 portantes
440 3150 476 3203 ad
494 3148 648 3210 sodalitia:
667 3148 740 3202 alias
753 3147 955 3217 exprimentes
969 3157 1100 3201 mustum
1120 3163 1157 3200 ex
1176 3147 1249 3207 uvis,

126 3230 240 3284 cerasis
253 3241 283 3283 et
296 3229 390 3283 acinis
405 3229 433 3282 in
447 3228 580 3300 cyathos,
594 3238 626 3281 et
637 3226 794 3298 genialiter
805 3227 957 3288 bibentes;
976 3227 1048 3280 alias
1061 3226 1249 3280 attrahentes

130 3310 250 3364 naribus
266 3308 442 3380 fragrantias
458 3323 494 3362 ex
510 3307 640 3368 floribus,
654 3304 798 3360 fruflibus
813 3322 848 3360 ac
863 3304 1021 3360 odoriferis
1037 3305 1117 3359 foliis
1131 3307 1250 3360 exhala-

129 3400 176 3444 tas
191 3399 221 3443 et
237 3389 482 3457 circumsparsas;
500 3387 573 3440 alias
586 3395 728 3440 canentes
741 3386 843 3440 dulces
858 3387 932 3439 odas
945 3385 1053 3455 quibus
1066 3385 1249 3438 mulciebant

130 3468 330 3538 praesentium
351 3467 488 3527 auditus:
513 3465 586 3520 alias
604 3466 746 3520 sedentes
764 3465 802 3518 ad
822 3465 929 3525 fontes,
949 3474 980 3517 et
1004 3480 1097 3533 aquas
1116 3463 1249 3518 salientis

128 3563 223 3602 venae
237 3547 407 3601 derivantes
420 3547 449 3600 in
463 3546 560 3600 varias
573 3545 698 3606 formas:
717 3543 789 3598 alias
802 3544 997 3603 ambulantes,
1007 3542 1246 3604 confabulantes,

129 3636 161 3681 et
174 3637 346 3697 spargentes
359 3625 495 3687 facetias;
514 3625 586 3679 alias
596 3633 758 3684 currentes,
773 3623 919 3682 ludentes,
933 3623 1077 3676 saltantes
1091 3622 1139 3676 hic
1152 3623 1181 3676 in
1196 3639 1250 3675 nu-

130 3722 237 3766 meros,
250 3715 281 3760 et
295 3705 334 3758 ibi
351 3705 380 3758 in
393 3705 496 3765 orbes:
515 3704 587 3758 alias
601 3703 802 3773 Ingredientes
813 3702 1008 3756 domunculas
1022 3701 1203 3762 hortulanas,
1215 3711 1249 3754 ut

129 3801 219 3855 super
232 3784 355 3854 spondis
367 3785 528 3844 cubarent;
548 3793 665 3853 praeter
677 3782 776 3851 plures
789 3781 861 3835 alias
874 3781 1002 3834 laetitias
1015 3781 1222 3849 paradisiacas.

184 3863 348 3934 Postquam
363 3863 437 3917 haec
449 3863 514 3916 visa
528 3872 606 3923 sunt,
620 3861 706 3914 duxit
718 3860 841 3930 angelus
854 3859 980 3913 comites
993 3875 1063 3913 suos
1077 3875 1130 3928 per
1142 3859 1251 3913 circui·

129 3954 178 3998 tus
194 3943 253 3997 huc
267 3943 344 4003 illuc,
358 3958 392 3996 ac
408 3942 515 3996 ultimo
530 3941 567 3994 ad
587 3941 726 3995 sedentes
742 3940 772 3992 in
789 3939 990 4009 pulcherrimo
1005 3949 1106 3993 roseto
1122 3939 1247 3991 circum·

129 4020 229 4077 cinelo
237 4022 392 4076 arboribus
400 4021 504 4081 olivae,
514 4019 650 4080 aurantii,
658 4018 771 4080 etcitri,
779 4018 830 4088 qui
840 4029 979 4072 nutantes
987 4018 1131 4071 tenebant
1142 4033 1247 4071 manus

130 4099 692 4172 subgenis‚lugentes,etlacrymantes.
727 4097 792 4152 Hos
801 4096 922 4150 allocuti
931 4096 1250 4167 suntcomitesangeli,

130 4191 161 4236 et
170 4181 318 4242 dixerunt,
329 4178 414 4233 “Cur
424 4179 465 4232 ita
474 4178 585 4233 sedetis
593 4176 624 4231 ?”
641 4177 679 4231 Et
688 4177 914 4246 responderunt,
926 4183 941 4203 “
952 4175 1004 4229 Est
1015 4192 1094 4230 nunc
1103 4176 1249 4245 septimus

130 4260 195 4314 dies
213 4275 231 4313 a
249 4275 311 4329 quo
330 4258 358 4312 in
379 4259 458 4311 hunc
478 4257 646 4327 paradisum
662 4256 815 4310 venimus:
839 4270 907 4308 cum
924 4254 1107 4315 intravimus,
1122 4255 1185 4308 visa
1203 4265 1250 4308 est

131 4355 215 4394 mens
225 4348 327 4393 nostra
339 4338 417 4392 sicut
427 4338 542 4391 elevata
556 4336 584 4389 in
598 4336 722 4396 caelum,
733 4334 767 4389 a'e
783 4334 913 4388 immissa
927 4334 956 4386 in
971 4334 1090 4387 intimas
1101 4334 1167 4402 ejus
1180 4350 1251 4404 gau·

125 4418 248 4474 diorum
260 4417 444 4480 faustitates;
462 4416 514 4471 sed
528 4425 597 4489 post
612 4415 744 4468 triduum
758 4423 921 4485 coeperunt
937 4412 1105 4467 faustitates
1117 4414 1183 4467 illae
1198 4414 1249 4466 he-
