2782 5026
310 462 360 514 nn
382 460 518 513 suone
540 458 861 528 comumnes-u.
880 461 953 526 422.
1127 463 1189 530 323

104 634 146 690 od
156 644 207 691 est
218 633 352 689 infimum
363 630 539 695 intelleiius
549 631 687 703 apparuit
696 631 773 686 sicut
782 632 919 688 velamen
929 649 936 694 ;
954 631 1032 702 apud
1043 632 1190 702 quosdam

105 731 226 787 gurans
245 730 282 768 ex
300 713 368 783 igne
382 712 527 774 infernali,
540 713 620 783 apud
633 713 781 783 quosdam
794 723 892 768 atrum
911 711 990 767 sicut
1004 711 1145 784 fuliginis,
1158 721 1191 768 et

104 794 145 849 ud
159 793 309 865 quosdam
322 792 447 848 lividum
459 791 538 847 sicut
552 793 714 849 cadaveris.
751 790 865 850 Caveat
875 794 976 864 itaque
988 793 1114 864 quisque
1133 791 1190 848 sibi

104 871 379 928 :onlirruationibus
394 887 448 943 pro
467 882 582 935 natura,
594 871 752 927 confirmet
767 890 800 929 se
815 890 870 945 pro
886 872 1011 935 Divino;
1031 888 1092 927 non
1104 873 1191 928 deest

104 953 213 1024 pellex.

115 1043 208 1105 4²²·
232 1031 438 1104 '‘Ignoscendi
453 1031 574 1104 quidem
590 1042 661 1087 sunt
675 1031 776 1103 aliqui,
790 1033 872 1103 quod
888 1043 1012 1087 naturae
1024 1032 1190 1102 adscripse-

104 1122 128 1166 lt
141 1112 290 1183 quaedam
302 1113 439 1175 visibilia,
452 1129 489 1169 ex
504 1128 602 1175 causa.
616 1113 697 1183 quod
714 1128 774 1166 non
791 1113 932 1167 sciverint
945 1112 1057 1183 aliquid
1073 1113 1111 1167 de
1126 1113 1190 1167 sole

104 1191 175 1245 indi
188 1191 358 1262 spiritualis,
373 1193 422 1246 ubi
438 1202 485 1248 est
502 1192 657 1254 Dominus,
670 1201 702 1246 et
720 1192 759 1246 de
774 1192 886 1246 influxu
904 1192 989 1254 inde;
1009 1207 1064 1263 nec
1076 1192 1190 1263 aliquid

117 1271 174 1325 illo
185 1271 307 1333 mundo,
316 1282 347 1326 et
359 1272 424 1342 ejus
434 1282 523 1333 statu.
533 1272 625 1326 immo
636 1287 691 1326 nec
701 1271 741 1326 de
750 1271 919 1342 praesentia
928 1272 993 1342 ejus
1002 1272 1082 1342 apud
1093 1271 1191 1326 homi-

104 1367 152 1414 ως
172 1361 205 1406 et
218 1350 299 1422 quod
316 1351 385 1406 inde
401 1368 462 1406 non
477 1351 565 1406 aliter
579 1350 711 1422 cogitare
727 1351 887 1421 potuerint,
901 1367 990 1422 quarn
1006 1351 1088 1422 quod
1104 1351 1191 1421 spiri·

104 1431 150 1486 ale
163 1441 244 1487 esset
253 1431 355 1501 purius
369 1432 519 1494 naturale;
537 1427 624 1486 etsie
636 1430 717 1501 quod
730 1431 827 1502 angeli
841 1440 943 1500 essent
954 1430 1002 1485 vel
1016 1430 1045 1484 iu
1059 1430 1190 1493 aethere,

104 1511 111 1565 l
125 1510 158 1565 in
172 1511 281 1574 stellis;
300 1521 364 1565 tum
377 1511 416 1566 de
428 1510 560 1572 diabolo,
573 1509 655 1581 quod
668 1509 716 1564 vel
730 1520 810 1564 esset
823 1510 953 1564 hominis
967 1509 1087 1572 malum,
1099 1510 1148 1564 vel
1163 1509 1190 1565 si

104 1589 228 1645 :naliter
245 1591 394 1652 existeret,
410 1598 490 1645 esset
507 1589 555 1644 vel
574 1588 605 1643 in
624 1605 700 1651 aere,
715 1588 764 1645 vel
783 1589 814 1643 in
834 1587 1005 1660 profundis;
1026 1598 1091 1642 turn
1107 1588 1190 1660 quod

103 1670 187 1724 imae
202 1669 358 1722 hominum
375 1679 444 1739 post
463 1680 589 1724 mortem
608 1669 656 1723 vel
675 1678 778 1724 essent
797 1668 827 1722 in
847 1668 954 1722 intimo
970 1678 1074 1730 terrae,
1090 1669 1138 1723 vel
1159 1669 1190 1722 in

104 1763 170 1819 quo
184 1748 234 1802 ubi
249 1763 302 1802 seu
317 1764 364 1818 pu,
375 1764 470 1819 usque
482 1748 520 1802 ad
533 1748 613 1802 diem
625 1748 746 1818 judicii;
765 1758 796 1802 et
808 1746 917 1804 similia
928 1747 994 1810 alia,
1004 1763 1081 1819 quae
1095 1747 1190 1818 phan-

104 1829 145 1884 iia
164 1827 285 1882 induxit
302 1843 340 1882 ex
359 1827 529 1899 ignorantia
547 1828 651 1882 mundi
669 1827 833 1898 spiritualis
851 1837 883 1882 et
902 1828 967 1897 ejus
985 1826 1067 1884 solis.
1104 1826 1191 1883 Haec

104 1923 158 1964 usa
177 1916 225 1961 est
243 1907 325 1977 quod
346 1907 519 1978 ignoscendi
538 1907 607 1969 sint,
620 1907 672 1977 qui
690 1906 882 1962 crediderunt
900 1907 982 1978 quod
995 1916 1103 1961 natura
1121 1921 1190 1977 pro·

104 1997 159 2042 eat
168 1986 300 2042 visibilia
308 2002 345 2040 ex
355 1985 446 2041 insito
458 2001 477 2041 a
488 1986 657 2041 creatione:
675 1986 727 2040 sed
738 2002 833 2057 usque
844 1986 895 2049 illi,
906 1986 957 2058 qui
970 2002 1023 2056 per
1032 1985 1189 2040 confirma·

104 2082 169 2121 ‚nes
191 2080 247 2137 pro
266 2075 373 2120 natura
396 2081 430 2120 se
453 2065 560 2121 atheos
579 2065 723 2127 lecerunt,
743 2082 803 2120 non
826 2065 1001 2138 ignoscendi
1020 2074 1099 2128 sunt.
1118 2063 1190 2135 quia

104 2154 233 2201 tuerunt
245 2159 278 2198 se
290 2143 464 2200 confirmare
474 2161 529 2215 pro
540 2144 665 2208 Divin0;
685 2145 854 2216 ignorantia
862 2146 982 2216 quidem
993 2154 1124 2203 excusat.
1135 2145 1189 2201 sed

104 2241 125 2280 n
138 2224 225 2279 tollit
237 2222 344 2278 falsum
357 2223 576 2287 confirmatum,
587 2240 656 2280 nam
672 2223 731 2281 hoe
743 2223 851 2280 lalsuru
864 2225 1004 2281 cohaeret
1016 2240 1086 2280 cum
1100 2223 1189 2287 maloi

109 2303 228 2360 malum
241 2318 311 2358 cum
324 2302 467 2360 inierno.¹'
