2782 5026
374 121 423 171 DE
445 121 581 173 AMORE
604 121 923 190 CONJUGIALI.-N.
945 127 1016 192 293.
1188 129 1252 195 229

102 299 300 345 nostrorum
318 305 338 344 a
354 306 440 345 mane
455 292 598 362 usquead
615 307 788 361 vesperam:
805 291 855 346 vix
869 290 898 347 in
913 292 961 347 die
973 291 1131 348 intercedit
1144 293 1252 349 horula

101 367 323 432 intercalaris.
337 386 391 425 seu
405 371 434 424 in
446 387 508 442 qua
519 371 667 442 cogitatio
681 370 821 426 intuitiva
833 382 936 427 nostra
947 373 985 427 ab
998 372 1055 428 illis
1069 373 1156 442 plane
1169 390 1252 429 rece·

98 448 168 512 dit,
176 466 236 505 seu
250 460 303 505 est
315 451 441 515 absens;
452 451 585 507 vicissim
598 452 697 506 mariti
711 453 749 507 de
763 463 866 508 nostro
879 463 960 508 statu
972 469 1129 523 perparum
1138 453 1251 524 aliquid

99 526 140 583 in
155 529 214 585 die
227 530 391 601 comeant:
410 529 480 586 inde
492 541 546 594 est.
559 532 641 602 quod
655 531 785 588 sciamus
795 549 872 603 quae
887 529 1005 587 illorum
1015 533 1164 603 sapientia
1177 534 1252 589 deli·
1336 585 1340 595 ,

95 609 217 663 ciatur
230 608 264 662 in
279 608 387 665 nobis:
412 622 523 665 vocant
533 611 632 666 mariti
646 612 823 682 sapientiam
834 612 914 666 illam
923 612 1100 682 sapientiam
1114 613 1253 682 spiritua·

96 687 172 743 lem
200 688 399 751 rationalem,
417 705 453 744 ac
477 690 661 760 spiritualem
682 691 841 754 moralem;
866 692 1043 761 sapientiam
1066 691 1251 762 spiritualem

96 769 310 824 rationalem
326 769 433 823 dicunt
451 786 517 825 esse
536 768 706 826 intellectus
724 781 756 825 et
780 771 999 841 cognitionum,
1018 787 1053 826 ac
1071 770 1251 840 sapientiam

95 848 317 918 spiritualem
331 849 473 903 moralem
488 849 592 903 dicunt
607 866 673 905 esse
687 850 853 906 voluntatis
868 861 899 905 et
913 851 1009 914 vitae;
1026 859 1058 905 at
1070 851 1174 905 ambas
1188 850 1253 904 illas

94 929 321 999 conjungunt
344 939 377 982 et
401 927 515 983 iaciunt
536 944 635 992 unam,
657 940 689 983 et
710 940 848 985 statuunt
869 930 950 1000 quod
976 930 1065 1000 hujus
1088 929 1254 999 sapientiae

93 1007 332 1063 amoenitates
347 1024 364 1063 e
378 1008 528 1062 mentibus
541 1008 658 1064 illorum
672 1009 909 1063 transcribantur
924 1010 954 1064 in
967 1010 1090 1064 delicias
1105 1010 1135 1063 in
1151 1007 1255 1079 pedio-

94 1087 205 1142 ribus
222 1087 397 1149 nostriset
414 1102 433 1141 a
447 1088 558 1142 nostris
577 1089 606 1143 in
625 1087 749 1159 pedlora
766 1089 893 1151 illorum,
909 1099 940 1144 et
956 1088 1001 1144 sic
1017 1090 1056 1144 ad
1075 1087 1253 1159 sapientiam

93 1167 278 1238 originem
294 1182 387 1227 suam,
400 1167 550 1222 redeant.”

167 1246 216 1300 Et
227 1256 309 1300 tunc
318 1245 461 1315 quaesivi,
472 1263 543 1301 num
556 1246 652 1302 sciant
664 1246 777 1318 aliquid
791 1247 857 1317 plus
867 1247 905 1303 de
917 1246 1065 1318 sapientia
1077 1246 1253 1301 maritorum

92 1325 292 1381 deliciante
306 1325 336 1378 in
349 1326 444 1380 vobis.

168 1405 344 1464 Dixerunt.
358 1413 373 1433 '¹
383 1404 516 1467 Scimu⁴s;
535 1416 582 1460 est
594 1406 743 1475 sapientia
751 1404 922 1476 spiritualis,
932 1415 962 1460 et
976 1405 1046 1460 inde
1056 1402 1210 1459 rationalis
1223 1414 1254 1459 et

90 1484 270 1547 moralis;
294 1484 442 1553 sapientia
460 1484 623 1555 spiritualis
640 1495 688 1540 est
705 1500 868 1556 agnoscere
888 1484 1051 1540 Dominum
1067 1483 1253 1540 Salvatorem

91 1579 168 1632 pro
187 1564 267 1619 Deo
279 1563 355 1617 caeli
369 1574 401 1618 et
416 1574 521 1627 terrae,
533 1574 564 1619 et
579 1566 617 1618 ab
634 1563 712 1635 Ipso,
725 1565 808 1636 quod
824 1563 858 1618 fit
873 1581 926 1635 per
938 1564 1071 1619 Verbum
1087 1579 1122 1618 ac
1138 1562 1256 1633 praedi-

86 1645 267 1699 cationes
283 1642 363 1704 inde,
375 1658 548 1713 comparare
563 1643 620 1698 sibi
635 1644 779 1698 ecclesiae
794 1659 872 1705 vera
887 1643 968 1699 unde
983 1643 1147 1713 spiritualis
1162 1641 1256 1697 ratio·

87 1724 255 1785 nalitas;
275 1733 308 1776 et
321 1721 359 1777 ab
374 1721 444 1792 Ipso
456 1722 558 1777 vivere
567 1724 734 1778 secundum
749 1722 806 1784 illa.
817 1723 898 1777 unde
908 1722 1072 1793 spiritualis
1083 1721 1254 1783 moralitasz

86 1799 167 1859 has
182 1803 275 1856 duas
288 1812 399 1856 vocant
409 1802 507 1855 mariti
521 1801 706 1872 sapientiam,
717 1818 793 1873 quae
807 1802 836 1855 in
849 1818 959 1872 genere
971 1812 1113 1872 operatur
1121 1817 1255 1856 amorem

81 1894 187 1939 vere
198 1881 423 1951 coniugialem.
460 1881 641 1936 Audivimus
653 1882 691 1935 ab
704 1880 762 1936 illis
774 1881 864 1936 etiam
875 1897 1004 1944 causam,
1014 1881 1095 1952 quod
1108 1897 1162 1951 per
1174 1880 1256 1934 illam

81 1960 311 2034 sapientiam
321 1960 491 2031 aperiantur
501 1960 644 2016 interiora
653 1962 763 2015 mentis
773 1972 804 2016 et
814 1961 884 2016 inde
893 1961 1028 2030 corporis
1039 1960 1166 2023 illorum,
1175 1960 1256 2014 unde

79 2041 229 2098 existit
244 2039 327 2093 liber
338 2040 482 2094 transitus
496 2056 514 2094 a
529 2040 631 2109 primis
644 2056 738 2110 usque
754 2041 791 2094 ad
808 2040 914 2094 ultima
928 2057 983 2110 pro
998 2056 1075 2094 vena
1086 2039 1205 2101 amoris.
1218 2055 1256 2094 ex

77 2123 210 2193 cujus
221 2117 351 2182 affluxu,
361 2118 548 2180 sufficientia,
558 2129 589 2174 et
598 2119 718 2181 virtute,
729 2120 840 2188 pendet
850 2129 882 2174 et
892 2119 968 2173 vivit
977 2135 1062 2173 amor
1068 2134 1124 2173 con
1127 2117 1256 2189 jugiaiis.

79 2197 291 2273 Sapientia
306 2198 481 2253 maritorum
499 2208 670 2254 nostrorum
686 2199 850 2268 spiritualis
866 2198 1019 2253 rationalis
1037 2208 1069 2253 et
1088 2197 1209 2253 moralis
1225 2198 1258 2251 in'

75 2280 227 2352 specie
244 2277 350 2348 quoad
365 2277 539 2348 conjugium
556 2294 610 2348 pro
625 2276 684 2332 fine
699 2288 730 2332 et
744 2294 837 2347 scopo
854 2278 944 2332 habet
957 2293 1057 2332 amare
1072 2277 1166 2332 solam
1182 2292 1257 2331 uxo·

77 2375 192 2422 rem,
212 2368 250 2412 et
268 2373 379 2411 exuere
393 2373 514 2412 omnem
529 2356 804 2427 concupiscentiam
820 2357 857 2411 ad
873 2358 962 2412 alias:
986 2365 1018 2411 et
1035 2368 1181 2428 quantum
1198 2355 1257 2410 hoc

74 2438 153 2504 fic,
168 2449 311 2495 tantum
330 2437 481 2491 exaltatur
498 2453 583 2492 amor
601 2437 651 2491 ille
669 2438 769 2507 quoad
788 2437 922 2508 gradum,
935 2453 971 2492 ac
990 2436 1143 2507 perficitur
1155 2437 1255 2507 quoad

70 2520 224 2589 quale,
239 2526 277 2572 et
289 2531 410 2586 quoque
422 2526 541 2571 tantum
554 2514 725 2571 distinllius
737 2526 769 2571 et
784 2516 960 2586 exquisitius
974 2515 1120 2570 sentimus
1134 2515 1257 2571 delicias

72 2595 137 2654 in
156 2596 267 2654 nobis
278 2596 547 2665 correspondentes
556 2596 696 2666 jucundis
705 2594 898 2650 atieflionum
912 2606 943 2650 et
954 2595 1090 2650 amoenis
1099 2594 1259 2667 cogitatio-

70 2691 194 2735 num
214 2675 398 2730 maritomm
412 2675 612 2730 nostrorum.''

172 2757 304 2813 Postea
315 2754 456 2825 quaesivi,
470 2771 542 2808 num
555 2755 652 2810 sciant
664 2755 820 2825 quomodo
832 2753 866 2808 fit
878 2752 1121 2809 communicatio.

172 2834 348 2896 Dixerunt,
364 2832 424 2889 “ln
439 2834 523 2889 omni
538 2832 750 2905 conjunclione
766 2851 819 2905 per
833 2849 966 2888 amorem
982 2833 1039 2886 erit
1053 2831 1141 2893 allio.
1157 2847 1261 2902 recep·

64 2918 170 2982 tio,
190 2926 232 2972 et
254 2912 386 2977 readli03
406 2925 503 2970 status
518 2914 679 2969 deliciosus
694 2915 805 2970 amoris
821 2914 917 2968 nostri
933 2924 980 2969 est
994 2928 1088 2984 agens
1102 2929 1155 2967 seu
1170 2910 1259 2974 adio.

64 3010 230 3057 status
250 2994 420 3065 sapientiae
436 2995 611 3050 maritorum
630 3005 676 3050 est
695 2995 841 3064 recipiens
859 3011 912 3049 seu
931 2995 1073 3065 receptio.
1088 3004 1119 3048 et
1137 3009 1260 3064 quoque

65 3091 164 3137 est
189 3090 329 3147 reagens
343 3090 397 3130 seu
415 3073 526 3130 resilio
541 3076 708 3129 secundum
724 3074 957 3145 perceptionem,
973 3084 1004 3129 et
1023 3073 1097 3128 haec
1112 3071 1224 3128 resilio
1242 3088 1261 3127 a

64 3158 220 3215 nobis
241 3153 408 3225 percipitur
425 3169 492 3208 cum
513 3154 628 3209 deliciis
650 3155 680 3208 in
701 3152 820 3224 pedlore
836 3154 1000 3208 secundum
1017 3163 1129 3208 statum
1147 3152 1260 3222 jugiter

61 3249 303 3310 expansum
323 3243 355 3288 et
376 3244 583 3303 praeparatum
603 3234 642 3288 ad
666 3233 869 3304 recipiendum
892 3233 950 3296 illa,
963 3248 1039 3303 quae
1059 3248 1127 3286 cum
1147 3232 1260 3286 virtute

59 3316 210 3388 apud
226 3311 365 3374 maritos,
372 3306 417 3368 ita
428 3328 549 3384 quoque
561 3329 629 3367 cum
640 3323 720 3367 statu
733 3323 869 3367 extremo
878 3312 989 3367 amoris
1002 3312 1081 3381 apud
1093 3327 1149 3365 nos
1161 3310 1262 3382 aliqua

63 3397 254 3453 ratione
272 3391 437 3447 cohaerent
454 3403 487 3447 et
505 3393 575 3447 inde
594 3391 787 3462 procedunt.’'
825 3390 921 3445 Porro
935 3392 1083 3452 dixerunt.
1099 3397 1115 3418 ⁶¹
1123 3388 1203 3444 Cave
1223 3406 1261 3444 ne

67 3488 178 3540 per
192 3471 336 3532 delicias,
347 3486 422 3542 quas
435 3472 674 3533 memoravimus,
686 3470 835 3541 intelligas
847 3470 969 3524 delicias
980 3469 1058 3523 illius
1067 3469 1178 3522 amoris
1190 3467 1261 3522 ulti·

69 3568 211 3617 mas:
231 3552 275 3607 de
289 3550 338 3606 his
353 3566 499 3621 nusquam
512 3550 625 3622 aliquid
639 3549 796 3621 loquimur,
809 3550 863 3603 sed
879 3550 917 3604 de
933 3548 1048 3603 deliciis
1061 3545 1261 3618 pectoralibus

73 3633 256 3695 nostris.
269 3646 399 3702 quarum
412 3641 557 3701 perpetua
571 3629 840 3702 correspondentia
853 3640 900 3684 est
914 3644 983 3683 cum
999 3638 1080 3684 statu
1096 3627 1262 3698 sapientiae

73 3713 317 3770 maritorum
331 3710 530 3765 nostrorum.’'

182 3788 695 3860 Posthaecapparuitelonginquo
702 3797 846 3859 tanquam
854 3787 993 3843 columba
999 3786 1106 3840 volans
1112 3801 1180 3840 cum
1188 3782 1262 3840 lolio

78 3871 249 3928 arboris
270 3870 302 3925 in
322 3885 391 3931 ore;
414 3869 469 3925 sed
488 3868 566 3924 sicut
580 3867 841 3939 appropinquavit.
857 3867 925 3922 loco
943 3866 1100 3921 columbae
1115 3864 1197 3919 visus
1215 3873 1263 3919 est

86 3950 280 4014 puemtus
295 3963 367 4003 cum
386 3946 491 4003 charta
510 3947 540 4002 in
559 3963 658 4009 manu,
672 3955 704 4002 et
722 3946 760 4000 ad
780 3961 837 4000 nos
848 3945 994 3999 accedens
1010 3944 1089 3997 illam
1106 3941 1178 3995 mihi
1194 3956 1263 4011 por·

89 4031 259 4093 rexitet
270 4027 360 4089 dixit,
370 4035 387 4056 “
397 4025 476 4099 Lege
487 4028 566 4083 illam
576 4043 678 4082 coram
689 4024 736 4080 his
745 4024 911 4095 virginibus
921 4022 1044 4084 iontis;''
1060 4032 1091 4077 et
1103 4020 1162 4091 legi
1173 4020 1262 4082 haec;

96 4112 131 4132 ⁸·
154 4107 213 4168 Dic
228 4107 386 4169 terricolis
406 4123 475 4161 cum
492 4106 601 4176 quibus
619 4122 660 4167 es.
674 4104 756 4176 quod
776 4105 867 4159 detur
883 4118 968 4158 amor
986 4118 1055 4157 vere
1074 4099 1265 4173 coniugialia,
