2782 5026
133 413 193 499 176
301 436 305 443 ·
453 429 636 483 naucma
659 429 888 481 sustantur

128 610 194 674 tur,
222 597 310 665 soret
335 598 424 663 sicut
451 597 500 663 illi
526 620 546 662 e
578 598 676 662 caelo
703 598 940 679 dejicerentur.
985 596 1109 681 Qualis
1138 595 1246 665 statuis

128 694 331 776 conjugibus
360 695 393 758 in
424 694 522 758 caelo
549 705 614 768 est,
643 695 723 757 dum
751 695 884 757 excidit
912 695 1086 758 mentibus
1114 694 1246 760 illorum

129 790 207 852 idea
221 789 364 864 aeterni,
381 808 420 853 ac
442 789 519 852 loco
538 788 608 871 ejus
628 790 704 852 idea
722 790 920 871 temporarii
939 790 1071 864 incidit,
1088 790 1180 872 apud
1196 809 1248 854 me

129 884 163 947 in
182 884 399 966 propatulum
419 885 515 947 venit
534 904 579 946 ex
599 882 663 947 hac
681 885 897 966 experientia
909 903 962 946 :-

182 1040 343 1115 Quondam
356 1043 417 1098 duo
429 1044 574 1115 conjuges
587 1060 624 1098 ex
637 1044 707 1099 data
719 1044 808 1099 venia
822 1044 901 1114 apud
918 1060 965 1099 rue
980 1060 997 1098 e
1012 1044 1099 1099 caelo
1113 1053 1209 1108 erant,
1221 1054 1248 1101 et

129 1132 202 1177 tunc
215 1123 373 1193 aquodam
384 1124 532 1177 nebulone
542 1133 641 1178 astute
652 1123 794 1194 loquente
807 1123 925 1178 sublata
935 1134 982 1178 est
992 1123 1050 1179 illis
1061 1124 1131 1178 idea
1139 1123 1248 1180 aeterni

130 1203 168 1256 de
180 1201 339 1273 conjugio;
357 1218 416 1272 qua
428 1202 527 1256 ablata
544 1203 718 1272 inceperunt
730 1203 850 1273 ejulare,
865 1201 1000 1257 dicentes
1012 1204 1094 1273 quod
1110 1219 1172 1257 non
1186 1218 1248 1275 pos·

130 1281 192 1335 sint
209 1281 310 1336 vivere
329 1281 465 1351 amplius,
484 1292 516 1335 et
534 1282 616 1352 quod
635 1298 808 1336 aerumnam
828 1283 968 1343 sentiant.
987 1298 1078 1352 quam
1098 1299 1248 1353 nunquam

131 1360 228 1430 prius:
250 1376 312 1431 quo
331 1372 473 1430 percepto
491 1376 510 1415 a
527 1361 681 1432 coangelis
702 1361 732 1414 in
751 1362 844 1423 caelo,
863 1371 996 1416 remotus
1015 1372 1064 1416 est
1083 1362 1204 1423 nebulo,
1222 1370 1248 1417 el

130 1437 281 1509 dejetlus3
299 1455 361 1510 quo
374 1439 462 1501 tatto,
475 1438 609 1495 adiutum
625 1440 714 1495 rediit
727 1440 785 1496 illis
802 1441 869 1496 idea
881 1441 1003 1503 aeterni,
1018 1457 1056 1495 ex
1069 1457 1132 1511 qua
1147 1440 1248 1495 laetifi«

130 1518 188 1573 cati
201 1528 272 1573 sunt
285 1519 400 1573 laetitia
408 1519 515 1581 cordis.
525 1535 560 1574 ac
574 1520 734 1575 tenerrime
744 1536 775 1574 se
787 1531 893 1574 mutuo
902 1520 1031 1590 amplexi
1045 1530 1126 1575 sunt.
1165 1519 1248 1575 Prae«

130 1608 177 1652 ter
189 1598 271 1660 haec.
284 1598 386 1653 audivi
405 1598 482 1653 duos
497 1598 650 1670 conjuges.
664 1598 714 1670 qui
731 1598 769 1653 de
784 1598 927 1670 conjugio
943 1615 998 1654 suo
1014 1615 1094 1653 nunc
1114 1598 1248 1654 foverunt

131 1677 228 1731 ideam
239 1677 360 1738 aeterni.
372 1693 451 1732 nunc
465 1677 563 1733 ideam
574 1677 764 1747 temporarii:
783 1694 873 1732 causa
882 1677 947 1739 fuit,
957 1677 1027 1748 quia
1037 1678 1248 1733 dissimilitudo

132 1756 249 1810 interna
262 1756 319 1811 illis
333 1757 446 1810 inerat:
465 1757 495 1810 hi
511 1773 580 1811 cum
595 1757 624 1811 in
639 1757 705 1811 idea
717 1757 831 1811 aeterni
850 1767 943 1816 erant.
958 1756 1037 1810 inter
1051 1774 1084 1812 se
1100 1757 1248 1812 laetificati

131 1845 209 1897 sunt.
222 1846 254 1889 at
266 1852 334 1890 cum
351 1836 380 1888 in
397 1835 464 1890 idea
478 1837 659 1905 temporarii,
673 1837 822 1898 dixerunt,
836 1844 851 1865 ‘⁶
861 1836 928 1891 Non
944 1847 991 1891 est
1005 1837 1137 1906 amplius
1149 1837 1248 1908 conju·

131 1915 246 1987 gium;’¹
265 1925 297 1969 et
315 1930 398 1976 uxor.
412 1914 505 1969 “Non
525 1932 591 1969 sum
611 1916 738 1985 amplius
757 1931 840 1977 uxor,
856 1916 908 1971 sed
927 1916 1129 1979 concubina;''
1148 1932 1184 1972 ac
1202 1916 1248 1977 vin

132 2000 148 2023 ‘⁸
159 1994 226 2049 Non
240 2010 307 2048 sum
320 1993 450 2064 amplius
469 1995 601 2055 maritus,
614 1995 667 2049 sed
687 1994 830 2049 moechus
839 1995 863 2049 :'’
882 2011 974 2065 quare
993 1996 1066 2048 dum
1085 2007 1192 2065 aperta
1209 2006 1248 2051 eal

133 2073 190 2127 illis
209 2072 423 2128 dissimilitudo
444 2073 568 2136 intema
582 2073 676 2128 abivit
688 2073 734 2127 vir
746 2089 764 2130 a
777 2074 909 2136 muliere,
922 2084 953 2128 et
968 2074 1075 2129 mulier
1089 2090 1108 2128 a
1123 2074 1206 2137 viro:
1223 2085 1248 2130 at

133 2162 245 2223 postea.
261 2151 331 2224 quia
349 2152 468 2222 utrique
489 2151 545 2207 iuit
564 2151 632 2207 idea
649 2152 763 2209 aeterni
782 2153 820 2208 de
838 2153 991 2224 conjugio.
1004 2153 1248 2210 consociabuntur

132 2232 320 2303 comparibus
333 2231 547 2287 similitudinis.

133 2400 189 2464 Ex
214 2401 267 2464 his
294 2410 413 2482 potest
440 2400 531 2464 clare
553 2400 672 2475 videri,
696 2399 787 2482 quod
815 2363 874 2473 iili,
898 2400 954 2482 qui
977 2401 1011 2462 in
1033 2418 1152 2465 amore
1176 2422 1248 2466 vere

132 2495 314 2577 conjugiali
331 2506 421 2570 sunt,
436 2493 594 2577 sped'tent
609 2505 809 2572 aeternum;
833 2507 867 2558 et
881 2495 983 2577 quod,
999 2496 1026 2557 si
1038 2492 1131 2559 ¹¹¹hoc
1146 2495 1248 2560 elabi·

134 2602 188 2653 tur
210 2612 256 2654 ex
283 2592 412 2654 intimis
435 2612 454 2654 e
477 2591 703 2671 cogitatione,
727 2591 940 2653 disuniantur
963 2590 1076 2671 quoad
1100 2610 1248 2656 amorem

133 2684 373 2767 coniugialem,
395 2695 566 2768 utcunque
590 2705 658 2748 non
682 2686 780 2747 simul
800 2687 913 2767 quoad
937 2686 1145 2763 amicitiam
1170 2686 1248 2750 haec

134 2782 224 2843 enim
252 2780 386 2844 habitat
410 2782 443 2843 in
468 2781 633 2853 externis,
658 2780 716 2843 ille
740 2791 854 2843 autem
878 2782 911 2842 in
935 2781 1089 2843 internis.
1136 2779 1248 2845 Simile

134 2883 188 2939 est
212 2876 245 2937 in
269 2874 434 2956 conjugiis
457 2895 558 2956 super
576 2875 694 2938 terris:
718 2874 882 2956 conjuges
901 2876 956 2949 ibi,
977 2876 1057 2937 dum
1078 2896 1115 2938 se
1135 2885 1248 2940 tenere

135 2979 264 3044 amant,
282 2970 440 3050 cogitant
459 2980 637 3032 aeternum
656 2969 699 3031 de
718 2969 866 3043 foedere,
887 2978 922 3033 et
943 2989 1079 3050 prorsus
1103 2989 1174 3033 non
1194 2970 1248 3034 ali·

134 3064 214 3145 quid
234 3063 278 3126 de
297 3062 363 3127 fine
382 3063 451 3144 ejus
471 3084 530 3146 per
546 3073 715 3139 mortem;
739 3074 774 3126 et
794 3065 821 3126 si
845 3063 887 3126 de
906 3064 981 3135 hac,
999 3064 1130 3138 dolent,
1149 3085 1248 3148 usqu<

134 3158 365 3223 refocillantur
387 3179 447 3240 spe
475 3179 521 3221 ex
547 3160 757 3239 cogitatione
784 3159 1052 3222 continuationis
1079 3159 1151 3240 ejus
1176 3170 1248 3243 post

135 3255 277 3318 obitum.

196 3348 418 3422 216[secund0].
443 3344 528 3429 (vii.)
555 3345 652 3425 Quod
670 3369 765 3411 amor
781 3347 979 3430 corpirgialis
995 3346 1143 3410 resideat
1165 3358 1248 3429 apua

134 3463 253 3506 uxores
269 3452 404 3515 castas;
426 3443 488 3505 sed
499 3443 589 3525 quod
600 3465 695 3506 arnor
709 3442 845 3506 illarum
861 3444 1041 3523 dependeat
1055 3463 1077 3504 a
1092 3445 1248 3520 marz'tiss

134 3558 238 3602 causa
256 3548 321 3609 est,
338 3539 415 3619 quia
436 3559 561 3601 uxores
575 3533 660 3601 ¹sunt
680 3549 782 3600 natae
800 3558 944 3611 amores,
963 3548 996 3599 et
1017 3537 1096 3600 inde
1112 3539 1248 3603 insitum

135 3643 189 3696 est
208 3632 285 3706 illis,
305 3632 395 3695 velle
414 3652 517 3695 unum
536 3653 612 3695 esse
631 3652 706 3695 cum
727 3634 868 3704 maritis,
889 3643 924 3696 et
945 3653 990 3695 ex
1008 3632 1072 3694 hac
1093 3631 1248 3697 volunta·

135 3729 180 3791 tis
196 3748 277 3790 suae
293 3728 505 3808 cogitatione
519 3729 678 3790 continue
696 3725 826 3790 ladtant
843 3746 995 3791 amorem
1008 3745 1126 3803 suum;
1150 3748 1248 3810 quart

135 3823 294 3886 recedere
317 3842 337 3884 a
357 3831 483 3884 conatu
503 3821 639 3885 uniendi
663 3842 699 3884 se
719 3822 859 3895 maritis,
877 3822 964 3885 soret
983 3822 1142 3884 recedere
1162 3842 1184 3884 a
1202 3842 1248 3886 se«

135 3917 310 3999 metipsis:
335 3916 435 3979 aliter
452 3919 584 3993 mariti;
609 3917 642 3979 hi
658 3918 736 3999 quia
755 3936 822 3978 non
838 3918 912 3980 nati
932 3926 1010 3979 sunt
1026 3936 1174 3992 amores,
1195 3937 1248 3981 sec

135 4012 341 4092 recipientes
365 4011 453 4073 illius
472 4013 597 4074 amoris
620 4012 663 4073 ab
686 4013 860 4085 uxoribus,
881 4011 958 4074 ideo
977 4022 1144 4093 quantum
1170 4013 1248 4076 reci·

137 4107 233 4187 piunt
255 4106 362 4180 illum,
387 4115 523 4170 tantum
547 4126 673 4169 uxores
697 4126 772 4169 cum
796 4125 913 4169 amore
940 4127 1002 4169 suo
1028 4108 1185 4186 intrant;
1218 4118 1248 4171 at

136 4209 301 4281 quantum
332 4218 400 4261 non
426 4202 604 4281 recipiunt,
628 4211 763 4263 tantum
787 4222 912 4264 uxores
943 4220 1018 4264 cum
1046 4220 1164 4266 amore
1194 4222 1248 4267 suc

135 4295 215 4359 foris
234 4304 339 4367 stant,
360 4304 394 4357 et
414 4294 638 4377 exspedtant:
667 4306 703 4359 at
727 4296 792 4358 hoc
813 4295 849 4360 fit
873 4297 962 4377 apud
982 4317 1109 4359 uxores
1125 4306 1248 4362 castas

136 4390 236 4454 aliter
258 4389 348 4471 apud
372 4391 533 4454 incastas.
578 4391 634 4454 Ex
658 4392 710 4455 his
734 4401 885 4468 constat,
903 4392 993 4474 quod
1016 4411 1113 4454 amor
1136 4391 1248 4478 conju·
