2782 5026
395 111 445 164 DE
467 110 603 163 AMORE
626 109 986 163 SCORTATOR10.···N.
1002 99 1077 178 426.
1229 115 1296 183 ’327

152 282 260 366 quod
280 282 390 347 etiarn
409 281 516 346 amori
535 279 718 364 conjugiali
741 281 786 346 sit
805 300 913 357 suum,
934 281 1081 346 adulteri
1100 282 1296 364 responsuri

150 380 238 442 sint
257 377 353 462 quod
372 375 422 441 illi
439 377 547 441 amori
566 397 635 440 non
654 378 852 460 oppositum
872 379 928 451 sit,
949 378 1028 460 quia
1046 397 1143 443 amor
1160 387 1295 443 scorta·

149 474 279 538 torius
298 473 396 536 nullo
414 492 517 538 sensu
536 494 573 537 se
592 473 808 538 discriminat
831 473 876 537 ab
898 473 970 537 illo.
1016 473 1074 537 Ex
1097 494 1167 557 quo
1188 475 1295 541 etiam

146 579 282 651 patet,
301 569 394 651 quod
413 570 469 652 qui
492 587 563 632 non
581 569 648 633 scit
667 568 777 652 qualis
799 578 855 633 est
877 588 974 633 amor
992 568 1206 651 coniugialis,
1225 590 1295 635 non

144 665 257 727 sciat
289 663 399 746 qualis
427 672 483 727 est
511 682 609 726 amor
637 665 884 742 scortatorius;
921 674 958 728 et
988 664 1099 728 adhuc
1126 665 1219 747 quod
1248 686 1296 731 ex

143 776 289 822 amore
312 759 522 822 scortatorio
545 777 614 821 non
638 759 768 822 sciatur
789 759 899 842 qualis
922 769 976 822 est
999 778 1096 822 amor
1118 758 1296 842 conjugia-

141 851 218 928 lis,
235 853 300 916 sed
316 873 362 916 ex
378 852 442 916 hoc
459 853 539 932 ille;
562 873 664 917 nemo
680 855 744 918 scit
760 853 888 917 bonum
904 875 950 918 ex
968 854 1070 929 malo,
1088 855 1149 918 sed
1166 855 1294 919 malum

141 970 209 1017 ex
239 949 355 1027 bono;
382 948 510 1013 malum
534 951 625 1013 enim
648 950 682 1012 in
706 949 854 1031 caligine
878 960 943 1025 est,
968 950 1097 1014 bonum
1120 960 1238 1014 autem
1259 951 1295 1015 in

138 1042 256 1108 luce.

229 1138 334 1222 μθ.
358 1136 434 1222 (ἰίἰ.)
460 1136 560 1216 Quod
572 1160 668 1203 amor
685 1139 903 1203 scortatorries
925 1138 972 1202 sit
992 1139 1166 1221 oppositus
1184 1139 1299 1204 amori

134 1232 359 1318 conyngiali,
377 1233 462 1297 sr'cut
477 1233 647 1298 naturalis
659 1232 754 1297 homo
770 1234 806 1297 in
824 1255 861 1298 se
876 1235 1045 1316 spellatus
1057 1243 1109 1298 est
1122 1235 1294 1316 oppositus

133 1326 349 1410 spirituali
363 1325 646 1409 homini-Quod
665 1328 769 1392 homo
785 1330 952 1393 naturalis
968 1340 1003 1393 et
1021 1330 1206 1412 spiritualis
1223 1331 1294 1394 sint

129 1424 228 1488 sibi
254 1423 418 1504 oppositi,
444 1443 550 1506 usque
572 1434 610 1488 ut
640 1444 726 1487 unus
749 1444 818 1487 non
838 1425 924 1488 velit
947 1425 1039 1507 quod
1062 1425 1162 1499 alter,
1187 1426 1293 1488 immo

131 1519 258 1604 quod
285 1519 375 1581 inter
399 1538 435 1582 se
459 1528 626 1600 pugnent,
646 1520 681 1582 in
704 1520 853 1583 ecclesia
872 1529 991 1583 notum
1015 1529 1080 1595 est,
1100 1520 1161 1583 sed
1185 1539 1293 1602 usque

127 1613 322 1678 mondum
345 1613 593 1696 explanatum
627 1614 707 1696 quid
734 1634 819 1696 ergo
842 1615 1055 1678 discriminat
1079 1614 1291 1697 spiritualem

128 1719 191 1774 et
212 1707 425 1782 naturalem,
439 1717 475 1781 et
487 1709 622 1772 excitat
635 1708 725 1773 hunc
738 1720 861 1774 contra
874 1709 980 1785 illum,
995 1711 1137 1773 dicetur.
1179 1709 1291 1773 Natu·

125 1803 244 1868 talis
256 1803 364 1866 homo
374 1812 439 1878 est,
451 1803 485 1866 in
496 1823 598 1887 quem
608 1805 848 1888 unusquisque,
861 1805 940 1868 dum
952 1805 1133 1880 adolescit,
1145 1805 1292 1887 primum

126 1898 407 1972 introducitur,
427 1899 519 1981 quod
541 1897 579 1962 fit
604 1919 664 1980 per
683 1900 846 1963 scientias
865 1909 900 1963 et
919 1901 1149 1981 cognitiones,
1169 1919 1209 1963 ac
1230 1920 1292 1983 per

124 1993 351 2059 rationalia
363 1990 583 2071 intelled'tus3
606 2002 644 2058 at
661 1995 847 2076 spiritualis
862 1995 968 2058 homo
984 2005 1049 2069 est,
1064 1996 1097 2058 in
1114 2014 1214 2078 quem
1231 1994 1291 2059 ille

128 2088 398 2154 introducitur
425 2109 486 2171 per
514 2108 667 2153 amorem
690 2089 836 2153 faciendi
865 2111 955 2164 usus,
980 2090 1035 2172 qui
1065 2109 1161 2153 amor
1184 2091 1290 2154 etiam

127 2192 313 2248 vocatur
331 2183 502 2261 charitas;
526 2204 630 2266 quare
648 2194 815 2266 quantum
833 2186 908 2267 quis
928 2187 962 2248 in
982 2185 1046 2248 hac
1065 2195 1130 2258 est,
1151 2194 1289 2249 tantum

127 2289 214 2345 est
245 2278 457 2361 spiritualis:
487 2288 523 2343 at
546 2289 714 2362 quantum
738 2299 806 2342 non
830 2280 863 2342 in
892 2281 957 2343 hac
984 2291 1050 2354 est,
1071 2289 1208 2343 tantum
1235 2289 1291 2345 est

132 2373 345 2448 naturalis,
359 2375 465 2438 etiam
481 2374 510 2437 si
527 2373 616 2437 foret
633 2375 817 2456 perspicax
833 2375 972 2456 ingenio
991 2384 1027 2438 et
1046 2375 1183 2457 sapiens
1199 2373 1289 2456 judi·

134 2473 226 2536 cio.
278 2467 380 2550 Quod
405 2469 459 2533 hic
483 2468 599 2544 homo,
619 2470 676 2552 qui
699 2479 845 2533 vocatur
867 2469 1045 2543 naturalis,
1066 2479 1247 2551 separatus
1269 2488 1291 2534 a
1383 2486 1384 2490 ’

136 2563 345 2650 spirituali,
363 2574 537 2647 utcunque
553 2585 590 2627 se
606 2564 722 2629 elevat
741 2566 775 2628 in
793 2564 904 2629 lucem
921 2567 1076 2639 rationis,
1094 2586 1200 2648 usque
1218 2564 1290 2629 sol-

136 2671 220 2726 vat
241 2680 281 2723 se
305 2660 339 2721 in
358 2657 527 2735 libidines,
548 2668 584 2724 et
607 2659 675 2723 illis
693 2670 865 2743 operetur,
886 2662 1036 2742 patescit
1059 2680 1104 2723 ex
1124 2660 1200 2724 solo
1218 2660 1290 2742 ejus

145 2756 280 2840 genio,
294 2755 386 2836 quod
403 2754 585 2818 charitatis
601 2775 726 2837 expers
742 2756 808 2832 sit;
832 2765 868 2819 et
886 2755 942 2838 qui
962 2754 1059 2837 hujus
1076 2775 1204 2837 expers
1221 2763 1288 2832 est,

146 2852 222 2917 ille
242 2851 436 2915 dissolutus
458 2860 513 2914 est
536 2851 580 2912 ad
604 2869 724 2914 omnes
744 2850 902 2914 lascivias
920 2853 1048 2914 amoris
1066 2852 1288 2916 scortatorii:

153 2956 376 3032 quapropter
393 2964 469 3009 cum
490 2945 539 3009 illi
558 2946 691 3020 dicitur,
711 2946 804 3028 quod
822 2945 1024 3009 libidinosus
1048 2947 1102 3010 hic
1126 2966 1223 3010 amor
1245 2947 1290 3012 sit

155 3043 346 3126 oppositus
369 3051 469 3105 casto
491 3042 599 3104 amori
622 3040 820 3122 eonjugiali,
844 3050 880 3104 et
904 3051 1047 3122 rogatur
1069 3050 1106 3103 ut
1128 3041 1290 3107 consulat

160 3135 281 3202 lumen
300 3155 397 3199 suum
416 3135 595 3211 rationale,
613 3156 720 3218 usque
736 3154 804 3198 non
821 3135 971 3199 consulit
989 3135 1104 3198 lumen
1120 3135 1205 3199 illud
1225 3137 1290 3201 nisi

161 3233 197 3297 in
215 3228 461 3314 conjundlione
476 3250 553 3295 cum
567 3230 718 3313 jucundo
734 3230 816 3294 mali
835 3251 855 3293 a
875 3231 1059 3294 nativitate
1079 3231 1172 3294 insiti
1188 3240 1289 3294 natu·

164 3327 224 3392 rali
247 3327 391 3400 homini,
410 3347 456 3390 ex
480 3345 547 3409 quo
569 3325 650 3390 iacit
675 3326 886 3399 conclusum,
907 3325 998 3407 quod
1022 3326 1111 3388 ratio
1135 3346 1196 3388 sua
1219 3345 1289 3389 non

165 3423 282 3487 videat
301 3421 429 3504 aliquid
449 3430 571 3485 contra
590 3420 710 3484 dulces
729 3420 913 3484 sensitivas
932 3419 1114 3484 illecebras
1137 3421 1188 3484 sui
1211 3439 1288 3485 cor·

165 3517 277 3599 poris;
301 3516 335 3580 in
352 3516 473 3599 quibus
486 3525 669 3598 postquam
682 3514 898 3579 confirmavit
914 3535 962 3589 se,
977 3524 1094 3597 stupet
1113 3513 1184 3596 ejus
1200 3516 1289 3580 ratio

166 3614 206 3678 ad
224 3613 343 3677 omnia
361 3611 420 3675 illa
438 3611 562 3687 dulcia,
583 3632 669 3694 quae
685 3612 729 3675 de
748 3630 864 3674 amore
884 3610 1068 3692 conjugiali
1087 3611 1288 3693 praedican-

164 3719 238 3787 tur;
262 3709 381 3782 immo,
401 3706 489 3771 sicut
508 3703 756 3789 supradictum
776 3715 842 3780 est,
863 3715 995 3788 pugnat
1014 3716 1138 3770 contra
1157 3704 1227 3783 illa,
1247 3727 1288 3773 ac

163 3804 282 3878 vincit,
303 3812 340 3867 et
363 3802 450 3867 sicut
469 3799 579 3866 vietor
601 3810 681 3886 post
701 3811 855 3883 stragem
874 3801 1034 3875 destruit,
1053 3800 1097 3864 ab
1119 3803 1288 3867 extremis

163 3899 207 3963 ad
230 3899 361 3973 intima,
381 3906 497 3962 castra
520 3899 645 3961 amoris
667 3895 870 3978 conjugialis
892 3895 983 3976 apud
1006 3914 1061 3959 se:
1093 3895 1180 3960 haec
1203 3895 1288 3963 iacit

164 3993 329 4059 naturalis
348 3992 453 4057 homo
476 4012 521 4057 ex
544 4012 661 4056 amore
680 4011 742 4055 suo
765 3991 982 4055 scortatorio.
1029 3989 1106 4054 Hoc
1127 3992 1285 4070 traditur,
1386 4036 1390 4043 ‚

162 4097 201 4155 ut
224 4090 362 4168 sciatur,
382 4087 473 4153 unde
502 4096 556 4153 est
586 4088 729 4151 duorum
756 4085 890 4151 illorum
912 4105 1066 4150 amorum
1088 4088 1284 4171 oppositio3
