2782 5026
303 121 352 173 os
374 123 507 174 anona
530 121 849 190 sombernon-u.
873 120 941 190 137.
1115 116 1173 187 115

59 284 181 339 amandi
192 295 224 342 et
240 289 373 360 sapiendi
386 308 423 347 ex
442 309 489 354 se:
509 309 601 364 quare
620 293 645 349 si
660 291 775 347 addicit
786 307 877 346 omne
889 291 1001 345 bonum
1015 286 1126 344 amoris
1144 297 1177 342 et

60 379 164 420 verum
176 369 339 438 sapientiae
350 371 422 436 Deo,
430 373 464 428 fit
477 373 570 428 homo
578 373 679 435 vivus;
693 382 726 427 at
738 372 763 428 si
775 371 890 427 addicit
902 371 953 425 illa
964 369 1029 431 sibi,
1039 367 1074 423 fit
1083 368 1178 423 homo

61 447 224 501 mortuus”

120 521 197 579 llaec
204 525 417 598 inscripserunt
425 546 521 586 novae
528 532 657 594 chartae.
664 542 695 586 et
703 531 781 586 hanc
790 538 956 601 posuerunt
962 543 1051 598 super
1058 540 1177 581 mensa:

60 608 96 654 et
111 617 171 656 occe
183 605 284 661 subito
299 610 396 680 angeli
410 610 440 664 in
454 611 583 666 candida
595 612 661 666 luce
671 611 805 672 aderant,
817 619 849 665 et
861 609 997 664 chartam
1017 607 1046 661 in
1060 606 1177 662 caelum

60 679 267 751 deportabant.

121 759 153 814 Et
166 773 324 834 postquam
342 766 381 821 ibi
396 767 474 823 ledia
489 779 544 831 est,
558 770 698 824 sedentes
711 785 801 839 super
815 768 898 823 soliis
913 766 1094 822 audiverunt
1107 764 1178 818 inde

58 850 156 900 voces.
169 842 284 905 “Bene
303 845 392 908 Bene,
410 848 521 903 Bene.''
557 849 595 903 Et
613 859 749 904 actutum
768 847 906 918 apparuit
919 863 996 901 unus
1015 844 1084 899 inde
1099 844 1178 898 sicut

58 918 170 1004 volans,
180 922 227 975 cui
239 923 315 978 duae
327 926 391 980 alae
401 939 488 982 erant
497 929 577 983 circa
585 929 676 999 pedes
688 938 720 983 et
733 929 809 983 duae
819 928 898 982 circa
906 937 1052 996 tempora,
1063 924 1179 978 habens

57 1007 94 1047 ¹¹1
116 1014 196 1053 manu
210 1004 357 1071 praemia:
382 1022 461 1077 quae
479 1019 574 1069 erant,
586 1018 685 1080 togae.
699 1008 778 1079 pilei,
791 1018 822 1062 et
841 1007 976 1061 laureae:
1000 1020 1036 1059 ac
1055 1002 1177 1058 demisit

56 1085 106 1163 ξε,
119 1088 145 1132 et
161 1079 217 1135 illis
235 1083 288 1152 qui
307 1085 452 1141 sederunt
469 1087 508 1141 ad
527 1088 762 1158 septentrionem
777 1087 862 1142 dedit
877 1097 964 1156 togas
978 1084 1089 1139 coloris
1103 1097 1180 1151 opa-

56 1148 132 1219 ἰωὴ
148 1158 201 1214 illis
210 1161 261 1231 qui
272 1162 310 1216 ad
320 1164 511 1220 occidentem
521 1176 609 1238 togas
618 1168 729 1222 coloris
737 1166 887 1228 coccinei:
907 1163 1076 1235 illisqui-ad
1091 1160 1179 1216 meri·

55 1229 139 1289 diem
151 1238 252 1308 pileos,
265 1257 394 1313 quorum
408 1245 518 1300 limbos
531 1247 678 1301 ornabant
690 1246 798 1301 fasciae
817 1262 854 1301 ex
866 1259 940 1300 auro
955 1254 986 1298 et
1002 1240 1179 1313 margaritis

55 1320 93 1362 et
105 1314 206 1372 sinistri
217 1320 319 1376 lateris
329 1324 515 1379 elevationes
525 1325 701 1380 adamantes
711 1324 784 1380 secli
794 1324 975 1379 florilormes
986 1341 992 1383 ;
1009 1322 1066 1377 illis
1077 1330 1178 1375 autem

55 1394 115 1480 qui
124 1397 156 1450 ad
169 1399 316 1454 orientem
330 1403 416 1457 dedit
429 1404 555 1465 laureas.
567 1404 597 1458 in
610 1405 720 1474 quibus
730 1404 827 1459 rubini
841 1415 873 1459 et
885 1402 1027 1473 sapphiri.
1063 1399 1180 1455 Omnes

56 1462 112 1526 '¹¹⁸
127 1480 258 1544 praemiis
277 1481 415 1536 decorati
434 1498 452 1538 e
470 1483 545 1538 ludo
557 1484 725 1553 sapientiae
738 1485 897 1538 abiverunt
909 1483 1045 1542 domum,
1058 1490 1090 1535 et
1108 1494 1178 1533 cum

55 1557 239 1613 ostentarent
258 1575 291 1614 se
311 1562 459 1617 uxoribus
479 1563 550 1624 suis,
564 1573 714 1618 venerunt
734 1564 801 1618 illae
821 1563 851 1616 in
871 1577 1029 1617 occursum
1049 1559 1179 1620 illorum,
1229 1616 1232 1625 ι

55 1629 144 1688 etum
156 1634 312 1695 decoribus
325 1656 343 1694 e
355 1642 444 1696 caelo
457 1642 578 1697 donatis
592 1642 760 1714 insignitae,
774 1642 855 1714 quod
870 1640 970 1695 mirati
982 1648 1062 1695 sunt.

57 1796 145 1878 ¹37·
173 1795 335 1862 Alterum
356 1799 586 1866 Memorabile
597 1822 652 1866 :-

110 1928 178 1985 Cum
190 1949 271 1989 eram
285 1936 316 1990 in
332 1937 536 1994 meditatione
549 1940 587 1995 de
599 1955 702 1995 amore
717 1939 887 2011 conjugiali.
901 1955 971 1994 ecce
983 1955 1000 1993 e
1012 1934 1180 2006 longinquo

56 2013 245 2090 §muretum
259 2015 326 2071 duo
342 2015 479 2073 infantes
496 2018 577 2079 nudi,
588 2035 657 2073 cum
669 2019 806 2074 canistris
823 2019 853 2072 in
866 2018 1012 2077 manibus,
1021 2026 1052 2070 et
1066 2015 1180 2069 circum

58 2080 121 2142 ¹llos
133 2090 265 2149 volantes
282 2105 440 2159 turtures;
458 2107 491 2151 et
507 2098 580 2169 dum
597 2097 720 2167 propius
737 2097 792 2151 visi
809 2107 887 2158 sunt,
904 2096 982 2150 sicut
996 2103 1082 2149 erant
1098 2092 1181 2154 nudi,

57 2167 137 2222 sertis
152 2170 293 2228 decenter
308 2174 431 2236 ornati;
452 2176 585 2231 corollae
599 2192 637 2230 ex
655 2176 777 2231 floribus
796 2175 978 2230 decorabant
996 2172 1097 2242 capita
1115 2170 1182 2225 illo·

58 2252 125 2304 mm.
137 2258 166 2302 et
185 2249 297 2308 fasciae
318 2269 358 2308 ex
382 2255 456 2308 liliis
475 2267 508 2308 et
529 2255 604 2310 rosis
625 2255 811 2326 hyacinthini
831 2253 941 2308 coloris
961 2269 978 2307 a
996 2251 1127 2321 scapulis
1142 2250 1180 2303 ad

57 2315 163 2382 lumbos
171 2331 292 2402 oblique
303 2333 482 2402 pendentes
493 2336 642 2388 ornabant
653 2331 774 2403 pedlora
784 2332 903 2387 illorum
913 2349 920 2394 ς
938 2342 969 2386 et
979 2331 1091 2386 circum
1102 2329 1183 2384 circa

58 2394 134 2459 binos
145 2407 207 2463 illos
219 2421 286 2465 erat
298 2412 384 2466 sicut
399 2412 558 2466 vinculum
574 2427 735 2467 commune
749 2428 786 2467 ex
805 2410 917 2466 foliolis
932 2427 1000 2465 cum
1018 2406 1183 2479 interjedlis

58 2477 135 2567 l{liris
155 2500 342 2546 contextum.
383 2491 429 2546 At
455 2507 527 2546 cum
553 2492 676 2562 propius
697 2491 890 2552 accedebant,
909 2507 971 2544 non
997 2488 1183 2560 apparebant

59 2568 126 2645 sicut
136 2564 268 2630 inlantes.
282 2585 343 2625 nec
357 2570 445 2630 nudi.
460 2569 516 2624 sed
530 2571 610 2624 sicut
623 2570 685 2624 bini
701 2570 839 2624 homines
855 2569 884 2623 in
902 2570 1000 2639 primo
1015 2570 1088 2622 flore
1101 2578 1183 2621 aeta·

59 2642 103 2697 11³.
112 2643 199 2700 amitii
218 2649 302 2719 togis
321 2659 355 2704 et
376 2649 495 2704 tunicis
513 2665 552 2702 ex
570 2648 704 2719 fulgente
719 2648 823 2710 serico,
838 2648 949 2718 quibus
969 2647 1076 2702 intexti
1096 2657 1184 2701 erant

61 2710 134 2774 bores
140 2724 259 2794 apertu
272 2727 482 2798 pulcherrimi
493 2745 501 2789 ;
519 2738 631 2782 etcum
644 2728 729 2797 juxta
742 2743 789 2781 me
801 2737 897 2788 erant,
907 2743 945 2782 ex
957 2727 1042 2781 caelo
1053 2742 1105 2796 per
1115 2727 1185 2781 illos

62 2793 160 2857 ²1flabat
170 2807 252 2862 calor
263 2808 404 2863 vernalis
418 2823 494 2862 cum
508 2807 701 2862 suaveolente
714 2807 816 2869 odore,
829 2806 908 2860 sicut
921 2823 958 2861 ex
972 2806 1133 2876 primitivis
1153 2807 1184 2860 in

63 2866 138 2935 hortis
148 2893 177 2938 et
188 2887 277 2958 agris.
318 2888 421 2942 Erant
434 2887 501 2940 duo
513 2887 660 2955 conjuges
673 2901 689 2940 e
702 2886 801 2946 caelo;
820 2894 851 2940 et
863 2895 936 2939 tunc
952 2886 1186 2955 alloquebantur

65 2961 114 3009 ¹¹¹⁶:
126 2966 230 3034 etquis
243 2967 274 3021 in
288 2966 492 3038 cogitatione
507 2974 594 3019 erant
607 2964 739 3018 recentia
748 2980 825 3033 quae
834 2964 979 3027 videram,
990 2965 1186 3035 quaerebant,

66 3030 145 3103 “an
156 3045 256 3101 narso
266 3046 299 3102 ν’

105 3115 207 3179 Etcum
220 3128 398 3187 narrabam,
413 3125 504 3196 quod
519 3124 563 3178 illi
578 3123 652 3178 mihi
668 3123 796 3193 primum
808 3124 865 3178 visi
881 3124 944 3186 sint
959 3124 1039 3180 sicut
1054 3123 1187 3180 infantes

66 3195 123 3256 nudi,
136 3217 235 3271 postea
256 3207 340 3262 sicut
366 3205 510 3260 infantes
532 3202 667 3257 decorati
689 3203 785 3263 sertis,
800 3213 832 3256 et
851 3204 976 3258 demum
998 3204 1187 3274 proceriores

66 3275 138 3334 ¹[titii
149 3283 313 3343 florificatis
326 3285 495 3345 vestibus;
515 3293 549 3338 et
561 3283 644 3352 quod
657 3292 730 3336 tunc
743 3282 823 3336 illico
836 3299 885 3338 me
897 3283 1045 3338 afflaverit
1057 3300 1187 3339 vernum

65 3361 112 3438 flul
123 3364 179 3433 ejus
194 3367 331 3429 deliciis;
352 3366 394 3421 ad
413 3378 498 3435 quae
515 3363 656 3416 ridebant
670 3377 804 3424 amoene,
818 3372 849 3416 et
864 3363 1016 3426 dixerunt,
1028 3364 1111 3434 quod
1130 3365 1188 3434 ipsi

65 3439 131 3519 livia
145 3461 202 3500 non
217 3449 275 3503 visi
296 3449 366 3503 sint
386 3445 449 3501 sibi
472 3453 510 3497 ut
531 3442 670 3503 infantes.
687 3456 742 3496 nec
761 3441 845 3503 nudi,
862 3459 918 3497 nec
933 3459 1002 3498 cum
1018 3444 1116 3504 sertis,
1132 3445 1188 3498 sed

62 3516 142 3585 utin
153 3524 179 3579 in
190 3527 283 3582 simili
297 3523 496 3598 apparentia
507 3531 544 3575 ut
554 3535 651 3581 nunc:
670 3530 701 3573 et
710 3520 792 3589 quod
807 3520 875 3575 itae
888 3522 1057 3593 longinquo
1069 3538 1190 3591 reprae-

62 3602 163 3659 “nutus
171 3607 211 3661 sit
220 3623 311 3662 amor
320 3600 522 3675 conjugialis
532 3615 648 3660 eorum,
656 3599 722 3668 ejus
731 3607 827 3652 status
839 3599 1031 3656 innocentiae
1042 3617 1095 3671 per
1104 3604 1190 3671 quod

61 3669 98 3726 '¹³5
109 3680 159 3737 siut
171 3688 250 3742 sicut
268 3686 415 3741 infantes
434 3678 523 3739 nudi.
537 3679 605 3748 ejus
618 3677 742 3731 deliciae
755 3692 808 3746 per
820 3688 909 3739 serta,
923 3690 955 3734 et
969 3681 1092 3735 eaedem
1108 3696 1192 3738 nunc

59 3760 95 3814 lif
108 3758 182 3821 iores
194 3767 277 3839 togis
299 3775 334 3821 et
356 3759 481 3817 tunicis
497 3757 620 3811 illorum
635 3756 776 3809 intextos.
813 3757 878 3811 “Et
891 3759 963 3826 quia
976 3759 1089 3819 dixisti,
1104 3763 1192 3830 quod

57 3826 112 3890 ilclt
118 3845 450 3918 appropinquavimus,
459 3848 494 3892 tc
504 3834 654 3890 afflaverit
664 3833 745 3887 calor
753 3836 884 3890 vernalis
893 3853 964 3891 cum
976 3840 1042 3909 ejus
1052 3840 1194 3897 amoenis

56 3909 176 3980 'lineolis
188 3927 270 3982 sicut
286 3941 329 3981 ex
345 3923 459 3978 horto,
474 3914 617 3969 dicemus
629 3926 684 3965 cur
696 3910 781 3965 hoe.”
819 3913 858 3968 Et
871 3915 1024 3978 dixerunt.
1038 3916 1195 3977 “Fuimus

55 3996 163 4073 wnjuges
175 4024 259 4062 nunc
276 4021 338 4078 per
351 3998 497 4058 saecula,
511 4003 546 4049 et
559 3992 673 4063 jugiter
686 3991 716 4043 in
731 3990 806 4046 llore
821 3996 941 4056 aetatis,
956 3996 986 4050 in
1002 4012 1065 4068 quo
1080 4008 1115 4051 tu
1136 4018 1196 4059 nos

52 4066 124 4143 lida:
136 4095 165 4141 et
180 4088 304 4159 primus
322 4090 443 4139 noster
455 4083 562 4145 status
581 4070 640 4125 luit
658 4069 737 4124 sicut
755 4080 802 4124 est
817 4081 917 4129 status
932 4076 1049 4145 primus
1064 4077 1198 4151 virginis
