2782 5026
416 123 471 174 ns
494 121 626 173 suone
649 121 969 188 comumnes-n.
993 122 1060 189 107.
1253 122 1294 189 93

116 291 328 364 perientiae
344 291 476 346 indiciis
490 290 684 362 contemplati
700 307 820 353 sumus:
838 299 872 345 ut
887 306 924 346 ex
942 289 1060 361 populis
1074 289 1130 345 sub
1145 288 1225 344 linea
1242 305 1297 343 seu

115 372 276 427 circulo
294 370 527 443 aequinoctiali,
545 371 596 425 ubi
615 371 697 426 calor
714 371 840 425 diurnus
857 370 936 425 sicut
953 371 1051 431 ardet:
1072 379 1104 424 et
1122 385 1160 423 ex
1178 368 1298 439 populis

116 453 303 524 proprius
315 453 356 508 ad
372 453 462 506 illum
474 451 626 514 circulum.
637 461 668 506 et
680 468 718 506 ex
731 451 849 522 populis
862 450 1005 505 remotius
1017 451 1056 504 ab
1070 449 1121 504 illo
1134 448 1298 505 habitanti·

118 534 232 596 bus;
252 543 288 587 et
297 547 428 603 quoque
437 546 476 586 ex
484 531 696 602 cooperatione
705 530 813 587 caloris
822 529 927 585 solaris
935 545 1003 584 cum
1014 529 1113 584 calore
1123 528 1206 583 vitali
1215 529 1296 599 apud

120 612 309 668 animalia
316 622 420 667 terrae
430 621 461 666 et
470 626 540 666 aves
549 611 622 666 caeli
633 621 770 682 tempore
780 609 858 664 veris
867 625 935 664 cum
945 608 1128 679 prolificant:
1143 618 1297 678 praeterea

119 692 234 763 quid
249 707 342 746 amor
353 690 536 762 coniugialia
550 690 607 745 nisi
622 690 711 752 calor,
724 689 772 745 cui
788 689 813 743 si
827 688 944 744 accedit
959 689 1042 742 calor
1056 688 1296 742 succenturiatus

122 786 170 826 a
183 771 268 832 sole,
279 770 317 824 fit
325 770 424 825 virtus
436 786 489 825 seu
500 769 675 840 potentiai''
713 768 772 825 His
780 768 948 840 subscripta
957 778 1003 822 est
1016 767 1115 822 littera
1124 774 1140 797 ⁴⁴
1150 765 1209 830 H‚”
1218 783 1296 839 quae

124 860 226 906 erat
242 849 374 904 initialis
385 849 480 921 regni,
493 866 509 904 e
522 859 689 920 quoerant.

213 939 317 1000 η’.
343 928 418 983 Post
431 928 498 990 hoc,
510 929 629 1007 secundo
641 927 766 983 immisit
779 943 901 982 manum
917 926 947 981 in
961 942 1074 988 urnam,
1087 936 1119 981 et
1129 925 1296 996 desumpsit

132 1008 236 1063 inde
253 1008 402 1070 chartam,
415 1024 453 1063 ex
465 1023 527 1078 qua
540 1007 612 1079 legit
626 1007 717 1063 haec:
744 1007 832 1062 “Nos
845 1007 1002 1078 populares
1022 1007 1051 1060 in
1068 1015 1173 1061 nostro
1187 1016 1295 1060 contu·

130 1088 274 1143 bernio
290 1087 497 1149 convenimus.
513 1087 595 1158 quod
614 1087 700 1158 origo
717 1087 830 1142 amoris
846 1085 1025 1157 conjugialis
1042 1086 1082 1139 sit
1100 1085 1205 1140 eadem
1225 1101 1294 1139 cum

132 1169 286 1240 origine
307 1167 527 1238 conjugiorum,
547 1183 627 1238 quae,
644 1183 697 1237 per
716 1167 798 1239 leges
816 1166 931 1222 sancita
949 1177 1020 1220 sunt
1041 1166 1080 1220 ad
1102 1164 1295 1220 refrenandas

134 1246 430 1318 concupiscentias
442 1247 615 1302 hominibus
627 1257 774 1301 connatas
788 1247 826 1300 ad
845 1245 1000 1307 adulteria,
1010 1261 1086 1315 quae
1099 1245 1295 1315 pessumdant

137 1329 294 1390 animas.
309 1327 468 1398 inquinant
480 1328 612 1383 rationes
627 1328 744 1389 mentis,
757 1337 958 1398 conspurcant
974 1342 1079 1387 mores,
1089 1342 1125 1380 ac
1139 1326 1209 1380 tabe
1221 1341 1294 1380 con·

140 1407 276 1462 ficiunt
297 1422 437 1477 corpora:
456 1416 526 1461 sunt
544 1407 623 1462 enim
643 1407 791 1462 adulteria
809 1422 870 1460 non
890 1407 1023 1460 humana
1040 1407 1092 1460 sed
1114 1404 1216 1467 ferina,
1232 1420 1293 1458 non

143 1486 330 1541 rationalia
339 1487 391 1540 sed
404 1487 501 1549 bruta,
509 1498 540 1540 et
550 1486 593 1551 ¹sic
603 1502 724 1557 prorsus
732 1502 794 1540 non
805 1484 975 1541 Christiana
984 1486 1036 1539 sed
1051 1485 1192 1539 barbara:
1204 1500 1293 1555 prop-

144 1577 211 1621 ter
230 1565 461 1621 damnationem
482 1566 598 1628 talium,
617 1576 664 1620 est
682 1576 768 1622 ortus
786 1565 1008 1636 conjugiorum,
1024 1574 1056 1619 et
1074 1563 1163 1619 simul
1181 1564 1294 1619 amoris

145 1645 358 1716 coniugialia
395 1644 498 1700 Simile
507 1656 630 1701 estcum
644 1646 734 1717 hujus
743 1645 855 1700 amoris
863 1645 975 1699 virtute
988 1660 1041 1699 seu
1055 1643 1200 1714 potentia,
1210 1643 1292 1713 quod

150 1725 243 1780 haec
253 1725 386 1796 pendeat
397 1740 416 1779 a
427 1724 575 1785 castitate,
585 1741 663 1795 quae
676 1735 724 1780 est
733 1724 916 1780 abstinentia
925 1740 943 1778 a
951 1723 1036 1795 vagis
1044 1723 1293 1778 scortationibus:

152 1819 259 1860 musa
272 1814 328 1866 est,
340 1804 411 1875 quia
422 1798 518 1858 virtus
532 1820 584 1859 seu
601 1804 737 1874 potentia
751 1804 832 1874 apud
848 1804 940 1866 illum.
954 1803 1006 1873 qui
1021 1803 1115 1858 solam
1131 1802 1291 1872 conjugem

154 1892 259 1945 amat,
275 1893 323 1938 est
337 1894 488 1938 reservata
502 1883 563 1944 uni,
576 1892 608 1938 et
621 1883 665 1938 sic
679 1882 806 1939 colledia
820 1892 852 1938 et
864 1882 942 1938 sicut
956 1891 1158 1947 concentrata.
1172 1891 1203 1935 et
1218 1891 1292 1934 tunc

157 1962 202 2016 fit
218 1963 270 2016 illa
289 1962 399 2018 nobilis
416 1963 495 2017 sicut
509 1963 616 2032 quinta
634 1963 764 2019 essentia
782 1960 939 2017 abstractis
957 1961 1199 2031 inquinamentis,
1214 1976 1292 2030 quae

159 2041 282 2112 alioqui
302 2042 523 2112 dispergeretur
541 2052 572 2096 et
593 2058 833 2112 quaquaversum
856 2041 1060 2112 projiceretur.
1106 2039 1193 2095 Unus
1215 2040 1292 2094 inter

160 2136 225 2175 nos
238 2121 380 2191 quinque.
392 2120 444 2191 qui
459 2121 606 2182 sacerdos,
620 2121 731 2191 adjecit
745 2120 836 2175 etiam
852 2120 1157 2192 praedestinationem
1173 2130 1206 2174 ut
1221 2135 1291 2174 cau·

160 2213 232 2253 sam
249 2200 329 2254 illius
342 2200 462 2254 virtutis
476 2216 529 2255 seu
545 2200 707 2271 potentiae,
723 2199 833 2262 dicens,
848 2199 980 2255 'Suntne
995 2198 1138 2269 conjugia
1152 2199 1291 2269 praedes·

162 2277 288 2333 tinata?
315 2288 435 2333 etcum
458 2279 540 2341 haec,
562 2279 653 2334 etiam
676 2288 747 2333 sunt
769 2279 838 2333 inde
860 2278 1101 2350 prolificationes‚
1123 2279 1213 2333 etad
1236 2277 1291 2333 has
1368 2279 1370 2282 ’

161 2355 325 2418 efficaciae,
333 2357 571 2428 praedestinatae
581 2359 596 2413 :'
610 2358 719 2414 institit
729 2358 758 2412 in
767 2374 895 2420 causam,
904 2359 974 2430 quia
982 2359 1133 2428 juraverat
1143 2357 1172 2411 in
1182 2357 1291 2413 illam.”

170 2434 229 2491 liis
240 2437 407 2507 subscripta
419 2448 464 2492 est
477 2438 577 2493 littera
589 2438 664 2494 “135¹

225 2514 281 2571 ilis
298 2517 410 2571 auditis
425 2518 546 2587 quidam
562 2534 636 2572 voce
651 2517 826 2572 subridente
842 2517 926 2579 dixit.
941 2524 956 2546 ⁴⁴
967 2515 1215 2578 Praedestinatio,
1230 2516 1289 2572 heu

162 2608 258 2665 quam
273 2597 397 2666 pulchra
411 2597 551 2668 apologia
562 2595 698 2652 deiedius
709 2614 762 2652 seu
777 2595 1000 2668 impotentiae.”

222 2676 316 2732 106.
341 2675 414 2730 Mox
423 2679 511 2729 tertr'o
519 2677 704 2747 exprompsit
713 2677 848 2731 chartam
858 2693 895 2731 ex
905 2693 987 2739 urna,
998 2692 1035 2731 ex
1044 2691 1106 2746 qua
1115 2674 1189 2746 legit
1199 2675 1290 2730 haec:

166 2751 258 2808 “Nos
275 2754 434 2825 populares
453 2755 483 2808 in
502 2765 606 2810 nostra
622 2756 699 2810 cella
712 2756 898 2811 versavimus
916 2772 1021 2810 causas
1036 2754 1160 2827 originis
1178 2755 1290 2810 amoris

163 2834 353 2905 coniugialia,
366 2844 398 2889 et
409 2833 540 2889 vidimus
552 2834 668 2889 illarum
682 2834 760 2890 hanc
772 2836 935 2896 dominam.
949 2836 1030 2905 quod
1045 2835 1084 2890 sit
1100 2835 1207 2889 eadem
1220 2851 1288 2889 cum

167 2912 284 2983 origine
298 2913 441 2985 conjugii,
456 2913 528 2984 quia
541 2929 627 2968 amor
641 2914 692 2969 ille
707 2931 767 2969 non
784 2915 865 2985 prius
879 2914 1013 2976 exstitit:
1031 2925 1062 2969 et
1078 2915 1203 2975 exstitit,
1219 2915 1290 2985 quia

167 3005 237 3046 cum
249 2992 357 3063 aliquis
372 2991 475 3064 1¹¹petit
490 3009 542 3048 seu
558 2993 675 3064 perdite
689 3004 771 3049 amat
785 2994 942 3064 virginem,
955 2994 1056 3048 anima
1070 3005 1102 3048 et
1117 2995 1208 3048 corde
1223 2995 1288 3049 vult

172 3072 321 3140 possidere
340 3073 421 3126 illam
436 3084 470 3127 ut
484 3074 698 3144 proprietatem
714 3089 804 3144 supra
819 3074 922 3128 omnia
934 3074 1110 3135 amabilem:
1128 3090 1164 3128 ac
1180 3084 1214 3127 ut
1230 3075 1288 3145 pri·

173 3166 249 3205 mum
264 3152 314 3206 illa
323 3153 453 3221 spondet
465 3169 506 3214 se,
516 3152 632 3224 speiiat
643 3153 724 3207 iilam
733 3153 811 3208 sicut
824 3152 977 3224 proprium
988 3152 1104 3224 spetiat
1119 3153 1269 3224 proprium
1281 3169 1288 3206 ε

173 3230 247 3299 quod
261 3229 320 3285 hoc
332 3230 372 3286 sit
384 3231 469 3302 origo
482 3233 592 3288 amoris
605 3233 791 3303 eonjugialis,
803 3243 885 3302 patet
898 3232 976 3287 clare
990 3249 1026 3287 ex
1039 3233 1172 3302 cujusvis
1189 3232 1287 3287 iurore

173 3318 272 3364 contra
282 3309 400 3372 rivales,
412 3322 444 3365 et
456 3327 494 3367 ex
505 3312 653 3383 zelotypia
665 3323 771 3367 contra
779 3312 950 3367 violatores.
975 3311 1169 3366 versavimus
1183 3322 1288 3382 postea

173 3387 313 3459 originem
332 3389 454 3445 virtutis
473 3406 526 3446 seu
549 3392 702 3462 potentiae
725 3391 803 3446 illius
821 3391 940 3452 amoris,
956 3401 988 3446 et
1006 3402 1067 3446 tres
1086 3402 1193 3445 contra
1210 3391 1287 3445 duos

173 3468 404 3534 praevaluerunt,
416 3471 498 3541 quod
511 3471 605 3526 virtus
624 3488 677 3526 seu
696 3472 913 3541 potentiacum
929 3472 1057 3542 conjuge
1076 3471 1117 3525 sit
1132 3487 1169 3525 ex
1188 3471 1288 3542 aliqua

173 3544 287 3603 liuentia
300 3563 370 3603 cum
385 3565 477 3612 sexu:
494 3550 644 3612 dixerunt,
659 3551 740 3621 quod
760 3552 798 3605 ab
813 3551 997 3622 experientia
1011 3551 1117 3611 sciant,
1132 3551 1213 3618 quod
1234 3566 1287 3620 po·

173 3627 261 3682 tentia
274 3627 387 3683 amoris
404 3644 492 3684 sexus
508 3631 676 3700 praevaleat
692 3630 845 3701 potentiae
861 3631 971 3686 amoris
986 3628 1191 3700 coniugiale?
1230 3628 1287 3683 ilis

173 3706 332 3779 nuscnpta
343 3718 391 3764 est
403 3708 504 3763 littera
515 3717 531 3738 ‘¹
541 3708 581 3764 1.·'

219 3785 274 3843 llis
292 3787 407 3843 auditis
424 3788 630 3843 clamaverunt
646 3805 664 3843 e
683 3788 802 3852 mensis,
816 3788 979 3844 “Remove
998 3788 1076 3842 hanc
1095 3786 1239 3848 chartam,
1255 3796 1287 3842 et

173 3867 286 3922 extrahe
298 3868 388 3922 aliam
402 3883 440 3922 ex
452 3869 553 3924 urna.'’

216 3961 303 4023 ¹⁰7·
329 3950 368 4006 Et
389 3960 544 4006 momento
563 3949 695 4005 extraxit
711 3955 893 4019 quartam,e
914 3965 974 4018 qua
993 3948 1066 4018 legit
1085 3946 1177 4001 haec:
1196 3944 1285 3999 “Nos

173 4037 320 4108 populares
332 4035 391 4090 sub
404 4041 507 4087 nostra
519 4032 650 4088 ienestra
659 4030 854 4090 decrevimus,
864 4030 946 4099 quod
959 4028 1044 4099 origo
1057 4025 1167 4081 amoris
1179 4024 1285 4095 conju-

171 4117 245 4188 gislis
260 4128 292 4175 et
306 4113 422 4175 amoris
440 4128 528 4169 sexus
545 4113 586 4170 sit
603 4111 718 4176 eadem,
730 4110 802 4182 quia
816 4126 854 4166 ex
871 4110 931 4165 boc
949 4109 999 4163 ille
1014 4117 1076 4171 est;
1095 4108 1188 4165 modo
1202 4104 1284 4181 quod
