2782 5026
135 424 198 490 206
483 442 665 494 nameus
688 443 917 496 saaraurma

132 619 222 671 tores.
235 618 266 663 et
285 607 310 665 si
330 609 480 680 possibile.
494 621 528 665 ut
543 611 738 667 dominentur
752 629 844 684 super
858 613 961 670 omnia
979 615 1095 678 mundi,
1110 626 1143 670 et
1156 616 1249 672 vocari
1284 608 1300 662 i

132 704 217 760 reges
230 705 334 759 regum
347 698 379 743 et
392 689 587 759 imperatores
597 691 811 762 imperatorum
821 711 828 756 ς
846 704 878 749 at
891 694 970 749 idem
980 710 1069 750 amor
1077 696 1157 766 apud
1167 712 1251 752 cauo·
1276 719 1300 733 ⁴

132 769 216 823 nicos
239 768 384 831 ascendit,
402 785 497 840 usque
517 782 552 824 ut
569 770 664 825 velint
682 787 748 826 esse
765 771 818 834 dii,
836 784 869 828 et
886 784 1033 844 quantum
1055 775 1203 845 possibile,
1221 788 1252 831 ut
1281 785 1300 822 ἑ

131 849 328 904 dominentur
342 865 432 919 super
449 849 553 904 omnia
570 850 653 912 caeli,
666 862 697 905 et
715 851 816 906 vooari
831 852 872 905 dii
892 852 1028 908 deorum.
1065 852 1158 925 Quod
1176 855 1252 910 hiet
1291 866 1300 900 -·

132 928 174 983 illi
190 928 282 983 corde
300 944 361 983 non
380 939 547 1000 agnoscant
564 930 695 999 aliquem
716 929 824 994 Deum,
839 932 990 987 videbitur
1005 932 1036 986 in
1051 935 1251 1005 sequentibus

132 1008 174 1062 At
186 1008 317 1063 vicissim
332 1008 382 1070 illi.
396 1008 446 1079 qui
459 1009 567 1063 volunt
576 1009 724 1064 dominari
737 1026 776 1065 ex
787 1026 890 1067 amore
902 1027 1019 1075 usuum,
1030 1011 1062 1066 hi
1076 1029 1138 1068 non
1150 1013 1252 1068 volunt

131 1087 280 1142 dominari
295 1104 332 1142 ex
347 1104 388 1150 se,
404 1088 456 1143 sed
475 1104 512 1142 ex
533 1088 673 1150 Domino.
689 1090 832 1159 quoniam
847 1106 932 1145 amor
943 1107 1052 1146 usuum
1071 1102 1176 1147 estex
1195 1091 1252 1147 Do·

131 1166 222 1228 mino,
235 1176 266 1222 et
278 1177 326 1222 est
339 1166 407 1237 lpse
422 1166 585 1229 Dominus:
604 1168 636 1221 hi
649 1168 814 1239 dignitates
830 1185 890 1226 non
904 1169 993 1224 aliter
1004 1169 1154 1241 spectant,
1166 1187 1251 1243 quam

131 1246 231 1301 media
248 1246 287 1301 ad
310 1246 480 1301 iaciendum
500 1263 587 1309 usust
606 1247 663 1302 hos
684 1259 802 1318 ponunt
819 1250 909 1322 longe
928 1265 1019 1321 supra
1038 1251 1209 1322 dignitates.
1223 1261 1253 1306 at

132 1326 246 1396 priores
261 1338 379 1396 ponunt
391 1326 553 1397 dignitates
566 1327 655 1398 longe
667 1344 758 1399 supra
769 1344 849 1384 usus

184 1405 275 1477 2⁶3.
300 1404 376 1460 Cum
391 1404 465 1461 haec
478 1406 642 1461 meditatus
655 1423 730 1469 sum,
744 1406 858 1462 dicium
871 1406 945 1462 mihi
957 1418 1006 1463 est
1018 1425 1073 1478 per
1083 1409 1222 1480 angelum
1237 1424 1253 1462 a

132 1483 273 1548 Domino,
284 1486 373 1559 “Jam
386 1487 449 1557 jam
459 1487 576 1542 videbis
586 1498 617 1542 et
629 1486 854 1543 confirmaberis
865 1504 904 1543 ex
911 1488 977 1544 visu
987 1488 1087 1558 qualis
1102 1488 1253 1544 infernalis

132 1565 180 1620 ille
192 1581 279 1620 amor
290 1565 363 1620 est.”

185 1643 223 1699 Et
235 1655 309 1699 tunc
322 1645 424 1700 subito
436 1646 554 1716 aperuit
566 1661 599 1700 se
611 1655 691 1700 terra
702 1646 740 1701 ad
754 1645 917 1708 sinistrum,
925 1655 957 1700 et
966 1645 1029 1700 vidi
1042 1646 1252 1701 ascendentem

130 1739 168 1778 ex
180 1723 298 1779 inferno
310 1724 472 1786 diabolum.
486 1725 535 1779 cui
548 1741 638 1795 super
652 1725 752 1795 capite
767 1736 834 1780 erat
849 1725 944 1796 pileus
956 1726 1123 1795 quadratus
1136 1726 1252 1796 depres-

130 1818 181 1858 sus
193 1819 284 1874 super
296 1803 425 1858 irontem
436 1820 531 1876 usque
542 1805 580 1859 ad
593 1805 707 1866 oculos.
718 1803 809 1859 iacies
822 1806 910 1875 plena
922 1804 1051 1875 pustulis
1060 1805 1139 1859 sicut
1149 1806 1252 1860 arden·

129 1883 169 1937 tis
182 1882 281 1944 labris.
292 1884 371 1938 oculi
385 1894 493 1945 truces.
504 1881 609 1954 pestus
618 1894 741 1939 tumens
754 1884 784 1938 in
795 1884 953 1939 rhombum
964 1900 972 1946 ς
990 1899 1028 1938 ex
1037 1899 1090 1938 ore
1100 1882 1252 1939 erullabat

131 1961 245 2017 iumum
259 1962 338 2018 sicut
354 1963 466 2024 iumus,
480 1964 573 2016 lumbi
587 1963 613 2018 ei
633 1973 720 2017 erant
738 1963 826 2033 plane
845 1962 940 2034 igniti,
953 1962 1022 2016 loco
1041 1963 1156 2032 pedum
1171 1973 1252 2018 eraut

131 2042 184 2096 tall
197 2043 276 2097 ossei
292 2043 405 2112 absque
420 2059 527 2105 carne:
548 2053 580 2097 et
594 2059 631 2097 ex
646 2058 772 2114 corpore
787 2041 854 2113 ejus
868 2042 1065 2097 exhalabatur
1078 2042 1164 2097 calor
1178 2042 1252 2114 puti-

129 2121 187 2176 dus
199 2132 231 2176 et
244 2122 425 2177 immundus.

184 2201 241 2258 Illo
251 2203 318 2258 viso
330 2203 455 2258 territus
467 2219 542 2263 sum.
556 2213 588 2257 et
599 2201 726 2257 clamavi
738 2202 777 2257 ad
791 2201 884 2264 illum.
899 2199 969 2256 “Ne
980 2200 1100 2263 accede,
1113 2200 1164 2257 dic
1176 2194 1253 2257 vinde

129 2280 189 2336 ess?

185 2361 224 2417 Et
235 2362 392 2432 respondit
405 2378 502 2424 rauce,
516 2360 614 2417 “Sum
630 2378 668 2417 ex
684 2360 793 2423 inieris,
806 2371 838 2416 et
854 2361 894 2416 ibi
909 2361 939 2415 in
955 2360 1102 2416 societate
1116 2376 1186 2415 cum
1202 2360 1254 2414 du·

128 2443 233 2504 centis,
245 2458 322 2513 quae
335 2442 470 2496 omnium
483 2442 662 2496 societatum
676 2439 1002 2511 supereminentissima
1015 2448 1078 2502 est;
1098 2439 1140 2494 ibi
1150 2454 1254 2494 omnes

129 2537 232 2576 sumus
257 2522 452 2592 imperatores
477 2521 701 2590 imperatorum.
725 2536 809 2590 reges
834 2536 946 2590 regum,
969 2519 1062 2574 duces
1084 2520 1205 2582 ducum,
1225 2529 1254 2573 et

128 2601 278 2672 principes
288 2601 454 2671 principum
466 2615 472 2654 :
492 2616 552 2655 non
565 2600 673 2669 aliquis
684 2599 724 2654 ibi
734 2609 781 2653 est
791 2599 871 2653 nude
882 2599 1052 2669 imperator.
1063 2614 1163 2668 neque
1177 2598 1255 2652 nude

130 2696 189 2741 rex,
203 2681 264 2734 dux
276 2691 307 2734 et
321 2680 473 2750 princeps:
493 2681 632 2734 sedemus
646 2679 685 2732 ibi
700 2694 789 2748 super
801 2677 919 2733 thronis
937 2677 1124 2739 thronorum.
1139 2686 1171 2733 et
1184 2677 1254 2732 inde

130 2760 271 2814 mandata
285 2759 313 2813 in
328 2760 499 2814 universum
514 2760 625 2819 orbem.
639 2768 670 2812 et
683 2758 768 2819 ultra.
781 2756 975 2814 emittimus”

183 2839 268 2893 Tunc
281 2839 344 2893 dlxi
363 2839 414 2901 illi.
428 2838 584 2893 “Videsne
597 2839 678 2909 quod
698 2853 736 2891 ex
754 2837 913 2907 phantasia
925 2835 1199 2906 supereminentiae
1212 2836 1256 2891 in·

129 2918 228 2974 sanias
239 2917 269 2973 ?”

184 2996 222 3051 Et
235 2996 398 3067 respondit.
410 2993 598 3068 “Quomodo
609 3006 695 3066 potes
706 2995 749 3049 ita
757 2994 851 3065 loqui,
860 2993 930 3064 quia
941 2992 1027 3049 nobis
1038 3009 1162 3064 prorsus
1172 2994 1257 3051 vide·

130 3091 204 3138 mur.
217 3085 249 3131 et
261 3091 381 3146 quoque
394 3076 586 3146 agnoscimur
598 3091 616 3129 a
628 3073 785 3137 consociis,
798 3074 874 3129 tales
883 3072 913 3128 ?''

184 3154 252 3210 Hoc
267 3155 380 3216 audito,
397 3171 456 3209 non
473 3155 556 3210 volui
574 3154 674 3208 adhuc
692 3153 801 3215 dicere,
819 3153 943 3214 insanis,
958 3150 1029 3222 quia
1043 3167 1080 3206 ex
1096 3151 1258 3222 phantasia

130 3235 287 3290 insanivit:
306 3246 336 3290 et
349 3236 451 3290 datum
466 3247 513 3290 est
526 3234 601 3288 mihi
614 3250 806 3304 cognoscere,
819 3233 900 3304 quod
915 3232 963 3287 ille
978 3231 1124 3294 diabolus,
1137 3249 1216 3309 cum,
1226 3233 1257 3287 in

130 3315 243 3370 mundo
255 3315 338 3376 vixit.
353 3314 443 3369 luerit
462 3315 554 3369 modo
572 3324 693 3368 curator
704 3313 832 3383 alicujus
848 3312 970 3374 domus;
990 3322 1022 3366 et
1034 3311 1117 3383 quod
1133 3321 1211 3368 tunc
1226 3313 1257 3368 in

129 3405 247 3449 tanturn
261 3395 356 3449 elatus
369 3394 476 3464 spiritu
492 3392 588 3455 luerit,
603 3404 636 3447 ut
649 3408 719 3463 prae
732 3408 764 3446 se
777 3408 867 3447 omne
879 3407 974 3464 genus
992 3391 1159 3445 humanum
1173 3409 1259 3462 spre-

128 3474 213 3536 verit,
228 3489 263 3529 ac
282 3474 439 3528 indulserit
458 3473 640 3543 phantasiae.
654 3472 736 3542 quod
755 3470 875 3542 dignior
892 3480 974 3525 esset
993 3486 1069 3540 rege,
1084 3480 1117 3524 et
1131 3486 1259 3542 quoque

129 3554 325 3624 imperatore;
346 3569 384 3607 ex
402 3569 463 3623 quo
485 3552 562 3607 fastu
582 3562 744 3623 negaverat
763 3552 870 3612 Deum,
885 3566 920 3605 ac
940 3558 1131 3619 reputaverat
1151 3551 1261 3606 omnia

128 3631 233 3689 sanila
244 3633 387 3687 ecclesiae
400 3632 486 3687 sicuti
502 3632 587 3685 nihili
603 3647 657 3701 pro
671 3647 711 3692 se.
725 3631 778 3685 sed
791 3629 903 3699 aliquid
919 3644 974 3699 pro
986 3627 1107 3697 stupida
1120 3627 1221 3698 plebe.

183 3711 318 3767 Tandem
328 3712 461 3783 quaesivi
475 3711 568 3774 illum,
579 3719 594 3739 ¹⁴
604 3711 666 3766 Vos
676 3709 798 3765 ducenti
812 3709 862 3770 ibi,
871 3706 1013 3779 quamdiu
1025 3706 1200 3777 gloriamini
1212 3708 1260 3764 ita

130 3791 312 3848 intervos?”
643 3817 644 3820 ¹

184 3871 276 3934 Dixit.
293 3870 354 3926 “In
375 3881 539 3932 aeternum,
558 3870 612 3926 sed
634 3869 716 3940 quod
739 3868 780 3922 illi
803 3884 820 3923 e
840 3866 935 3929 nobis,
953 3864 1004 3936 qui
1022 3863 1161 3920 cruciant
1179 3867 1260 3923 alios

130 3964 253 4024 propter
265 3961 403 4022 negatam
417 3950 711 4021 supereminentiam.
722 3948 896 4010 subsidant;
915 3947 984 4000 licet
993 3944 1073 4000 enim
1087 3944 1179 4000 nobis
1191 3948 1260 4018 glo-

130 4031 206 4093 riari,
220 4031 273 4086 sed
287 4046 347 4085 non
361 4030 448 4084 alicui
462 4030 574 4084 malum
587 4027 727 4083 interrex·

183 4109 325 4184 Quaesivi
340 4109 455 4170 iterum,
469 4108 596 4164 “Scisne
609 4107 707 4177 qualis
721 4121 786 4161 sors
798 4115 844 4160 est
858 4100 1121 4158 subsidentibus?”
1160 4102 1260 4168 Dixit,

129 4191 210 4261 quod
225 4191 381 4245 subsidant
397 4189 427 4243 in
441 4188 592 4257 quendam
608 4201 766 4248 carcerem,
779 4184 830 4239 ubi
845 4193 992 4239 vocantur
1003 4180 1125 4238 viliores
1139 4183 1259 4239 vilibus

130 4286 182 4324 seu
195 4270 341 4330 vilissimi.
358 4279 389 4323 et
402 4268 550 4322 laborant.

183 4350 269 4404 Tunc
284 4350 345 4404 dixi
360 4349 398 4403 ad
418 4347 570 4402 diabolum
588 4345 680 4406 illum,
696 4342 801 4399 “Cave
821 4343 923 4412 itaque
936 4351 980 4403 tu,
994 4355 1031 4395 ne
1047 4340 1140 4395 etiam
1156 4344 1259 4400 subsi-

131 4430 210 4484 daa'*
