2782 5026
165 467 209 533 24
511 461 694 514 numeras
716 460 945 513 sartanrtsa

221 632 259 690 Et
273 643 347 688 tunc
362 631 490 687 ministri
505 648 543 687 ex
557 632 675 687 duabus
694 630 805 686 mensis
822 630 908 700 juxta
920 627 1133 684 mdeiahmm
1149 638 1304 698 sumpse‘

166 722 237 768 runt
251 729 351 784 panes,
366 722 449 767 etex
465 711 576 767 mensis
595 711 626 766 in
640 709 759 782 angulis
773 709 899 782 cyathos
914 723 993 762 nune
1007 707 1079 761 vino
1095 706 1243 777 impietus,
1256 704 1313 760 σίν

166 792 313 848 dederunt
326 791 421 846 cuivis
434 791 563 846 invitato
575 806 663 847 suum
679 804 787 862 panem
802 797 834 844 et
848 803 935 844 suum
948 786 1098 858 cyathum.
1111 800 1148 840 ac
1159 786 1316 841 edenrn‘

166 881 199 928 et
211 870 359 926 biberunt.

221 949 296 1005 Post
308 949 383 1004 haec
395 959 588 1004 surrexerunt
600 948 726 1003 maritus
737 957 770 1003 et
782 948 847 1017 ejus
860 962 943 1007 uxor,
955 944 1152 1016 sequentibus
1164 960 1219 999 sex
1231 943 1320 998 virae

166 1028 286 1101 fiinibus
298 1044 367 1083 cum
380 1028 529 1099 argenteis
542 1043 623 1082 nunc
640 1027 774 1082 accensis
793 1025 980 1095 lampadibus
998 1025 1029 1078 in
1043 1024 1182 1078 manibus
1194 1036 1319 1094 usque

166 1109 206 1163 ad
218 1108 324 1169 limem
342 1123 377 1161 ac
390 1108 535 1178 conjuges
549 1107 734 1161 intraverunt
746 1105 922 1166 thalamum,
935 1115 967 1158 et
980 1103 1081 1158 clausa
1093 1113 1140 1157 est
1151 1103 1256 1173 janua.

219 1197 277 1244 ιι.
303 1186 415 1241 Postea
432 1187 550 1242 locutus
565 1196 611 1241 est
629 1185 754 1256 angelus
768 1182 877 1238 duitor
890 1199 958 1238 cum
978 1182 1113 1237 invitatis
1129 1181 1170 1236 de
1184 1181 1305 1236 decena

166 1266 328 1322 comitibus
341 1266 411 1326 suis,
424 1267 506 1335 quod
520 1281 557 1319 ex
571 1265 715 1318 mandato
729 1262 929 1318 introduxerit
943 1262 1019 1322 illos,
1031 1272 1063 1316 et
1076 1261 1310 1314 monstraverit,

167 1344 226 1401 iliis
240 1344 399 1415 magnifica
417 1344 518 1414 palatii
538 1344 689 1415 principis,
705 1353 737 1397 et
755 1342 880 1396 mirifica
895 1341 944 1401 ibi,
956 1350 988 1395 et
1002 1340 1084 1410 quod
1100 1339 1214 1410 epulati
1230 1339 1310 1394 sint.

166 1424 205 1479 ad
221 1439 354 1478 mensam
369 1440 437 1478 cum
455 1424 524 1485 iiio;
542 1433 573 1478 et
588 1423 670 1493 quod
688 1432 793 1492 postea
812 1421 904 1476 locuti
919 1420 981 1474 sint
995 1427 1088 1473 “curn
1104 1418 1305 1489 sapientibus

167 1502 311 1567 nostris;''
333 1518 368 1556 ac
384 1502 479 1573 petiit,
493 1511 550 1555 “ut
567 1502 656 1556 liceat
674 1501 733 1556 illis
751 1500 842 1554 etiam
856 1499 1010 1554 vobiscum
1030 1497 1144 1553 sociare
1158 1497 1295 1569 aliquem

166 1582 362 1639 sermonem·
401 1581 439 1636 Et
454 1591 652 1643 accesserunt,
665 1591 696 1635 et
711 1579 853 1634 collocuti
866 1589 946 1633 sunt.

222 1660 260 1716 Et
272 1677 350 1715 unus
362 1661 480 1731 sapiens
493 1676 529 1714 ex
539 1660 612 1715 viris
624 1659 796 1730 nuptiarum
809 1657 893 1720 dixit,
905 1665 921 1686 ‘¹
931 1655 1102 1728 Intelligitis
1111 1654 1184 1727 quid
1197 1655 1300 1727 sigui·

168 1739 258 1797 fleant
272 1740 322 1794 iila
334 1756 412 1810 quae
423 1739 541 1794 vidistis
548 1738 580 1794 ?''

223 1817 370 1873 Dixerunt
384 1819 466 1888 quod
482 1834 604 1887 parum:
622 1828 655 1872 et
669 1828 742 1871 tunc
755 1815 970 1887 quaesiverunt
988 1813 1077 1876 illum,
1092 1829 1147 1868 cur
1160 1827 1291 1885 spoustrs

168 1913 248 1952 nunc
261 1898 385 1951 maritus
399 1898 428 1951 in
442 1897 495 1951 tali
507 1897 621 1951 vestitu
633 1895 701 1950 iuit.

224 1976 401 2048 Respondit,
416 1977 498 2048 quod
514 1992 642 2046 sponsus
658 1991 739 2029 nunc
755 1973 879 2028 maritus
898 1971 1165 2044 repraesentaverit
1185 1971 1290 2029 Domi-

169 2072 249 2118 num,
263 2072 298 2111 ac
310 2072 421 2126 sponsa
433 2072 512 2110 nunc
525 2072 600 2109 uxor
612 2053 881 2125 repraesentaverit
896 2052 1067 2112 Ecclesiam,
1079 2052 1151 2122 quia
1163 2050 1288 2121 nuptiae

168 2136 199 2191 in
218 2136 302 2190 caelo
318 2145 542 2205 repraesentant
555 2134 730 2205 conjugium
748 2132 869 2188 Domini
885 2148 954 2186 cum
970 2131 1111 2192 ecclesia;
1133 2129 1230 2185 “inde
1245 2139 1292 2186 est

167 2215 249 2285 quod
263 2230 354 2285 super
366 2214 445 2269 iilius
458 2213 555 2284 capite
568 2224 649 2268 esset
661 2213 777 2274 cidaris,
788 2222 819 2267 et
833 2212 882 2265 iile
896 2211 1019 2265 indutus
1033 2210 1128 2280 pallio,
1138 2208 1251 2271 tunica,
1260 2219 1292 2263 et

167 2294 291 2365 ephodo
309 2293 387 2349 sicut
406 2293 547 2356 Aharon;
565 2304 596 2348 et
611 2293 696 2364 'quod
715 2308 807 2361 super
825 2306 953 2360 sponsae
973 2305 1053 2343 nunc
1072 2288 1174 2343 uxoris
1192 2288 1291 2360 capite

167 2384 247 2430 esset
262 2389 381 2435 corona,
397 2384 429 2428 et
448 2372 498 2427 iiia
514 2373 619 2426 induta
633 2372 793 2442 chlamyde
811 2369 889 2426 sicut
908 2369 1028 2439 regina;
1046 2368 1099 2423 sed
1118 2376 1290 2423 eraserunt

167 2452 255 2508 aliter
266 2451 376 2514 amitii,
389 2453 460 2523 quia
473 2452 709 2522 repraesentatio
721 2450 796 2505 haec
809 2450 901 2504 modo
914 2458 1027 2519 perstat
1040 2446 1157 2502 hodie.”

119 2595 122 2611 ι
221 2530 441 2603 Quaesiverunt
455 2532 572 2593 iterum,
584 2530 687 2602 “Quia
700 2531 749 2585 ille
765 2528 1000 2599 repraesentavit
1014 2526 1187 2587 Dominum,
1197 2536 1229 2581 et
1243 2525 1293 2581 iiia

167 2611 332 2673 ecelesiam,
346 2626 399 2664 cur
413 2611 462 2664 illa
474 2610 511 2664 ad
525 2611 661 2664 dextram
673 2611 739 2680 ejus
751 2609 830 2664 sedit
839 2608 869 2664 ?”

224 2689 392 2759 Respondit
405 2690 532 2759 sapiens,
547 2688 650 2759 “Quia
663 2690 725 2743 duo
738 2698 809 2743 sunt
821 2703 899 2757 quae
913 2684 1027 2741 iaciunt
1039 2683 1215 2755 conjugium
1230 2681 1292 2738 Do-

170 2767 243 2822 mini
259 2778 289 2822 et
305 2768 463 2829 Ecclesiae,
473 2783 558 2821 amor
569 2778 601 2822 et
613 2767 768 2837 sapientia,
776 2784 811 2822 ac
825 2766 973 2822 Dominus
985 2774 1033 2819 est
1044 2780 1136 2824 amor,
1147 2773 1178 2817 et
1191 2762 1293 2817 Eocie·

168 2846 213 2901 sia
222 2857 268 2900 est
277 2847 432 2916 sapientia,
442 2858 473 2900 et
483 2847 631 2916 sapientia
640 2847 677 2900 ad
688 2847 824 2901 dextram
835 2846 946 2901 amoris
955 2854 1009 2907 est,
1020 2843 1098 2913 sapit
1107 2841 1187 2896 enim
1199 2841 1294 2897 homo

169 2925 312 2980 ecclesiae
327 2925 405 2979 sicut
417 2941 435 2978 a
447 2941 487 2985 se,
502 2936 533 2979 et
549 2925 626 2980 sicut
641 2925 727 2994 sapit,
741 2926 848 2996 recipit
863 2940 995 2980 amorem
1009 2939 1027 2978 a
1043 2921 1193 2984 Domino:
1219 2922 1292 2975 dex·

169 3015 217 3060 tra
228 3004 319 3058 etiam
334 3003 483 3074 significat
493 3004 667 3073 potentiam,
678 3015 708 3058 et
722 3005 858 3075 potentia
870 3003 965 3058 amori
976 3014 1022 3056 est
1035 3018 1087 3072 per
1096 3000 1294 3070 sapientiam:

170 3083 224 3139 sed
243 3094 277 3137 ut
295 3082 408 3136 ditium
428 3092 481 3144 est,
496 3093 565 3151 post
583 3083 705 3152 nuptias
721 3094 855 3138 mutatur
870 3081 1113 3153 repraesentatio,
1129 3095 1200 3134 nam
1219 3090 1294 3134 tune

171 3161 295 3217 maritus
314 3172 519 3231 repraesentat
537 3162 723 3232 sapientiam,
739 3173 770 3216 et
789 3178 864 3217 uxor
878 3161 1044 3231 sapientiae
1059 3160 1124 3229 ejus
1141 3173 1294 3222 amorem

169 3257 273 3296 verum
293 3241 342 3294 hic
355 3256 439 3294 amor
452 3257 512 3294 non
527 3252 575 3295 est
589 3257 673 3296 amor
688 3241 775 3311 prior.
788 3242 841 3296 sed
861 3251 907 3296 est
925 3256 1010 3295 amor
1024 3237 1229 3302 secundarius,
1241 3237 1294 3308 qui

169 3329 217 3375 est
234 3335 253 3373 a
272 3318 405 3375 Domino
421 3320 506 3374 uxori
527 3336 580 3389 per
598 3319 773 3390 sapientiam
794 3320 910 3374 mariti:
931 3335 1016 3374 amor
1032 3316 1163 3378 Domini,
1178 3316 1231 3388 qui
1247 3326 1295 3373 est

170 3413 256 3453 amor
271 3399 359 3468 prior,
375 3409 422 3452 est
440 3414 525 3452 amor
539 3399 675 3468 sapiendi
694 3400 773 3469 apud
793 3399 949 3460 maritum;
967 3413 1059 3468 quare
1079 3406 1148 3467 post
1163 3396 1293 3469 nuptias,

170 3477 260 3532 ambo
273 3477 369 3537 simui,
384 3478 507 3532 maritus
520 3488 552 3532 et
564 3479 628 3548 ejus
642 3493 724 3538 uxor.
738 3487 963 3547 repraesentant
976 3475 1160 3531 ecclesiam.”

225 3554 447 3627 Quaesiverunt
462 3556 571 3618 denuo,
585 3555 671 3612 “Cur
684 3573 744 3611 non
757 3573 812 3611 vos
827 3556 883 3610 viri
898 3556 1025 3611 stetistis
1040 3556 1077 3609 ad
1093 3555 1173 3609 istus
1188 3554 1293 3625 sponsi

172 3650 252 3689 nunc
275 3634 381 3696 mariti,
402 3635 479 3690 sicut
501 3651 554 3690 sex
574 3636 707 3707 virgines
728 3645 877 3691 steterunt
898 3636 936 3690 ad
959 3636 1037 3690 latus
1058 3649 1187 3705 sponsae
1213 3649 1295 3688 nunc

172 3712 312 3768 uxoris?''

227 3791 395 3863 Respondit
408 3792 535 3863 sapiens,
550 3792 673 3849 “Causa
684 3803 738 3855 est,
752 3793 823 3863 quia
836 3809 891 3847 nos
905 3792 995 3848 hodie
1008 3808 1202 3847 numeramur
1216 3791 1296 3847 inter

171 3871 310 3944 virgines,
323 3887 358 3925 ac
372 3889 512 3927 numerus
525 3889 577 3927 sex
589 3872 739 3943 significat
751 3888 855 3928 omnes
868 3882 899 3926 et
911 3871 1134 3942 completum.”⁴

226 3950 269 4005 At
282 3951 431 4011 dixerunt,
446 3950 553 4022 “Quid
568 3952 625 4006 hoc
636 3950 666 4005 ?''

227 4029 405 4100 Respondit,
426 4029 589 4101 “Virgines
612 4030 784 4101 significant
805 4029 970 4093 ecclesiam,
987 4040 1018 4084 et
1039 4029 1166 4085 ecclesia
1188 4039 1238 4085 est
1258 4045 1296 4085 ex

173 4117 301 4179 utroque
322 4125 412 4169 sexu;
437 4125 527 4178 quare
546 4109 636 4163 etiam
656 4125 711 4162 nos
729 4110 830 4179 quoad
850 4109 1006 4164 ecclesiam
1025 4126 1128 4164 sumus
1146 4109 1296 4180 virginem

173 4188 256 4260 quod
272 4188 315 4242 ita
326 4189 374 4249 sit,
386 4198 506 4241 constat
519 4204 555 4242 ex
569 4188 615 4242 his
629 4187 659 4242 in
672 4189 855 4258 Apocalypsi,

220 4288 270 4335 'Hi
281 4295 344 4340 sunt,
355 4288 397 4344 qui
413 4301 469 4332 curn
481 4287 619 4332 mulieribus
629 4300 679 4331 non
690 4288 806 4344 inquinati
817 4293 880 4338 sunt,
891 4287 994 4345 virgines
1007 4287 1071 4332 enim
1081 4293 1145 4340 sunt,
1156 4293 1181 4334 et
1190 4299 1296 4346 sequun-

296 4356 334 4394 tur
343 4349 443 4406 Agnum
453 4361 599 4406 quocunque
610 4349 675 4394 vadit
684 4347 689 4363 '
702 4349 765 4406 (cap.
777 4347 824 4394 xiv.
836 4347 861 4408 4)
870 4361 876 4394 ε

173 4450 617 4524 etquia‘virgines'significant
625 4449 867 4513 ecclesiam,ideo
876 4448 1023 4506 Dominus
1031 4450 1208 4506 assimilavit
1215 4451 1294 4507 iilam
