2782 5026
384 113 434 163 m:
456 110 592 163 anons
614 110 930 178 cosmatum—u.
948 111 1022 179 4¹5·
1201 114 1264 180 3¹9

132 287 199 341 vita
209 293 283 357 post
293 282 442 339 mortem?
457 298 569 337 numne
580 282 662 353 prius
671 282 836 353 negavistis
846 281 937 342 illam,
947 290 978 335 et
990 279 1104 336 lecistis
1113 295 1168 336 vos
1178 296 1264 351 pares

134 365 267 421 bestiis?
305 363 384 418 Num
394 363 476 434 prius
486 362 617 416 scivistis
627 362 740 431 aliquid
750 362 789 416 de
799 362 883 416 caelo
893 371 924 415 et
934 359 1139 421 infernonum
1150 360 1263 430 aliquid

131 447 175 501 de
187 447 256 500 luce
271 455 303 499 et
318 444 416 498 calore
429 443 519 513 hujus
532 440 659 495 mundi?
684 457 756 494 num
775 441 813 505 de
832 457 869 495 eo
887 441 969 511 quod
983 456 1043 494 non
1057 439 1185 510 amplius
1197 440 1264 494 sitis

132 526 217 580 intra
229 534 377 585 naturam,
387 524 440 578 sed
453 539 544 594 supra
556 519 658 576 illam?
676 531 724 575 est
736 521 816 575 enirn
830 520 879 575 hic
893 521 1024 576 mundus
1034 531 1066 575 et
1079 529 1150 575 sunt
1162 520 1265 574 omnia

130 604 202 673 ejus
212 602 389 673 spiritualia,
397 618 432 656 ac
442 601 609 672 spiritualia
618 609 689 654 sunt
698 616 789 670 supra
798 599 953 660 naturalia,
963 599 1040 653 adeo
1048 609 1083 652 ut
1093 614 1131 652 ne
1140 598 1264 669 quidem

130 682 296 736 minimum
309 691 435 736 naturae
448 680 547 750 possit
566 680 596 733 in
616 678 698 732 hunc
717 678 863 731 mundum
883 678 1024 739 influere:
1048 679 1102 733 sed
1121 693 1176 733 vos
1193 678 1266 748 quia

129 773 275 816 naturam
286 761 457 816 credidistis
466 760 558 814 deum
570 759 619 813 vel
633 759 728 819 deam,
739 757 861 812 creditis
873 756 965 812 etiam
979 758 1077 811 lucem
1090 767 1122 811 et
1133 757 1264 812 calorem

131 843 229 911 hujus
243 841 348 893 mundi
361 856 427 894 esse
440 840 537 894 lucem
551 849 582 892 et
597 838 726 892 calorem
740 837 845 891 mundi
859 837 1012 898 naturalis,
1025 852 1094 891 cum
1107 846 1208 891 tamen
1225 852 1264 891 ne

130 922 233 975 hilum
247 921 299 982 sit:
319 935 387 973 nam
401 920 452 972 lux
465 918 610 972 naturalis
624 917 674 970 hic
686 926 733 970 est
745 915 850 986 caligo.
862 926 893 970 et
905 916 988 970 calor
997 915 1143 970 naturalis
1155 915 1205 970 hic
1217 926 1265 971 est

136 1000 244 1070 frigus.
282 997 361 1052 Num
377 998 507 1053 scivistis
522 997 636 1068 aliquid
655 997 694 1050 de
712 997 777 1050 sole
796 994 886 1065 hujus
901 995 1015 1056 mundi,
1028 1011 1065 1050 ex
1084 1011 1146 1066 quo
1161 1007 1265 1050 nostra

129 1080 189 1133 lux
201 1089 234 1133 et
247 1090 350 1133 noster
358 1078 442 1132 calor
451 1074 639 1146 procedunt?
676 1075 755 1129 Num
766 1075 896 1130 scivistis
905 1076 986 1145 quod
1001 1074 1049 1128 hic
1063 1075 1108 1129 sol
1119 1075 1160 1129 sit
1172 1091 1264 1145 purus

127 1174 231 1219 amor,
243 1168 275 1212 et
287 1158 332 1211 sol
347 1157 450 1211 mundi
465 1156 610 1210 naturalis
623 1155 663 1210 sit
675 1171 768 1225 purus
781 1154 874 1225 ignis;
893 1164 924 1209 et
934 1155 1015 1225 quod
1029 1155 1074 1209 sol
1089 1154 1201 1215 mundi,
1211 1154 1263 1225 qui

126 1248 184 1291 est
202 1253 295 1306 purus
314 1236 398 1306 ignis,
415 1237 454 1291 sit
471 1252 508 1290 ex
522 1251 584 1306 quo
600 1246 705 1289 natura
719 1234 835 1289 exstitit
850 1244 881 1288 et
900 1234 1038 1288 subsistit
1048 1252 1063 1294 ;·
1073 1243 1104 1288 et
1120 1234 1202 1304 quod
1218 1234 1263 1288 sol

125 1317 222 1376 caeli.
236 1315 288 1386 qui
307 1325 354 1370 est
373 1328 465 1386 purus
478 1330 571 1376 amor,
584 1315 624 1368 sit
643 1329 680 1368 ex
696 1330 757 1384 quo
776 1314 841 1384 ipsa
854 1314 925 1374 vita,
938 1329 1015 1384 quae
1030 1324 1077 1367 est
1096 1329 1181 1367 amor
1195 1329 1264 1367 cum

125 1394 295 1466 sapientia,
305 1395 422 1449 exstitit
431 1405 462 1449 et
476 1394 628 1455 subsistit;
647 1404 679 1448 et
691 1393 734 1448 sic
744 1394 824 1463 quod
839 1404 953 1454 natura,
964 1409 1053 1463 quam
1064 1393 1163 1447 facitis
1174 1393 1263 1446 deum

122 1474 185 1527 vel
204 1474 300 1532 deam,
314 1473 353 1526 sit
373 1473 460 1542 plane
476 1470 614 1527 mortua?
650 1471 713 1526 Vos
732 1470 867 1541 potestis,
883 1471 908 1524 si
927 1471 1066 1525 custodia
1084 1472 1181 1532 datur,
1194 1487 1263 1525 cum

126 1553 226 1607 nobis
239 1553 400 1607 ascendere
414 1551 443 1604 in
456 1552 586 1613 caelum;
605 1562 636 1605 et
648 1567 704 1606 nos
717 1566 885 1621 possumus,
899 1551 924 1605 si
937 1550 1075 1605 custodia
1087 1551 1184 1612 datur,
1194 1566 1263 1605 cum

123 1633 224 1687 vobis
237 1632 421 1686 descendere
444 1631 473 1684 in
494 1630 660 1686 infernum:
684 1641 716 1685 et
734 1630 877 1685 videbitis
900 1631 929 1684 in
950 1632 1035 1685 caelo
1054 1630 1213 1701 magnifica
1231 1641 1263 1687 et

126 1712 305 1781 splendida,
318 1721 350 1765 at
364 1711 394 1764 in
408 1709 526 1765 inlerno
538 1710 685 1781 squallida
698 1719 729 1764 et
742 1710 911 1764 immunda:
930 1710 1102 1764 discrimina
1118 1711 1167 1765 illa
1182 1721 1263 1773 sunt,

125 1792 209 1862 quia
221 1807 328 1845 omnes
342 1791 371 1844 in
381 1790 473 1844 caelis
482 1790 588 1844 colunt
602 1789 708 1850 Deum.
719 1801 751 1844 et
763 1806 870 1844 omnes
883 1789 912 1843 in
927 1789 1052 1844 inlernis
1060 1791 1164 1844 colunt
1175 1801 1263 1845 natu-

128 1887 219 1932 1am;
238 1886 273 1924 ac
286 1869 445 1940 magnilica
459 1879 490 1923 et
505 1869 664 1938 splendida
679 1869 729 1922 illa
744 1869 773 1922 in
790 1869 880 1923 caelis
893 1879 964 1923 sunt
977 1870 1261 1939 correspondentiae

125 1948 336 2004 aliediionum
353 1949 424 2003 boni
444 1959 475 2002 et
493 1948 565 2009 veri,
578 1964 614 2002 ac
632 1949 781 2018 squallida
799 1960 830 2003 et
849 1949 1004 2002 immunda
1019 1949 1070 2002 illa
1089 1949 1119 2003 in
1138 1948 1262 2005 infernis

128 2041 211 2084 sunt
224 2029 510 2099 correspondentiae
520 2027 720 2096 cupiditatum
735 2028 804 2081 mali
815 2038 847 2082 et
860 2027 935 2083 lalsi.
963 2029 1007 2082 Ex
1020 2028 1067 2084 his
1079 2039 1111 2083 et
1124 2028 1263 2084 illiscon·

126 2109 252 2163 cludite
265 2124 354 2169 nunc,
368 2124 440 2161 num
456 2106 538 2160 Deus
550 2108 598 2160 vel
611 2123 683 2160 num
698 2117 805 2161 natura
817 2107 856 2162 sit
871 2124 961 2162 omne
975 2108 1004 2161 in
1019 2107 1185 2163 omnibus.''

193 2187 243 2241 Ad
264 2188 337 2242 haec
355 2198 476 2241 satanae
495 2187 721 2255 respondemnt,
738 2185 796 2240 “ln
816 2197 905 2249 statu,
919 2187 949 2241 in
971 2204 1032 2258 quo
1054 2203 1132 2242 nunc
1151 2203 1262 2251 sumus,

133 2283 299 2337 possumus
318 2283 354 2321 ex
373 2265 485 2320 auditis
503 2266 693 2326 concludere.
714 2267 795 2336 quod
816 2265 898 2321 Deus
917 2268 972 2329 sit;
997 2268 1049 2321 sed
1068 2283 1137 2322 cum
1156 2268 1262 2338 jucun·

133 2347 212 2399 dum
236 2346 304 2399 mali
327 2355 455 2414 occupat
479 2356 596 2400 mentes
618 2355 745 2407 nostras,
767 2361 828 2399 non
850 2347 988 2401 videmus
1014 2347 1071 2401 nisi
1097 2348 1262 2403 naturam.''

139 2424 224 2491 (Duo
244 2425 285 2478 illi
305 2425 402 2495 angeli
420 2435 452 2479 et
471 2425 533 2479 duo
551 2435 674 2479 satanae
694 2441 754 2478 non
774 2427 878 2495 procul
897 2442 915 2479 a
934 2443 981 2480 me
994 2427 1031 2480 ad
1051 2427 1187 2481 dextram
1202 2438 1262 2483 sta-

132 2505 228 2565 bant;
252 2519 344 2574 quare
363 2504 431 2559 illos
449 2503 512 2558 vidi
531 2514 563 2558 et
581 2504 699 2558 audivi:
724 2515 755 2558 et
775 2521 845 2559 ecce
861 2505 922 2558 vidi
938 2505 1048 2559 circum
1069 2506 1135 2561 illos
1151 2508 1263 2564 multos

135 2583 272 2654 spiritus,
282 2583 333 2654 qui
346 2584 477 2638 celebres
486 2583 656 2638 eruditione
670 2584 699 2636 in
711 2585 824 2638 mundo
835 2585 962 2643 naturali
975 2585 1107 2647 fuerant:
1125 2603 1161 2640 ac
1174 2588 1262 2642 mira·

134 2675 190 2718 tus
210 2679 277 2717 sum
296 2663 376 2733 quod
396 2662 506 2716 eruditi
527 2662 568 2715 illi
589 2679 668 2717 nunc
687 2674 801 2718 starent
822 2664 908 2733 juxta
926 2665 1056 2735 angelos,
1076 2681 1156 2720 nunc
1176 2666 1264 2736 juxta

137 2753 268 2804 satanas,
281 2752 313 2796 et
328 2743 409 2812 quod
427 2742 493 2804 illis,
505 2742 592 2812 juxta
607 2759 682 2813 quos
698 2744 826 2805 stabant,
841 2743 992 2798 faverent:
1011 2754 1042 2799 et
1057 2743 1172 2799 dictum
1188 2746 1261 2800 mihi

135 2833 196 2883 est,
208 2823 289 2893 quod
305 2821 488 2876 mutationes
501 2822 577 2876 situs
591 2821 707 2875 illorum
721 2832 822 2877 essent
835 2823 1018 2878 mutationes
1033 2835 1130 2879 status
1144 2825 1262 2880 illonrm

140 2903 251 2955 mentis
270 2900 397 2955 laventis
418 2917 498 2955 nunc
519 2901 596 2971 parti
618 2902 669 2955 uni
690 2918 771 2956 nunc
788 2902 883 2963 alteri,
897 2913 967 2957 sunt
988 2904 1067 2957 enim
1088 2906 1261 2972 vertumni.)

141 2980 206 3035 “Et
224 2981 359 3035 dicemus
377 2980 433 3035 tibi
454 2981 648 3051 mysterium:
677 2980 877 3051 Despeximus
898 2982 926 3034 in
946 2993 1055 3036 terram
1075 2985 1113 3037 ad
1132 2985 1263 3041 celebres

139 3060 319 3120 eruditione,
332 3060 384 3129 qui
397 3075 434 3114 ex
446 3076 502 3113 suo
513 3060 629 3129 judicio
641 3061 851 3131 cogitaverunt
865 3062 903 3115 de
917 3061 984 3116 Deo
1002 3074 1033 3117 et
1052 3064 1090 3118 de
1103 3075 1218 3127 natura,
1231 3076 1264 3121 et

143 3138 310 3193 invenimus
325 3150 483 3193 sexcentos
502 3155 539 3193 ex
559 3139 639 3193 mille
657 3156 710 3209 pro
726 3152 840 3202 natura,
856 3150 888 3194 et
907 3142 1037 3212 reliquos
1056 3160 1110 3213 pro
1127 3143 1209 3206 Deo:
1231 3155 1264 3200 at

141 3218 198 3272 hos
217 3234 271 3289 pro
292 3217 365 3279 Deo,
380 3218 451 3288 quia
471 3233 531 3272 non
551 3234 588 3272 ex
607 3219 708 3289 aliquo
728 3218 891 3280 intellellu,
913 3222 965 3275 sed
986 3223 1077 3276 modo
1096 3224 1263 3280 exauditis

140 3299 222 3368 quod
237 3308 344 3351 natura
352 3297 391 3351 sit
404 3313 441 3351 ex
456 3297 531 3359 Deo,
546 3297 717 3368 [requenter
729 3300 821 3354 locuti
835 3311 923 3363 sunt;
942 3317 977 3355 ac
990 3301 1130 3372 lrequens
1143 3304 1262 3373 loquela

140 3392 179 3430 ex
194 3377 338 3432 memoria
353 3386 384 3431 et
402 3377 633 3438 reminiscentia,
647 3389 678 3432 et
696 3395 757 3433 non
773 3380 862 3434 simul
872 3396 909 3436 ex
924 3381 1109 3451 cogitatione
1125 3392 1156 3436 et
1175 3382 1262 3438 intel-

141 3456 272 3527 ligentia,
283 3455 374 3510 inlert
386 3457 516 3526 speciem
530 3455 628 3511 fidet’·

195 3534 270 3590 Post
288 3536 364 3589 haec
382 3536 453 3589 data
471 3545 517 3589 est
532 3536 646 3591 satanis
661 3538 807 3599 custodia,
821 3547 851 3593 et
866 3555 935 3593 cum
951 3539 1069 3594 duobus
1084 3540 1200 3610 angelis
1214 3556 1262 3596 as·

142 3615 306 3669 cendemnt
321 3615 350 3668 in
360 3617 485 3676 caelum,
495 3630 530 3668 ac
540 3615 682 3670 viderunt
696 3616 854 3688 magnifica
866 3630 897 3672 et
910 3619 1082 3688 splendida:
1101 3630 1132 3673 et
1144 3630 1217 3674 tunc
1230 3621 1260 3674 in

145 3693 342 3749 illustratione
360 3709 379 3747 a
396 3695 463 3748 luce
481 3695 556 3748 caeli
576 3694 616 3749 ibi
635 3708 824 3766 agnovenrnt
845 3698 927 3768 quod
951 3697 1034 3752 Deus
1055 3699 1102 3759 sit.
1125 3708 1156 3753 et
1177 3701 1259 3769 quod

146 3784 247 3828 natura
259 3783 361 3828 creata
373 3773 412 3828 sit
428 3775 465 3827 ad
482 3774 703 3828 inserviendum
719 3776 807 3837 vitae,
821 3792 897 3847 quae
913 3778 942 3830 in
963 3777 1030 3831 Deo
1042 3787 1073 3832 et
1087 3794 1105 3832 a
1119 3777 1185 3833 Deo
1197 3788 1260 3841 est:

147 3854 261 3923 etquod
276 3863 384 3907 natura
397 3853 426 3907 in
440 3869 472 3908 se
485 3864 605 3908 mortua
614 3855 662 3915 sit,
672 3865 703 3909 et
713 3856 794 3926 quod
808 3857 878 3910 sica
890 3872 922 3910 se
933 3857 1005 3910 nihil
1017 3857 1157 3926 agat,sed
1168 3874 1186 3913 a
1197 3858 1262 3914 vita

147 3941 254 4000 agatur.
292 3929 350 3987 His
359 3930 431 3985 visis
444 3942 475 3985 et
488 3932 637 4002 perceptis
650 3933 881 3995 descendebant,
894 3945 924 3988 et
938 3935 1015 3988 sicut
1028 3935 1260 4000 descendebant,

147 4010 229 4065 rediit
247 4027 334 4065 amor
352 4010 430 4072 mali,
447 4021 478 4065 et
496 4013 622 4066 occlusit
641 4011 825 4067 intellectum
845 4014 963 4068 illorum
980 4030 1078 4084 supra,
1094 4025 1125 4069 et
1143 4018 1262 4085 aperuit

150 4086 225 4144 illum
239 4090 324 4153 inira,
335 4100 366 4145 et
378 4100 451 4145 tunc
464 4107 554 4161 supra
567 4092 650 4145 illum
664 4092 802 4163 apparuit
817 4092 894 4147 sicut
905 4094 1042 4149 velamen
1056 4093 1210 4167 lulgurans
1222 4112 1260 4151 ex
