2782 5026
186 450 229 513 86
533 466 716 517 naucma
739 467 967 518 sumamma

185 638 256 702 veri
282 659 329 702 ex
352 635 411 701 illo
429 659 530 702 vero:
561 660 607 703 ex
630 660 697 722 qua
715 639 917 703 formatione
939 640 1046 704 videri
1069 650 1203 723 potest,
1223 643 1320 726 quod

186 734 231 796 sit
244 743 361 796 mutua
373 733 550 797 inclinatio
563 735 606 797 ad
620 735 842 799 reuniendum
859 757 907 809 se,
921 745 955 799 et
972 735 1015 798 ad
1029 736 1316 818 conjungendum

186 828 275 890 sein
295 847 409 890 unum.
454 826 521 891 Sed
545 829 611 892 hoc
635 829 673 892 lit
696 829 785 912 apud
803 831 893 892 viros
912 832 967 912 qui
991 832 1024 893 in
1048 833 1204 911 genuina
1221 835 1315 914 sapi·

186 923 281 986 entia
297 932 387 997 sunt,
406 930 441 986 et
458 923 546 1005 apud
564 923 722 987 mulieres
735 946 821 1008 quae
838 927 871 988 in
891 946 1005 989 amore
1019 925 1109 990 iliius
1122 929 1316 1009 sapientiae

186 1016 220 1079 in
240 1017 363 1080 marito
379 1024 469 1089 sunt,
488 1019 537 1081 ita
556 1019 611 1101 qui
630 1020 664 1083 in
683 1038 798 1084 amore
815 1041 894 1083 vere
911 1020 1093 1102 conjugiali
1111 1030 1203 1085 sunt.
1245 1021 1316 1086 Sed

185 1113 230 1176 de
249 1113 420 1193 sapientia
436 1133 523 1195 quae
543 1112 632 1194 apud
650 1115 757 1177 virum
774 1115 849 1187 erit,
867 1125 902 1178 et
918 1136 1005 1197 quae
1024 1117 1175 1180 amanda
1193 1127 1250 1181 est
1271 1118 1317 1180 ab

187 1228 307 1281 uxore,
325 1208 358 1270 in
378 1208 598 1288 sequentibus
617 1209 721 1271 etiam
741 1210 880 1273 dicetur.

250 1316 327 1381 9ο.
352 1300 426 1384 (iv.)
454 1299 551 1378 Quod
565 1302 600 1365 in
623 1303 777 1385 subjeftis
797 1304 901 1384 regni
916 1303 1076 1368 animalis
1095 1326 1212 1369 verum
1236 1306 1319 1369 boni

186 1415 244 1459 seu
255 1417 370 1458 aterum
386 1418 429 1460 ex
440 1395 520 1459 bono
531 1396 579 1460 sit
593 1397 822 1471 masculinum,
836 1407 869 1461 et
882 1399 972 1480 quod
979 1420 1021 1462 ex
1035 1398 1092 1462 illo
1104 1397 1224 1463 bonum
1236 1403 1319 1464 veri

186 1512 244 1554 seu
266 1490 383 1555 bonu'm
408 1512 451 1555 ex
479 1491 536 1554 illo
558 1513 635 1554 vero
657 1491 704 1555 sit
717 1492 1076 1575 femininum-Quod
1106 1515 1126 1557 a
1157 1495 1314 1559 Domino

187 1587 350 1651 Creatore
374 1595 409 1650 et
432 1584 570 1651 Statore
590 1588 735 1650 universi
758 1587 875 1651 influat
898 1598 1063 1670 perpetua
1082 1590 1161 1652 unio
1184 1593 1314 1654 amoris

186 1691 222 1746 et
241 1682 429 1762 sapientiae
447 1703 506 1744 seu
525 1681 720 1763 conjugium
738 1683 819 1745 boni
839 1692 874 1745 et
893 1684 972 1757 veri,
990 1693 1025 1747 et
1044 1684 1135 1766 quod
1155 1683 1314 1764 subjecta

187 1785 305 1842 creata
326 1778 493 1858 recipiant
517 1776 611 1841 illum
635 1777 813 1859 quodlibet
832 1777 1017 1841 secundum
1037 1799 1131 1841 suam
1151 1778 1311 1853 sormam,

186 1892 289 1954 supra
308 1870 355 1953 (n.
376 1869 495 1953 84-86)
516 1882 690 1934 ostensum
714 1883 787 1948 est;
818 1873 908 1956 quod
932 1882 1047 1935 autem
1066 1874 1241 1937 masculus
1265 1897 1312 1938 ex

185 1967 252 2031 hoc
272 1965 430 2047 conjugio
449 1987 508 2028 seu
526 1987 572 2029 ex
591 1965 649 2029 illa
673 1967 796 2029 unione
815 1967 955 2048 recipiat
971 1987 1088 2031 verum
1107 1968 1311 2049 sapientiae,

186 2072 222 2126 et
235 2063 267 2125 ei
280 2061 505 2142 conjungatur
517 2081 537 2123 a
550 2061 700 2124 Domino
712 2062 839 2124 bonum
853 2062 975 2125 amoris
988 2062 1176 2125 secundum
1189 2083 1310 2146 recep·

185 2158 337 2233 tionem;
364 2165 400 2219 et
423 2154 512 2237 quod
533 2156 685 2235 receptio
704 2155 788 2218 haec
808 2156 867 2219 liat
890 2157 922 2218 in
947 2153 1135 2229 intellectu,
1156 2165 1192 2220 et
1215 2159 1310 2240 quod

186 2252 265 2315 inde
284 2250 453 2314 masculus
473 2259 634 2313 nascatur
657 2259 694 2312 ut
716 2248 775 2313 fiat
794 2247 1045 2323 intellectualis,
1066 2252 1154 2313 ratio
1177 2273 1223 2314 ex
1248 2272 1311 2316 suo

185 2345 312 2409 lumine
329 2355 444 2426 potest
460 2366 506 2408 ex
522 2346 621 2407 variis
637 2344 727 2424 apud
743 2344 836 2408 illum
853 2345 978 2418 videre,
996 2345 1158 2426 imprimis
1176 2367 1220 2408 ex
1239 2347 1310 2428 ejus

186 2438 376 2515 affectione,
390 2439 460 2521 ejus
476 2439 716 2520 applicatione,
731 2438 800 2520 ejus
816 2440 976 2511 moribus,
990 2450 1025 2502 et
1041 2460 1086 2502 ex
1103 2439 1173 2519 ejus
1189 2440 1309 2504 forma.

186 2534 244 2599 Ex
261 2534 400 2598 masculi
413 2533 595 2617 affelZione,
610 2533 700 2615 quod
717 2534 761 2596 sit
777 2532 911 2596 affectio
927 2533 1066 2605 sciendi,
1079 2533 1308 2616 intelligendi,

186 2639 223 2694 et
239 2629 412 2712 sapiendi3
433 2625 566 2692 affedtio
582 2628 710 2690 sciendi
726 2629 759 2691 in
778 2629 933 2708 pueritia,
947 2625 1080 2691 atl'edtio
1092 2627 1310 2709 intelligendi

186 2724 221 2788 in
244 2722 478 2787 adolescentia
497 2732 533 2786 et
556 2723 664 2804 prima
679 2721 869 2802 juventute,
889 2732 925 2785 et
941 2719 1074 2785 affectio
1092 2723 1247 2802 sapiendi
1266 2723 1310 2787 ab

186 2819 250 2883 hac
264 2818 443 2900 juventute
463 2837 567 2898 usque
586 2817 620 2879 in
640 2814 871 2892 senedtutem3
888 2838 933 2879 ex
952 2817 1072 2898 quibus
1090 2825 1199 2897 patet.
1217 2818 1308 2899 quod

186 2912 258 2995 ejus
275 2923 395 2976 natura
411 2932 470 2974 seu
486 2911 619 2974 indoles
635 2911 775 2973 inclinet
791 2911 833 2973 ad
852 2910 1064 2973 formandum
1081 2909 1307 2986 intelleclum,

187 3016 437 3089 consequenter
452 3005 543 3087 quod
561 3014 720 3067 nascatur
736 3015 772 3067 ut
791 3003 849 3068 liat
866 3002 1129 3080 intelleerualis3
1152 3006 1214 3068 sed
1230 3008 1310 3088 quia

186 3103 254 3166 hoc
277 3101 347 3165 fieri
370 3120 438 3164 non
462 3109 579 3182 potest
603 3100 666 3162 nisi
688 3120 733 3162 ex
757 3119 884 3171 amore,
904 3119 1007 3180 quare
1031 3098 1198 3162 Dominus
1216 3100 1308 3164 hunc

187 3195 343 3277 adjungit
372 3194 420 3258 illi
449 3193 635 3257 secundum
665 3194 907 3274 receptionem,
935 3193 1000 3256 hoc
1028 3203 1091 3268 est,
1120 3195 1309 3258 secundum

187 3293 336 3354 animum
355 3289 445 3371 quod
463 3289 546 3352 velit
563 3309 691 3369 sapere.
738 3287 794 3350 Ex
814 3287 883 3368 ejus
900 3286 1129 3368 applicatione,
1147 3308 1235 3369 quae
1255 3299 1309 3353 est

186 3385 230 3449 ad
258 3386 341 3449 talia
370 3405 457 3467 quae
484 3380 679 3447 intelledtus
702 3392 792 3456 sunt,
817 3404 876 3445 seu
906 3384 939 3444 in
969 3382 1088 3464 quibus
1111 3380 1309 3447 intelledtus

186 3480 473 3563 praedominatur,
491 3498 632 3560 quorum
649 3476 809 3560 pleraque
825 3477 971 3540 forensia
986 3485 1076 3550 sunt,
1093 3485 1129 3539 et
1146 3474 1308 3557 spectant

188 3595 267 3637 usus
290 3575 323 3637 in
342 3574 489 3655 publico.
534 3572 591 3635 Ex
610 3571 680 3653 ejus
699 3571 856 3645 moribus,
877 3571 932 3653 qui
956 3590 1075 3634 omnes
1094 3571 1237 3635 trahunt
1262 3593 1308 3636 ex

186 3668 419 3751 praedominio
438 3664 654 3744 intellectus3
682 3665 771 3728 unde
795 3675 859 3739 est,
880 3665 970 3748 quod
995 3662 1091 3728 actus
1109 3666 1201 3728 vitae
1224 3665 1307 3747 ejus,

186 3764 243 3845 qui
259 3762 496 3843 intelliguntur
511 3781 571 3842 per
587 3780 708 3833 mores,
727 3761 794 3823 sint
814 3759 1009 3834 rationales,
1027 3771 1062 3823 et
1081 3760 1108 3821 si
1128 3779 1198 3822 non
1214 3771 1307 3834 sunt,

185 3857 269 3923 velit
280 3867 318 3920 ut
330 3866 537 3938 appareant:
562 3855 773 3918 rationalitas
787 3854 972 3917 masculina
985 3854 1187 3935 perspicitur
1202 3856 1307 3919 etiam

186 3954 220 4017 in
244 3952 336 4017 omni
355 3953 481 4014 virtute
500 3948 579 4030 ejus.
625 3949 682 4012 Ex
702 3948 771 4030 ejus
782 3950 913 4029 forma,
933 3949 1023 4031 quod
1047 3949 1090 4011 sit
1113 3949 1249 4013 diversa
1272 3960 1309 4013 et

186 4067 323 4130 prorsus
342 4043 504 4109 distincta
522 4065 543 4107 a
562 4044 668 4108 sorma
687 4043 850 4119 leminae;
881 4043 924 4106 de
943 4064 1009 4125 qua
1028 4043 1184 4107 videatur
1202 4045 1308 4109 etiam

186 4141 313 4225 aliquid
344 4160 445 4221 supra
471 4138 518 4221 (n.
543 4136 609 4220 33).
657 4137 720 4201 His
751 4138 895 4211 accedit,
924 4137 1013 4218 quod
1046 4136 1235 4217 prolificum
1263 4141 1308 4202 sit

186 4236 221 4298 in
243 4236 324 4313 illo;
348 4234 414 4297 hoc
435 4253 503 4297 non
523 4230 658 4295 aliunde
677 4241 730 4295 est
748 4251 849 4312 quam
869 4251 914 4293 ex
933 4226 1121 4302 intellectu,
1143 4240 1197 4293 est
1217 4233 1308 4294 enim

188 4350 209 4392 a
226 4350 308 4392 vero
324 4350 370 4391 ex
388 4329 479 4391 bono
495 4326 561 4406 ibi;
584 4326 674 4408 quod
694 4326 772 4388 inde
795 4326 839 4388 sit
858 4324 1055 4407 prolificum‚
1076 4324 1110 4386 in
1133 4326 1308 4407 sequenti·

186 4423 250 4486 bus
269 4422 447 4486 videbitur.
