2782 5026
397 109 605 162 Damone
628 109 952 178 comminui—N.
975 115 1022 164 12.
1231 113 1269 182 17

128 279 251 336 bouum
271 295 362 352 opus,
376 281 519 352 quoniam
538 281 670 338 charitas
688 293 735 338 εει
754 299 848 346 amor,
864 283 939 340 fides
957 292 1005 339 est
1022 283 1133 340 veritas
1154 299 1192 340 ex
1210 300 1272 356 qua

126 360 296 432 sapientia,
304 370 338 416 et
351 362 464 416 bouum
477 377 554 431 opus
566 371 613 417 est
625 378 713 425 usust
731 373 887 432 praeterea
899 363 929 417 in
943 365 1056 419 mundo
1069 373 1174 420 nostro
1183 364 1270 435 spirl-

116 439 210 495 suali
226 450 302 495 sunt
317 440 387 495 loca
402 441 480 494 sicut
496 442 525 495 in
542 441 656 496 mundo
671 443 815 506 naturali;
834 442 946 513 alioqui
963 459 1023 498 non
1039 442 1138 498 forent
1153 443 1271 500 habitur

127 520 238 575 tiones
250 524 285 575 et
297 517 461 574 distindlae
471 520 658 582 mansionem
676 531 707 576 at
720 537 816 592 usque
830 522 914 577 locus
927 522 967 576 ibi
981 539 1041 578 non
1054 533 1101 579 εει
1113 523 1205 585 locus,
1215 523 1269 579 sed

126 609 179 654 est
192 600 379 670 apparentia
388 599 447 653 loci
459 598 624 653 secundum
634 601 746 654 statum
757 601 868 655 amoris
880 610 911 655 et
923 602 1097 672 sapientiae,
1108 619 1160 656 seu
1173 602 1269 657 chari·

127 678 208 733 tatis
225 690 260 733 et
279 678 360 734 ndei.
397 677 514 739 Omnis,
527 677 578 748 qui
598 677 633 732 fit
647 680 780 750 angelus,
793 680 875 734 intus
891 680 921 734 in
940 696 973 735 se
988 689 1091 751 portat
1100 697 1188 735 suum
1203 697 1270 736 cae·

128 758 211 819 lum.
233 758 307 828 quia
326 759 374 813 sui
395 759 469 814 caeli
483 775 633 821 amorem
660 776 729 813 nam
750 759 843 814 homo
864 776 883 814 a
904 761 1057 815 creatione
1078 770 1125 816 est
1145 761 1270 818 minima
1312 805 1317 819 ,

127 835 263 907 effigies,
281 837 381 908 imago
396 846 427 891 et
442 846 531 907 typus
546 836 621 891 caeli
637 837 754 908 magni;
772 836 870 892 lorma
887 837 1020 892 humana
1033 854 1094 893 non
1109 839 1190 893 aliud
1205 850 1269 902 est:

126 929 232 986 quare
247 915 378 986 quisque
395 916 481 970 venit
503 916 534 969 in
555 916 731 971 societatem
750 917 834 979 caeli,
849 917 935 987 cujus
953 916 1053 972 lorma
1074 918 1104 971 in
1126 918 1268 989 singulari

126 994 238 1066 effigie
254 1005 319 1056 est:
342 995 454 1049 idcirco
468 1011 537 1049 cum
557 995 649 1049 intrat
668 996 698 1049 in
718 995 799 1049 illam
812 996 997 1059 societatem,
1012 997 1103 1051 intrat
1122 997 1152 1051 in
1172 1013 1270 1052 corre·

126 1075 344 1144 spondentem
357 1075 413 1129 sibi
427 1073 562 1136 formam,
577 1075 619 1130 ita
631 1074 709 1129 sicut
721 1091 740 1129 a
751 1091 784 1130 sc
798 1075 828 1129 in
841 1091 874 1130 se
887 1076 975 1138 illam,
989 1086 1021 1131 ει
1033 1076 1112 1131 εἰευι
1124 1077 1161 1130 ab
1175 1077 1225 1130 illa
1237 1076 1267 1130 in

126 1152 219 1208 illam
236 1152 270 1207 iu
285 1169 326 1215 εε,
339 1168 374 1207 ac
389 1153 482 1207 trahit
495 1154 588 1208 vitam
603 1155 669 1225 ejus
685 1165 719 1208 ut
733 1171 827 1215 suam,
841 1170 876 1209 ac
890 1170 974 1209 suam
989 1165 1023 1209 ut
1035 1155 1118 1225 ejus:
1136 1165 1183 1210 est
1195 1171 1269 1210 una·

125 1232 266 1304 quaevis
279 1232 408 1288 societas
420 1233 497 1288 sicut
509 1249 677 1295 commune,
691 1249 727 1288 ac
738 1234 837 1306 angeli
848 1233 888 1287 ibi
901 1244 973 1288 sunt
985 1234 1063 1289 sicut
1076 1245 1174 1305 partes
1187 1234 1269 1289 simi·

126 1311 215 1367 lares
241 1327 281 1365 ex
299 1312 409 1381 quibus
427 1328 589 1367 commune
607 1312 757 1367 coexistit.
796 1312 840 1367 Ex
859 1312 906 1367 his
925 1329 1006 1368 nunc
1024 1314 1169 1384 sequitur,
1185 1313 1283 1384 quod·

125 1392 185 1462 qui
208 1391 243 1444 in
263 1391 352 1446 malis·
365 1401 397 1445 et
416 1390 487 1446 inde
504 1390 586 1446 falsis
601 1401 680 1452 sunt,
694 1392 724 1445 in
743 1407 776 1446 se
795 1390 989 1446 formaverint
1004 1391 1134 1463 effigiem
1150 1392 1267 1453 inferni,

126 1482 161 1526 et
175 1469 261 1524 haec
273 1470 424 1524 cruciatur
439 1471 468 1524 in
483 1471 568 1526 caelo
580 1487 617 1525 ex
631 1471 744 1525 influxu
760 1480 791 1526 et
805 1471 950 1526 violentia
962 1469 1124 1527 allivitatis
1136 1471 1266 1541 oppositi

127 1549 161 1604 in
175 1550 376 1620 oppositum:
395 1565 480 1604 amor
492 1550 573 1604 enim
587 1549 742 1605 infernalis
754 1559 802 1605 est
814 1550 973 1620 oppositus
986 1551 1079 1606 amori
1093 1550 1221 1612 caelesti,
1234 1559 1266 1605 et

128 1628 209 1684 inde
224 1628 362 1700 jucunda
376 1630 503 1683 duorum
517 1645 652 1684 amorum
667 1629 785 1684 illorum
798 1629 946 1684 collidunt
962 1629 1040 1684 inter
1053 1645 1086 1685 se
1103 1629 1183 1684 sicut
1197 1629 1267 1685 hos·

128 1718 193 1771 tes,
208 1717 242 1762 et
256 1717 367 1762 necant
378 1723 412 1763 se
423 1724 493 1762 curn
507 1709 768 1779 congrediuntur.''

189 1798 252 1845 11.
272 1786 329 1842 His
339 1786 467 1857 perustis
476 1788 580 1842 audita
587 1799 633 1842 est
646 1804 706 1842 vox
718 1804 735 1844 ε
748 1787 833 1844 caelo
845 1787 883 1843 ad
897 1789 1036 1859 angelum
1046 1788 1145 1850 tubae.
1156 1795 1172 1816 '⁴
1183 1787 1266 1859 Elige

128 1867 246 1923 decem
263 1882 301 1921 ex
315 1867 457 1921 omnibus
471 1867 653 1928 convocatis,
669 1878 701 1922 et
719 1867 858 1923 introduc
874 1868 940 1922 illos
954 1867 991 1922 ad
1008 1884 1077 1930 uos;
1094 1867 1266 1922 audivimus

130 1961 150 2001 a
165 1945 317 2007 Domino,
330 1946 412 2017 quod
426 1956 653 2016 praeparaturus
666 1946 706 2001 sit
720 1946 794 2009 illos,
808 1963 846 2001 ne
857 1947 939 2002 calor
951 1957 982 2001 et
995 1947 1053 2007 lux,
1066 1962 1119 2001 seu
1132 1962 1218 2002 amor
1230 1957 1262 2002 ει

130 2025 299 2097 capientia,
313 2026 408 2080 nostri
420 2025 503 2087 caeli,
517 2041 570 2095 per
581 2036 641 2080 tres
651 2026 716 2081 dies
729 2025 857 2080 inierant
871 2026 929 2080 illis
941 2025 1071 2096 aliquam
1081 2026 1218 2081 noxam.”

191 2105 234 2160 Et
246 2103 335 2159 elessi
348 2115 420 2158 sunt
432 2105 546 2175 decem,
559 2114 590 2158 et
602 2105 697 2159 secuti
710 2106 866 2175 angelum;
884 2115 915 2160 et
928 2105 1127 2159 ascenderunt
1140 2121 1193 2175 per
1204 2115 1264 2160 tra·

131 2184 245 2239 mitem
256 2183 402 2239 clivosum
416 2183 446 2237 in
456 2184 607 2254 quendam
616 2184 733 2246 collem,
743 2195 774 2238 et
787 2186 825 2239 ab
838 2184 897 2239 hoc
910 2185 939 2237 iu
954 2195 1096 2245 montem.
1106 2199 1265 2254 superque

132 2274 202 2318 erat
218 2263 340 2317 illorum
354 2263 528 2333 angelorum
544 2264 669 2323 caelum.
683 2263 765 2333 quod
781 2263 863 2333 prius
879 2264 916 2317 ad
933 2263 1105 2317 distantiam
1119 2278 1265 2332 apparue-

134 2354 182 2399 rat
196 2342 259 2396 illis
272 2343 349 2397 sicut
363 2357 527 2412 expansum
541 2341 572 2396 in
585 2342 728 2397 nubibus:
745 2353 776 2397 et
789 2343 999 2412 aperiebantur
1012 2357 1066 2411 pro
1079 2341 1138 2396 illis
1151 2351 1265 2411 portae,

135 2433 168 2478 et
186 2432 353 2493 postquam
372 2420 577 2475 transiverunt
592 2421 720 2483 tertiam,
735 2422 860 2492 angelus
876 2419 1064 2475 introdudlor
1077 2420 1209 2475 cucurrit
1226 2420 1264 2475 ad

138 2501 306 2572 principem
315 2499 468 2555 societatis
478 2516 529 2554 seu
538 2501 612 2554 caeli
624 2500 710 2561 illius,
719 2499 1118 2562 etannuntiavitadvenrum
1129 2500 1264 2563 illorum,

138 2591 169 2635 et
181 2581 324 2652 princeps
334 2579 498 2650 respondit,
511 2587 525 2608 ‘¹
534 2579 663 2634 Assume
673 2579 790 2650 aliquos
799 2595 836 2633 ex
848 2578 991 2634 satellitio
1002 2594 1077 2640 meo,
1088 2590 1118 2633 et
1128 2579 1266 2634 renuntia

140 2658 205 2722 illis,
220 2660 305 2730 quod
321 2659 470 2713 adventus
486 2658 604 2714 illorum
621 2658 693 2712 mihi
713 2659 753 2713 sit
771 2668 920 2728 acceptus,
935 2667 967 2713 et
986 2657 1126 2712 introduc
1145 2658 1212 2713 illos
1233 2658 1264 2712 iu

142 2739 319 2794 enticuriam
333 2754 440 2798 meam,
453 2747 484 2791 et
499 2737 645 2791 distribue
657 2737 752 2792 cuivis
765 2753 851 2792 suum
867 2737 1010 2792 conclave
1024 2753 1093 2791 cum
1108 2753 1164 2791 suo
1179 2737 1263 2791 cubi·

143 2819 224 2874 culo:
242 2828 275 2873 et
286 2833 324 2872 ex
336 2817 442 2872 aulicis
452 2817 526 2871 meis
535 2818 660 2872 desume
669 2817 794 2888 aliquos,
805 2827 836 2872 et
849 2833 885 2872 ex
898 2816 1017 2872 famulis
1027 2817 1078 2888 qui
1093 2817 1265 2872 ministrent

145 2897 205 2960 illis,
218 2897 316 2968 etqui
330 2896 463 2951 serviant
477 2896 534 2950 illis
547 2897 584 2950 ad
598 2907 689 2950 nutus
698 2896 723 2950 :''
741 2894 896 2951 etfaciam
909 2907 956 2950 est
970 2897 1020 2950 ita.

191 2978 235 3033 At
247 2992 318 3031 cum
332 2973 498 3030 introducti
511 2984 581 3030 sunt
593 2975 631 3029 ab
644 2975 759 3045 angelo,
770 2975 984 3045 quaesiverunt
996 2991 1067 3028 num
1081 2973 1169 3028 liceat
1181 2973 1264 3029 adire

145 3066 171 3111 tt
181 3056 286 3111 videre
298 3055 464 3125 principem
476 3072 483 3116 ;
501 3064 532 3108 ct
545 3053 700 3124 respondit
712 3054 845 3123 angelus,
859 3061 875 3083 ⁴⁴
888 3054 940 3109 Est
954 3069 1034 3108 nunc
1049 3069 1144 3113 mane,
1158 3063 1189 3107 et
1202 3069 1263 3107 non

145 3133 209 3190 lieet
221 3145 294 3190 ante
307 3145 429 3204 tempus
442 3133 594 3194 meridiei:
611 3142 682 3187 sunt
697 3149 801 3187 omnes
814 3149 947 3203 eousque
963 3133 993 3186 in
1008 3131 1217 3188 suis1¹1offieiis
1231 3142 1264 3188 ει

146 3212 248 3271 umis
261 3213 379 3285 operis;
398 3214 451 3268 sed
468 3210 587 3266 invitati
602 3211 675 3266 estis
689 3212 727 3266 ad
743 3213 919 3282 prandium
937 3222 968 3267 et
982 3222 1056 3266 tunc
1070 3212 1109 3265 ad
1129 3227 1262 3266 mensam

145 3309 205 3349 rum
217 3295 354 3366 principe
363 3302 469 3348 nostro
479 3293 638 3348 sedebitis:
656 3293 770 3348 interea
780 3292 968 3346 introducam
978 3308 1033 3346 vos
1046 3292 1077 3346 in
1091 3292 1170 3346 illius
1183 3292 1264 3362 pala·

145 3374 222 3437 tium,
236 3376 287 3429 ubi
301 3374 444 3430 videbitis
457 3373 616 3445 magnifica
627 3382 659 3427 et
670 3373 855 3443 splendida
1278 3367 1281 3371 ’

188 3466 246 3514 11.
271 3454 349 3511 Cum
367 3452 491 3510 adducti
510 3454 637 3508 suntad
658 3454 810 3524 palatium,
826 3453 955 3524 primum
974 3452 1116 3507 viderunt
1135 3453 1206 3507 illud
1224 3451 1263 3507 ab

144 3545 230 3592 extra
265 3535 338 3590 Erat
347 3534 490 3605 amplum
500 3531 648 3588 struclum
658 3549 695 3588 ex
709 3534 890 3605 porphyrite,
901 3544 932 3587 et
941 3531 1144 3588 substructum
1155 3549 1192 3586 ex
1203 3533 1263 3602 jas·

144 3613 214 3684 pide,
226 3626 258 3670 et
271 3627 342 3671 ante
357 3625 478 3685 portam
491 3629 544 3668 sex
560 3615 718 3668 columnae
730 3614 809 3667 altae
821 3629 858 3667 ex
871 3613 970 3682 lapide
985 3613 1081 3674 lazuli,
1096 3610 1208 3667 tedium
1221 3627 1259 3666 ex

143 3693 255 3751 laminis
267 3696 342 3757 auri,
356 3695 505 3749 fenestrae
517 3694 596 3748 altae
608 3709 645 3747 ex
659 3693 894 3763 pellucidissimo
907 3693 1056 3763 crystallo,
1070 3693 1175 3746 harum
1192 3707 1261 3762 pos·

142 3783 182 3832 tes
196 3779 286 3832 etiam
302 3792 341 3830 ex
359 3791 443 3829 auro.
483 3773 557 3829 Post
572 3774 638 3835 hoc,
656 3771 819 3828 introdufli
835 3782 906 3826 sunt
923 3773 1002 3827 intus
1018 3772 1048 3826 in
1064 3773 1216 3842 palatium,
1229 3781 1261 3826 et

142 3855 331 3912 circumdudli
342 3854 506 3910 aconclavi
520 3854 550 3908 in
560 3854 710 3916 conclave,
720 3864 752 3908 et
765 3853 904 3907 viderunt
914 3863 1090 3906 ornamenta
1104 3851 1262 3907 ineffabilis

142 3936 257 4000 decoris,
273 3937 331 3993 sub
346 3933 435 3991 tediis
451 3933 665 3990 decoramenta
678 3933 844 3989 caelaturae
860 3933 1061 3987 inimitabilis:
1084 3933 1171 4001 juxta
1185 3932 1261 4003 pari·

140 4027 196 4073 etes
206 4020 321 4089 positas
332 4032 454 4070 mensas
463 4032 499 4071 ex
509 4024 634 4087 argento
644 4015 776 4069 conflato
785 4028 853 4068 cum
864 4029 945 4073 auro,
955 4029 1045 4082 super
1054 4013 1162 4082 quibus
1175 4022 1260 4069 erant

139 4098 213 4156 uria
221 4097 365 4157 utensilia
377 4112 416 4153 ex
425 4095 576 4168 lapidibus
586 4095 734 4166 pretiosis,
745 4105 776 4150 et
788 4110 826 4149 ex
838 4093 962 4164 integris
971 4092 1098 4164 gemmis
1111 4093 1141 4147 in
1155 4092 1258 4149 formis
