2782 5026
381 447 433 501 ns:
455 444 591 499 anons
614 445 976 499 scommate-n.
994 430 1068 516 496.
1224 450 1287 517 379

154 617 259 696 rates,
279 618 464 695 sensuales,
475 629 508 684 er
521 618 869 701 corporeos-Homo
888 628 943 683 est
967 619 1083 695 homo,
1104 628 1140 684 et
1159 619 1284 685 distin·

156 715 273 797 guitur
296 734 317 777 a
339 715 464 789 bestia,
489 735 549 796 per
571 716 618 788 id,
637 715 731 798 quod
757 734 854 778 mens
877 714 949 796 ejus
971 716 1005 778 in
1029 726 1101 779 tres
1124 717 1286 797 regiones

156 806 321 874 distincta
336 810 394 884 sit,
411 810 446 873 in
465 811 612 874 totidem
630 820 716 892 quot
732 809 841 886 caeli;
864 820 901 874 et
920 810 1013 892 quod
1029 811 1139 892 possit
1156 811 1285 876 elevari

156 925 201 968 ex
212 905 357 987 regione
369 902 486 967 infima
501 904 536 967 in
548 907 768 988 superiorem,
780 916 816 969 et
831 925 967 987 quoque
979 906 1023 968 ab
1038 905 1102 969 hac
1119 907 1152 969 in
1165 925 1284 989 supre-

156 1017 260 1075 mam,
284 1009 322 1064 et
349 1000 397 1062 sic
425 998 497 1062 fieri
527 1000 673 1082 angelus
703 1001 801 1063 unius
831 999 928 1074 caeli,
948 1011 985 1064 et
1011 1021 1146 1083 quoque
1177 1001 1282 1065 tertii.

157 1094 302 1177 Propter
325 1094 423 1157 illum
451 1094 565 1164 finem.
594 1095 677 1158 data
706 1106 762 1159 est
791 1094 922 1160 homini
949 1095 1097 1159 facultas
1123 1094 1283 1160 elevandi

157 1187 373 1253 intellectum
397 1211 503 1272 usque
527 1189 629 1266 illuc;
663 1191 693 1253 si
723 1199 840 1254 autem
872 1210 941 1253 non
972 1211 1069 1254 amor
1090 1191 1283 1256 voluntatis

155 1282 227 1365 ejus
246 1284 347 1347 simul
367 1284 534 1361 elevatur,
555 1304 624 1347 non
644 1283 682 1348 fit
706 1285 901 1366 spiritualis,
921 1287 983 1349 sed
1004 1295 1122 1349 manet
1140 1297 1282 1352 natura·

156 1377 219 1456 lis;
250 1378 471 1442 nihilominus
493 1379 623 1442 retinet
645 1378 851 1442 facultatem
873 1379 1033 1444 elevandi
1053 1379 1281 1446 intellectum.

157 1473 268 1539 Causa
292 1473 384 1557 quod
407 1475 568 1548 retineat,
592 1485 647 1537 est
671 1483 708 1536 ut
730 1475 840 1555 possit
862 1475 1050 1550 reformari,
1071 1495 1151 1539 nam
1174 1476 1280 1541 resor-

157 1579 270 1633 matur
292 1590 352 1653 per
371 1566 598 1643 intellestum,
618 1569 711 1651 quod
730 1568 769 1632 fit
788 1589 849 1652 per
865 1569 1123 1652 ¹¹¹cogitationes
1143 1570 1224 1635 boni
1242 1582 1280 1636 et

154 1666 235 1741 veri,
253 1675 290 1730 et
307 1687 367 1749 per
383 1665 600 1728 intuitionem
618 1664 824 1728 rationalem
841 1685 887 1728 ex
906 1664 993 1744 illis;
1016 1666 1045 1728 si
1062 1665 1279 1731 rationaliter

155 1759 308 1825 intuetur
331 1760 550 1841 cognitiones
573 1758 663 1833 illas,
688 1778 727 1821 ac
758 1759 843 1821 vivit
867 1759 1055 1823 secundum
1080 1759 1169 1834 illas,
1194 1769 1277 1823 tunc

155 1875 250 1919 amor
268 1855 459 1918 voluntatis
477 1854 579 1917 simul
602 1853 769 1927 elevatur,
790 1863 825 1917 et
849 1854 883 1916 in
906 1874 948 1918 eo
970 1855 1081 1936 gradu
1104 1853 1279 1937 perficitur

154 1947 353 2023 humanum,
370 1969 410 2012 ac
430 1948 535 2011 homo
554 1946 592 2012 fit
612 1948 687 2031 plus
706 1959 742 2011 et
762 1947 839 2029 plus
855 1948 970 2011 homo.
1015 1948 1132 2012 Aliter
1146 1950 1275 2024 evenit,

152 2047 177 2109 si
193 2064 266 2131 non
280 2046 365 2107 vivit
382 2043 570 2107 secundum
584 2043 803 2123 cognitiones
819 2043 900 2106 boni
916 2052 952 2106 et
967 2046 1057 2120 veri;
1080 2053 1162 2111 tunc
1179 2062 1276 2107 amor

149 2139 343 2204 uoluntatis
371 2137 443 2218 ejus
473 2148 592 2201 manet
615 2137 793 2212 naturalis,
818 2157 858 2202 ac
888 2134 1087 2202 intellectus
1114 2138 1186 2220 ejus
1216 2158 1278 2220 per

146 2236 244 2301 vices
263 2233 301 2297 fit
318 2232 522 2315 spiritualis;
547 2232 706 2295 sublevat
723 2233 814 2322 enim
831 2253 869 2296 se
887 2232 1029 2296 alternis
1044 2234 1132 2297 sicut
1149 2232 1275 2315 aquila,

140 2340 180 2394 et
202 2329 353 2410 despicit
371 2327 453 2410 quid
473 2326 559 2390 infra
577 2327 701 2390 amoris
720 2327 791 2407 ejus
809 2337 875 2403 est,
895 2326 988 2409 quod
1008 2346 1084 2390 cum
1104 2327 1210 2392 videt.
1230 2327 1275 2391 ad

136 2419 214 2489 hoc
238 2423 394 2496 devolat,
415 2432 452 2486 et
474 2441 552 2485 cum
575 2422 640 2485 hoc
665 2442 702 2485 se
726 2421 924 2504 conjungit;
955 2422 984 2486 si
1006 2423 1121 2504 itaque
1145 2442 1273 2485 concu-

132 2519 342 2600 piscentiae
365 2518 478 2581 carnis
501 2527 581 2581 sunt
604 2518 731 2595 amoris
754 2517 835 2599 ejus.
860 2518 904 2581 ad
926 2517 989 2581 has
1020 2538 1065 2581 ex
1089 2517 1273 2582 altitudine

130 2614 305 2679 demittit
328 2633 376 2687 se,
396 2624 433 2676 et
451 2613 487 2676 in
506 2609 748 2692 conjunctione
767 2631 844 2674 cum
864 2613 932 2676 illis
955 2633 1000 2676 ex
1016 2611 1174 2695 jucundis
1193 2612 1272 2675 illa·

127 2725 221 2774 rum
244 2704 400 2771 oblectat
422 2726 471 2780 se,
496 2726 535 2769 ac
559 2707 693 2780 iterum,
719 2716 859 2788 propter
882 2707 1062 2787 aucupium
1085 2706 1206 2781 lamae,
1231 2719 1271 2773 ut

126 2804 285 2886 sapiens
308 2801 481 2874 credatur,
505 2800 540 2863 in
570 2800 679 2863 altum
710 2821 746 2865 se
776 2800 922 2875 attollit,
946 2813 982 2866 et
1010 2801 1059 2863 sic
1086 2801 1270 2868 subsultim

128 2917 207 2983 per
237 2897 343 2970 vices,
364 2905 402 2959 ut
426 2895 531 2958 modo
553 2892 681 2957 dietum
706 2905 768 2959 est.
814 2893 917 2977 Quod
941 2895 1089 2959 adulteri
1112 2896 1207 2958 tertii
1233 2908 1271 2962 et

124 2992 257 3078 quarti
276 2990 414 3073 gradus,
434 2990 490 3072 qui
509 2999 589 3053 sunt
609 2991 666 3072 qui
686 3011 731 3054 ex
751 2992 933 3072 proposito
952 2990 1142 3054 voluntatis
1165 2999 1201 3055 et
1223 3012 1271 3055 ex

123 3085 406 3154 confirmatione
418 3081 615 3149 intellectus
631 3105 668 3148 se
685 3086 859 3150 adulteros
872 3086 1036 3160 lecerunt,
1050 3086 1152 3169 plane
1168 3096 1271 3151 natu·

125 3181 235 3246 tales
258 3182 339 3253 sint,
364 3190 400 3244 et
424 3181 641 3264 progressive
665 3179 749 3244 fiant
773 3181 950 3244 sensuales
973 3191 1009 3244 et
1033 3181 1197 3262 corporei,
1215 3189 1271 3246 est

126 3277 223 3360 quia
232 3294 385 3338 amorem
396 3275 584 3339 voluntatis
595 3295 675 3339 suae
689 3285 724 3339 et
737 3296 804 3338 una
816 3287 896 3339 tuuc
908 3272 1119 3339 intelledlum
1133 3275 1269 3339 immer-

128 3380 262 3435 serunt
279 3370 502 3434 immunditiis
517 3372 642 3433 amoris
659 3372 865 3445 scortatorii,
879 3379 914 3433 et
931 3370 983 3434 his
999 3368 1164 3434 oblectati
1176 3381 1268 3448 sunt,

130 3465 231 3528 sicut
251 3465 446 3528 immundae
462 3485 543 3528 aves
562 3476 598 3528 et
618 3465 749 3555 bestiae
769 3486 813 3528 ex
833 3466 960 3547 putidis
979 3476 1015 3529 et
1034 3466 1214 3528 stercoreis
1230 3473 1268 3530 ut

133 3557 289 3623 lautitiis
304 3571 339 3622 et
359 3560 529 3640 cupediis;
555 3579 633 3623 nam
650 3560 777 3624 halitus
793 3559 958 3624 effluviosi
978 3582 996 3624 e
1015 3579 1117 3624 carne
1134 3559 1268 3625 illorum

132 3664 364 3734 assurgentes
380 3656 507 3718 mentis
519 3655 752 3719 habitaculum
766 3655 912 3737 implent
928 3656 1171 3719 crassamentis
1186 3656 1266 3734 suis,

133 3757 178 3813 et
197 3747 325 3811 faciunt
344 3760 381 3811 ut
401 3749 562 3813 voluntas
581 3769 651 3812 non
670 3752 799 3813 sentiat
819 3750 946 3833 aliquid
966 3750 1090 3814 lautius
1113 3760 1149 3813 et
1171 3750 1266 3832 cupi·

137 3842 237 3906 dius:
269 3841 304 3904 hi
327 3853 420 3916 sunt,
439 3844 495 3925 qui
519 3855 598 3925 post
618 3854 763 3908 mortem
784 3844 867 3908 fiunt
887 3846 1026 3926 spiritus
1044 3845 1210 3926 corporei,
1230 3854 1267 3911 et

138 3956 161 3999 e
185 3936 307 4018 quibus
329 3937 505 4000 immunda
527 3938 646 4002 inferni
670 3949 705 4003 et
729 3939 907 4015 ecclesiae,
930 3939 989 4022 (de
1012 3941 1133 4023 quibus
1151 3960 1265 4022 supra,

139 4050 176 4096 u.
193 4048 270 4112 430,
289 4030 380 4113 431,)
399 4034 599 4097 scaturiunt.

205 4127 313 4208 496.
343 4124 430 4192 Sunt
454 4137 524 4192 tres
547 4129 674 4209 gradus
698 4128 862 4193 naturalis
885 4129 1043 4195 hominis.
1086 4130 1125 4193 In
1154 4130 1265 4211 primo

141 4229 233 4295 sunt,
254 4219 311 4302 qui
333 4220 443 4285 solum
467 4233 584 4287 amant
605 4223 779 4298 mundum,
799 4226 959 4306 ponendo
982 4245 1041 4291 cor
1062 4225 1096 4288 in
1120 4225 1263 4307 opibus;

142 4313 177 4379 hi
202 4316 338 4397 proprie
361 4316 599 4398 intelliguntur
623 4338 682 4400 per
702 4319 894 4383 naturales:
925 4321 959 4384 in
983 4320 1136 4383 secundo
1154 4321 1264 4402 gradu

143 4420 233 4490 sunt,
249 4411 308 4494 qui
331 4410 443 4474 solum
465 4422 583 4476 amant
603 4411 754 4493 jucunda
771 4434 942 4489 sensuum,
963 4414 1124 4498 ponendo
1146 4435 1207 4481 cor
1229 4416 1263 4479 in
