2782 5026
407 114 457 165 ns
480 112 614 166 anons
638 112 1048 180 couJuo1nL1.-u.233.
1225 103 1285 180 189

145 299 212 340 vus
222 283 263 340 sit
276 282 373 356 niger,
384 284 438 338 sed
452 299 512 338 non
522 293 608 354 potes
623 282 652 337 id
662 283 811 355 cogitare;
830 293 864 337 ut
877 299 933 354 pro
942 281 1090 353 exemplo,
1101 292 1188 352 potes
1199 281 1282 353 loqui

144 381 191 419 ex
207 363 397 434 apparentia,
413 363 493 435 quod
509 363 555 418 sol
571 363 690 424 oriatur,
708 362 923 434 progrediatur,
938 372 970 417 et
988 362 1124 424 occidat;
1144 363 1196 417 sed
1213 362 1284 433 quia

142 459 185 498 es
199 443 305 505 horno,
322 459 385 497 non
399 452 486 513 potes
498 443 631 514 cogitare
645 443 683 505 id,
694 442 764 513 quia
776 443 821 497 sol
835 453 894 497 stat
908 442 1058 504 immotus,
1069 450 1100 496 et
1112 442 1201 496 tellus
1214 458 1283 513 pro·

140 522 311 593 greditur:
336 523 436 577 simile
456 533 503 577 est
524 538 592 576 cum
614 538 720 585 corvo:
748 521 922 592 apparentia
943 533 990 576 est
1013 522 1205 592 apparentia;
1233 523 1283 577 dic

139 601 303 673 quicquid
322 601 377 663 vis,
391 617 499 657 corvus
516 611 563 657 est
581 611 665 657 totus
683 611 814 672 quantus
832 601 933 665 albus;
957 601 1083 656 albescit
1101 600 1193 657 etiarn
1212 617 1281 656 curn

137 682 298 742 senescit,
312 680 371 735 hoc
383 679 473 735 vidi.''

208 759 332 815 Deinde
352 760 522 831 rogavimus
541 759 633 822 illum,
652 767 687 813 ut
711 759 825 814 diceret
850 775 887 814 ex
913 760 1011 820 corde,
1031 775 1101 812 num
1121 758 1281 830 joculatur,

138 840 200 895 vel
219 855 295 893 num
311 839 422 902 credat,
434 840 515 910 quod
532 855 593 894 non
612 839 652 894 sit
670 839 792 909 aliquod
805 855 908 893 verum
925 839 982 894 nisi
996 837 1084 910 quod'
1098 838 1191 894 homo
1210 838 1280 894 lacit

138 935 262 975 verum
274 935 282 981 ς
301 928 332 973 et
344 918 508 989 respondit,
523 918 619 991 “Juro
631 920 712 989 quod
727 917 875 973 credam.”

208 997 326 1052 Postea
344 999 462 1069 legatus
480 998 638 1068 quaesivit,
658 1013 729 1052 num
749 1007 851 1069 posset
869 995 1089 1052 lacere-verum
1109 998 1191 1068 quod
1217 997 1280 1070 ipse

140 1077 312 1134 insaniret.
627 1072 634 1086 ⁶

207 1157 249 1212 Et
262 1157 347 1218 dixit,
361 1155 515 1211 “Possum
528 1156 581 1211 sed
594 1172 656 1211 non
669 1155 756 1218 volo:
775 1155 843 1228 quis
855 1171 917 1210 non
931 1153 1080 1211 insanit?”

206 1235 287 1291 Post
300 1236 375 1291 haec
388 1236 564 1292 universalis
578 1236 627 1290 ille
640 1235 835 1291 confirmator
848 1236 957 1291 missus
969 1246 1014 1290 est
1028 1234 1066 1290 ad
1081 1235 1213 1306 angelos,
1227 1234 1278 1308 qui

131 1316 349 1386 explorarent
367 1315 451 1369 illum
469 1316 566 1388 qualis
578 1325 640 1377 est;
668 1325 699 1370 et
724 1315 756 1369 hi
779 1325 848 1385 post
869 1314 1105 1385 explorationem
1128 1315 1278 1376 dixerunt,

130 1396 236 1468 quod
258 1395 309 1450 ille
328 1411 365 1449 ne
380 1395 502 1466 quidem
521 1411 645 1465 granum
667 1393 836 1449 intelledlus
855 1394 1015 1464 possideat,
1032 1394 1128 1465 “quia
1142 1410 1231 1449 omne
1248 1394 1277 1448 id

130 1475 235 1547 quod
250 1490 343 1544 supra
355 1474 501 1528 rationale
510 1486 565 1535 est,
575 1475 654 1544 apud
670 1474 752 1527 illum
765 1474 918 1529 occlusum
931 1483 985 1533 est,
996 1485 1027 1528 et
1039 1474 1137 1528 solum
1152 1473 1181 1527 id
1195 1475 1277 1543 quod

133 1553 231 1609 inira
245 1553 393 1608 rationale
405 1564 459 1612 est,
472 1565 609 1624 apertum
623 1564 683 1614 est:
702 1570 791 1624 supra
804 1554 948 1608 rationale
961 1564 1008 1607 est
1020 1555 1070 1607 lux
1083 1553 1229 1615 caelestis,
1243 1569 1278 1608 ac

132 1633 231 1689 inira
243 1633 393 1687 rationale
408 1643 454 1687 est
470 1632 520 1686 lux
536 1633 687 1695 naturalis,
700 1644 731 1687 et
751 1633 825 1687 haec
840 1632 891 1687 lux
905 1632 974 1687 talis
989 1642 1036 1687 est
1051 1641 1085 1685 ut
1100 1631 1278 1688 confirmare

132 1713 251 1784 possit
264 1712 406 1783 quicquid
420 1712 522 1775 lubet:
540 1721 572 1767 at
587 1712 611 1766 si
627 1729 688 1767 non
704 1712 755 1765 lux
768 1712 904 1767 caelestis
919 1712 1017 1766 influit
1033 1711 1062 1766 in
1078 1711 1175 1767 lucem
1190 1722 1277 1766 natu-

130 1793 255 1854 ralem,
270 1791 364 1846 bomo
383 1807 444 1846 non
459 1791 543 1846 videt
558 1808 630 1845 num
643 1792 764 1862 aliquod
780 1808 883 1845 verum
900 1791 940 1846 sit
958 1807 1072 1854 verum,
1085 1801 1116 1845 et
1136 1791 1205 1845 inde
1221 1807 1276 1869 nec

132 1872 235 1943 quod
252 1871 375 1942 aliquod
396 1869 503 1925 falsum
519 1870 559 1925 sit
574 1869 700 1934 lalsum;
725 1883 756 1925 et
771 1870 845 1925 haec
861 1882 892 1925 et
908 1871 958 1925 illa
972 1871 1082 1932 videre,
1096 1881 1142 1925 est
1157 1887 1194 1924 ex
1209 1871 1276 1926 luce

128 1951 277 2006 caelesti
288 1950 319 2004 in
330 1950 396 2005 luce
407 1950 543 2011 naturali,
552 1960 583 2005 et
593 1949 645 2003 lux
657 1950 794 2005 caelestis
805 1960 878 2004 esta
889 1949 955 2005 Deo
962 1950 1045 2010 caeli,
1053 1950 1103 2020 qui
1114 1959 1160 2004 est
1172 1949 1276 2004 Domi-

131 2047 225 2088 xrust
245 2045 338 2100 quare
348 2029 524 2084 universalis
538 2029 587 2084 ille
599 2028 792 2084 confirmator
802 2045 862 2084 non
875 2040 921 2085 est
934 2030 1026 2084 bomo
1039 2045 1095 2083 nec
1109 2029 1212 2091 bestia,
1221 2030 1274 2084 sed

128 2121 196 2166 est
209 2109 310 2163 bestia
323 2107 443 2163 homo.”

206 2186 353 2260 Quaesivi
367 2187 507 2258 angelum
520 2187 558 2242 de
571 2195 652 2243 sorte
665 2187 781 2250 talium,
794 2197 825 2242 et
838 2204 910 2241 num
924 2187 1040 2258 possint
1053 2203 1114 2241 una
1126 2204 1191 2242 esse
1205 2204 1273 2241 cum

82 2272 92 2296 ³
126 2268 236 2330 vivis,
250 2266 323 2337 quia
335 2267 399 2321 vita
411 2266 525 2321 bomini
539 2276 586 2321 est
600 2283 638 2322 ex
654 2267 719 2321 luce
732 2266 862 2329 caelesti,
876 2277 907 2320 et
922 2283 958 2321 ex
974 2266 1030 2321 hac
1042 2277 1088 2322 est
1104 2265 1274 2322 intellectus

128 2347 233 2417 ejus;
252 2356 284 2401 et
294 2346 381 2408 dixit,
390 2346 470 2416 quod
484 2346 568 2408 tales,
577 2362 645 2400 cum
653 2346 710 2401 soli
721 2357 800 2409 sunt,
811 2362 871 2400 non
882 2347 999 2417 possint
1007 2346 1119 2417 aliquid
1130 2347 1273 2417 cogitare,

128 2437 178 2481 et
199 2427 272 2480 inde
285 2425 376 2496 loqui,
390 2426 442 2481 sed
461 2427 541 2496 quod
558 2435 639 2480 stent
658 2426 735 2480 sicut
748 2425 904 2480 machinae
920 2427 1004 2487 muti,
1018 2436 1048 2480 et
1066 2426 1143 2480 sicut
1162 2427 1195 2480 in
1211 2427 1273 2494 alto

128 2519 278 2576 sopore:
296 2517 327 2558 at
336 2505 417 2576 quod
428 2506 680 2576 expergiscantur,
690 2516 724 2559 ut
738 2505 865 2575 primum
876 2505 997 2560 auribus
1009 2515 1133 2576 captant
1143 2506 1273 2575 aliquid:

125 2594 178 2639 tt
197 2583 326 2644 addidit,
340 2585 421 2654 quod
442 2585 483 2638 illi
500 2584 574 2639 fiant
586 2585 671 2646 tales,
684 2585 736 2654 qui
750 2584 854 2639 intime
870 2585 940 2638 mali
956 2595 1043 2638 sunt:
1068 2585 1120 2637 “in
1137 2584 1193 2639 hos
1211 2602 1271 2640 non

134 2674 253 2734 potest
267 2664 318 2717 lux
330 2663 469 2719 caelestis
481 2678 499 2718 a
510 2664 656 2735 superiori
671 2664 802 2726 influere,
812 2663 864 2719 sed
879 2665 971 2719 modo
983 2664 1104 2735 aliquod
1118 2664 1273 2734 spirituale

130 2758 201 2814 per
215 2742 373 2804 mundum,
386 2744 466 2798 unde
480 2742 537 2798 illis
550 2742 675 2798 lacultas
688 2743 884 2798 confirmandi
897 2742 970 2798 est.”

203 2821 262 2877 His
277 2819 374 2884 ditiis,
388 2821 488 2876 audivi
503 2838 609 2877 vocem
626 2839 662 2876 ex
676 2823 798 2894 angelis,
812 2823 863 2896 qui
878 2823 1109 2893 exploraverunt
1126 2822 1218 2885 illum,
1232 2823 1270 2878 ad

129 2915 205 2962 xne,
219 2901 407 2964 1¹¹dicentem,
421 2909 436 2931 ‘⁴
447 2901 505 2957 Fac
517 2918 554 2957 ex
563 2902 675 2957 auditis
688 2902 746 2958 illis
756 2903 921 2958 universale
936 2903 1138 2957 conclusum.''

203 2980 243 3035 Et
262 2980 320 3035 leci
339 2980 412 3035 hoc:
449 2979 561 3052 “Quod
582 2997 670 3052 posse
685 2981 861 3038 confirmare
879 2982 1021 3053 quicquid
1042 2983 1133 3043 lubet,
1150 2999 1211 3037 non
1230 2983 1271 3037 sit

130 3056 361 3131 intelligentis
380 3061 432 3114 sed
447 3061 528 3130 quod
542 3077 630 3131 posse
642 3061 753 3123 videre,
764 3062 845 3132 quod
856 3078 959 3116 verum
969 3063 1009 3116 sit
1021 3078 1133 3124 verum,
1144 3073 1174 3117 et
1188 3063 1269 3132 quod

126 3138 257 3194 salsum
271 3139 311 3194 sit
324 3138 440 3201 lalsum,
454 3149 486 3194 et
499 3140 528 3194 id
542 3140 726 3202 confirmare,
742 3140 781 3196 sit
795 3140 1016 3212 intelligentis.”

200 3218 276 3273 Post
289 3217 364 3273 haec
373 3216 555 3289 spectaviad
569 3229 689 3275 coetum
699 3220 750 3274 ubi
763 3222 883 3274 stabant
895 3222 1128 3284 confirmatores,
1139 3233 1170 3277 et
1182 3226 1270 3279 turba

125 3297 258 3354 circum
269 3296 338 3352 illos
345 3296 502 3359 clamabat,
511 3304 526 3327 ‘¹
534 3297 562 3353 Ο
570 3315 660 3371 quam
670 3299 820 3370 sapientes
828 3298 852 3363 ς’·
865 3311 896 3354 et
905 3316 973 3355 ecce
984 3302 1078 3356 nubes
1087 3301 1170 3356 lusca
1178 3305 1269 3358 obve-

123 3373 219 3432 lavit
234 3376 311 3438 illos,
320 3385 352 3431 et
365 3376 395 3431 in
410 3379 487 3432 nube
497 3379 640 3432 volabant
649 3379 749 3433 ululae
763 3389 794 3433 et
803 3379 1049 3450 vespertiliones;
1068 3392 1099 3436 et
1112 3382 1269 3436 dicebatur

125 3455 229 3518 mihi,
242 3455 379 3512 “Ululae
393 3466 425 3511 et
440 3457 668 3528 vespertiliones
684 3458 714 3511 in
731 3460 809 3513 nube
825 3457 908 3513 lusca
921 3459 1067 3521 volantes,
1083 3471 1154 3514 sunt
1169 3477 1267 3516 corre·

125 3535 354 3605 zpondentiae,
374 3545 405 3590 et
429 3535 499 3592 inde
519 3537 712 3608 apparentiae
731 3537 948 3608 cogitationum
965 3538 1099 3600 illorum;
1124 3540 1266 3609 quoniam

126 3615 389 3670 confirmationes
399 3614 562 3671 falsitatum
573 3632 668 3688 usque
680 3627 714 3670 ut
726 3627 891 3687 appareant
901 3617 978 3672 sicut
988 3618 1138 3679 veritates,
1150 3635 1267 3689 reprae-

128 3705 303 3749 sentantur
322 3694 352 3748 in
372 3694 432 3749 hoc
450 3696 565 3750 mundo
582 3698 638 3751 sub
656 3695 761 3752 formis
779 3697 879 3750 avium
896 3696 999 3760 notlis,
1016 3714 1142 3768 quorum
1162 3699 1266 3754 oculos

129 3769 227 3828 latua
238 3773 289 3828 lux
303 3774 386 3828 intus
401 3774 557 3846 illuminat,
570 3790 608 3829 ex
620 3785 680 3845 qua
692 3776 797 3830 vident
812 3774 929 3845 objecta
945 3776 975 3831 ln
990 3775 1129 3838 tenebris,
1143 3776 1221 3832 sicut
1235 3778 1264 3832 in

132 3848 219 3907 luce.
255 3853 336 3909 Talis
349 3853 402 3906 lux
415 3851 496 3908 latua
508 3853 671 3924 spiritualis
683 3864 731 3909 est
744 3856 809 3916 illis,
819 3855 870 3927 qui
884 3856 1063 3910 confirmant
1075 3854 1158 3917 lalsa,
1170 3872 1265 3928 usque

133 3929 216 3984 <lum
234 3931 378 3989 videntur
399 3931 477 3987 sicut
493 3949 573 3996 vera,
593 3949 628 3988 ac
649 3944 754 4004 postea
775 3935 915 3989 dicuntur
939 3946 970 3990 et
994 3936 1160 3990 creduntur
1177 3950 1264 3992 vera:

138 4019 215 4065 tunt
226 4027 331 4070 omnes
344 4009 389 4067 illi
404 4012 434 4066 in
446 4011 561 4070 visione
577 4012 750 4085 posteriore,
763 4024 794 4069 et
808 4030 868 4069 non
882 4015 912 4069 in
925 4015 1026 4086 aliquo
1039 4013 1104 4069 visu
1119 4013 1237 4086 priori.''
