2782 5026
156 435 198 503 92
504 436 687 489 naucum
710 436 938 492 SAPIENTIAE

154 604 185 660 in
198 604 395 676 dispiciendis
414 607 502 662 rebus
520 607 625 663 limata
642 610 758 666 ratione
777 621 809 666 et
826 622 915 667 acuta
932 613 997 668 acie
1015 624 1095 678 sunt,
1112 631 1148 671 ac
1166 602 1314 689 ingeni*

153 686 242 741 laude
257 686 339 757 apud
354 703 426 741 suos
441 685 644 752 effloruerunt,
658 701 693 744 ut
707 691 869 746 adveniant
887 702 919 746 et
932 693 1054 748 solvant
1068 707 1218 751 secretum
1232 686 1330 752 95

152 769 264 820 amoris
274 769 451 838 conjugibus
462 773 585 841 orrgtite,
598 777 627 824 et
638 770 673 823 de
684 773 746 840 ejus
757 775 872 826 vt'rtute
882 789 932 825 seu
938 775 1101 843 potentiis?

210 845 248 900 Et
260 847 401 902 dixerunt
413 865 430 904 e
442 851 535 911 caelo,
549 856 565 879 ‘⁴
573 850 708 904 Attende
724 849 855 920 paulum,
868 862 900 906 et
911 851 1031 907 visurus
1043 869 1077 908 es
1088 853 1198 926 viginti
1212 868 1332 927 sep‘

153 934 216 980 tem
232 941 345 986 currus,
359 938 421 982 tres
436 929 466 983 in
479 929 588 1000 quibus
602 927 739 1000 Hispani,
752 939 815 984 tres
830 930 982 1001 inquibus
998 931 1104 986 Franci
1120 950 1175 989 seu
1191 934 1277 990 Galli
1285 966 1317 991 a

152 1014 215 1060 tres
234 1005 390 1076 inquibus
409 1007 485 1070 Itali,
501 1019 562 1064 tres
581 1009 611 1062 in
627 1009 736 1078 quibus
752 1008 902 1071 Germani,
916 1021 979 1066 tres
997 1010 1153 1083 inquibus
1171 1009 1312 1070 Batavi

153 1100 207 1140 seu
222 1083 374 1148 Hollandi,
388 1098 450 1142 tres
464 1088 493 1142 in
507 1088 615 1158 quibus
629 1088 728 1159 Angli.
742 1099 803 1143 tres
816 1089 846 1143 iu
860 1090 969 1160 quibus
982 1089 1078 1152 Succi,
1091 1102 1154 1148 tres
1168 1093 1201 1147 in
1214 1095 1308 1165 quir

154 1164 211 1219 bus
225 1163 313 1227 Dani,
323 1177 354 1220 et
367 1177 428 1222 tres
442 1167 591 1238 inquibus
606 1166 713 1222 Poloni
722 1167 747 1237 3'’.
766 1178 797 1221 et
809 1179 882 1223 ωηο
895 1180 965 1240 post
977 1170 1127 1224 bihorium
1137 1172 1195 1227 visi
1210 1186 1306 1229 sunt:

153 1242 196 1297 illi
209 1260 316 1298 currus
328 1244 416 1300 tratti
428 1263 447 1301 a
460 1247 577 1301 mannis
591 1246 700 1301 coloris
713 1247 793 1302 helvi
808 1247 966 1318 insigniter
977 1249 1148 1319 phaleratis,
1163 1266 1200 1306 ac
1216 1270 1300 1323 per—

153 1322 261 1379 niciter
273 1324 446 1380 lerebantur
454 1327 492 1380 ad
506 1326 668 1396 spatiosam
679 1327 802 1380 domurn
813 1327 907 1381 visam
922 1328 952 1381 in
964 1328 1096 1384 confinio
1108 1329 1239 1387 orientis
1251 1344 1295 1388 ct.

154 1404 298 1467 meridiei,
314 1405 393 1460 circa
407 1422 496 1477 quarn
516 1422 622 1460 omnes
638 1404 715 1461 vetii
733 1406 869 1461 curribus
886 1407 1017 1470 exibant,
1028 1419 1060 1462 et
1078 1407 1151 1464 lorti
1171 1412 1282 1481 spiritu

153 1481 315 1538 intrabant

208 1563 248 1618 Et
260 1575 334 1618 ωηο
346 1562 460 1618 ditium
475 1575 522 1620 est
535 1564 617 1625 mihi,
631 1564 740 1620 “Vade
752 1581 788 1619 ac
800 1564 880 1620 intra
890 1565 981 1620 etiam
994 1575 1036 1628 tu,
1049 1575 1081 1620 et
1092 1568 1229 1624 audies.”

208 1641 273 1714 Ego
285 1644 354 1697 vadi
373 1653 404 1698 et
424 1643 542 1698 intravi.
581 1643 619 1699 Et
637 1643 767 1698 lustrans
782 1641 906 1699 domuni
923 1645 1012 1707 intus,
1026 1646 1088 1700 vidi
1101 1648 1185 1718 quod
1199 1660 1284 1704 esset

153 1723 307 1794 quadrata,
324 1721 498 1793 prospeiius
513 1724 640 1778 laterum
655 1723 695 1778 ad
711 1724 820 1795 plagas,
837 1723 866 1777 in
886 1724 993 1795 quovis
1014 1724 1107 1780 latere
1122 1736 1186 1782 tres
1201 1729 1283 1784 altae

152 1800 302 1857 ienestrae
313 1819 351 1857 ex
363 1802 449 1857 vitris
462 1803 650 1873 crystallinis,
661 1803 767 1857 harum
781 1813 885 1873 postes
897 1819 934 1858 ex
947 1803 1028 1874 ligno
1041 1804 1116 1867 olei:
1135 1807 1281 1879 utrinque

153 1896 171 1936 a
189 1882 282 1936 latere
298 1882 430 1952 postium
443 1880 619 1937 edudiiones
634 1898 651 1936 e
667 1882 830 1953 parietibus
843 1882 921 1937 sicut
933 1898 1068 1938 camerae
1080 1901 1174 1954 supra
1186 1884 1282 1941 lomi·

153 1972 247 2022 catae,
260 1961 310 2014 ubi
328 1978 464 2024 mensae;
483 1961 612 2032 parietes
625 1962 731 2015 barum
743 1972 829 2016 erant
843 1978 881 2016 ex
895 1962 1001 2024 cedris,
1014 1961 1127 2018 tedium
1142 1981 1181 2019 ex
1196 1966 1282 2037 ligno

153 2041 247 2096 nobili
260 2041 375 2112 thyino,
388 2042 486 2096 solum
500 2057 537 2096 ex
552 2042 701 2096 asseribus
720 2041 832 2112 populi.
869 2041 917 2097 Ad
934 2043 1076 2113 parietem
1090 2043 1280 2108 orientalem,

153 2121 204 2175 ubi
217 2137 279 2175 non
291 2121 373 2175 visae
385 2131 456 2175 sunt
469 2120 626 2182 lenestrae,
640 2121 739 2191 posita
756 2131 821 2174 erat
834 2137 937 2175 mensa
948 2119 1079 2176 obdutia
1091 2138 1175 2185 auro,
1189 2141 1282 2195 super

152 2216 214 2271 qua
226 2200 325 2255 locata
335 2211 397 2254 erat
411 2200 518 2254 cidaris
529 2201 680 2271 lapidibus
690 2200 828 2270 pretiosis
841 2200 1060 2261 circumobsita,
1070 2217 1148 2272 quae
1158 2203 1281 2260 cederet

153 2281 183 2334 in
197 2282 327 2350 palmam
343 2296 395 2334 seu
412 2281 576 2350 praemium
597 2279 639 2333 illi
655 2279 706 2350 qui
725 2280 905 2351 evestigaret
918 2290 1065 2334 secretum
1079 2296 1151 2334 mox
1167 2298 1280 2353 propo·

154 2362 296 2416 nendum.
332 2359 408 2415 Cum
419 2361 517 2415 visum
527 2361 664 2414 distribui
678 2360 717 2413 ad
727 2369 893 2415 cameratas
905 2358 1089 2420 eduiliones.
1100 2376 1178 2430 quae
1191 2375 1280 2418 erant

152 2441 231 2495 sicut
243 2441 398 2495 conclavia
410 2441 496 2509 juxta
508 2439 663 2499 fenestras,
674 2439 735 2493 vidi
749 2439 882 2510 quinque
894 2439 975 2493 viros
989 2439 1018 2492 in
1031 2440 1139 2509 quavis
1151 2457 1190 2495 ex
1202 2458 1280 2512 quo·

152 2520 199 2576 vis
218 2536 311 2591 regno
331 2521 476 2590 Europae,
496 2520 548 2591 qui
568 2519 663 2589 parati
686 2516 900 2589 exspetiabant
917 2516 1069 2589 objessum
1092 2519 1279 2589 judiciorum

153 2615 285 2655 suorum.

208 2678 246 2733 Et
265 2678 344 2732 illico
360 2687 433 2731 tunc
448 2677 586 2732 constitit
601 2677 725 2748 angelus
745 2677 774 2731 in
791 2677 891 2732 medio
910 2676 1020 2747 palatii,
1036 2685 1067 2731 et
1086 2677 1174 2740 dixit,
1192 2679 1279 2734 “Ob-

151 2755 263 2828 jei’tum
282 2757 462 2827 judiciorum
476 2766 644 2810 vestrorum
660 2757 725 2817 erit,
738 2757 784 2810 De
797 2759 908 2810 amoris
921 2756 1097 2827 conjugibus
1114 2760 1239 2829 orr'gt'rte,
1251 2767 1280 2813 et

152 2837 256 2907 deejus
263 2839 434 2890 vt'rtureseu
441 2838 576 2904 potenteis
584 2855 598 2897 ,·
615 2836 760 2890 ventilate
773 2836 839 2897 hoc,
850 2846 881 2890 et
891 2836 1058 2897 decernite;
1077 2852 1113 2890 ac
1122 2837 1278 2893 decretam

152 2916 333 2971 sententiam
345 2915 496 2969 inscribite
505 2914 634 2976 chartae,
642 2925 673 2968 et
685 2915 839 2969 immittite
849 2915 927 2969 hanc
937 2915 966 2969 in
975 2925 1149 2985 argenteam
1160 2933 1277 2981 urnam,

153 3011 242 3064 quam
255 2995 341 3065 juxta
351 3010 483 3048 mensam
497 3009 616 3047 auream
627 2993 737 3048 videtis
750 2994 889 3064 positam,
899 3004 930 3049 et
942 2994 1119 3049 subscribite
1131 2995 1277 3052 initialem

152 3074 284 3128 litteram
300 3074 382 3143 regni
396 3090 413 3127 e
425 3089 487 3143 quo
500 3074 581 3133 estis,
596 3083 629 3126 ut
639 3089 657 3126 a
671 3072 791 3128 Francis
804 3090 856 3128 seu
870 3073 963 3128 Gallis
976 3073 1033 3135 ‘F,’
1046 3090 1064 3127 a
1080 3073 1205 3130 Batavis
1224 3094 1277 3131 seu

155 3152 314 3207 Hollandis
327 3161 333 3181 ¹
345 3152 387 3214 B,'
399 3154 437 3206 ab
452 3152 535 3206 Italis
549 3151 598 3213 ⁴1:
608 3152 646 3206 ab
661 3153 768 3223 Anglis
778 3153 867 3213 ‘A,’a
882 3152 1004 3208 Polonis
1018 3152 1077 3213 ·Ρ,’
1087 3170 1105 3207 a
1118 3153 1278 3211 Germanis

153 3231 215 3294 ‘G,'
226 3234 264 3286 ab
282 3231 425 3302 Hispanis
438 3240 445 3260 ⁶
456 3232 503 3293 H,'
516 3248 535 3286 a
550 3230 643 3286 Danis
657 3230 719 3293 ‘D,'
732 3242 763 3286 et
778 3248 795 3286 a
811 3231 915 3287 Suecis
928 3230 1008 3286 ‘S.'''
1047 3232 1103 3287 His
1119 3232 1210 3289 dictis
1225 3250 1278 3289 an·

152 3312 238 3383 gelus
249 3312 352 3372 abivit,
365 3321 396 3365 et
410 3312 495 3373 dixit,
509 3319 524 3340 ‘⁴
536 3310 680 3365 Redibo.”

208 3391 246 3445 Et
259 3402 331 3445 tunc
342 3390 473 3460 quinque
484 3391 643 3461 populares
657 3390 687 3444 in
697 3389 805 3460 quovis
814 3389 970 3445 conclavio
983 3391 1020 3445 ad
1031 3389 1187 3455 fenestras.
1197 3395 1278 3450 edic-

153 3479 218 3525 tum
233 3469 307 3524 illud
317 3471 486 3532 versabant,
497 3470 704 3540 dispiciebant,
718 3479 749 3523 et
763 3470 928 3524 secundum
943 3470 1155 3539 praestantiam
1169 3472 1278 3527 dotum

152 3565 274 3605 suorum
288 3549 468 3619 judiciorum
480 3549 688 3608 decernebant,
698 3548 810 3603 chartis
823 3548 1032 3609 inscribebant,
1045 3550 1217 3621 subscripta
1229 3552 1278 3606 lit-

153 3639 218 3684 tera
229 3629 333 3684 initiali
344 3629 389 3682 sui
402 3628 493 3699 regni,
504 3628 576 3682 etin
587 3638 762 3698 argenteum
772 3644 877 3682 cavum
891 3628 1101 3683 immittebant.
1140 3627 1199 3685 His
1209 3642 1279 3702 post

152 3708 312 3764 trihorium
324 3707 458 3778 peractis,
470 3707 586 3762 redibat
598 3708 731 3778 angelus,
740 3718 771 3762 et
781 3724 817 3762 ex
830 3724 906 3762 urna
914 3708 1019 3763 eduxit
1028 3707 1148 3764 chartas
1160 3710 1278 3772 ordine,

121 3842 126 3850 ,
153 3797 184 3844 et
196 3787 270 3859 legit
282 3804 382 3843 coram
397 3786 593 3858 congregatis.

206 3880 296 3939 1⁰4.
320 3867 406 3920 Tunc
421 3883 457 3920 ex
467 3869 572 3935 prim
588 3865 699 3927 charta,
712 3882 803 3936 quam
820 3865 898 3921 lorte
913 3883 1019 3921 manus
1034 3866 1099 3937 ejus
1111 3867 1279 3938 apprehen·

153 3947 206 4008 dit,
220 3946 292 4018 legit
305 3947 395 4001 haec:
415 3943 503 3999 “Nos
517 3945 649 4015 quinque
665 3945 823 4014 populares
839 3945 869 4000 in
885 3957 990 4000 nostro
1006 3945 1161 4002 conclavio
1174 3948 1278 4004 decre-

152 4026 259 4088 vimus,
273 4026 356 4097 quod
370 4025 455 4095 origo
468 4025 578 4078 amoris
591 4024 768 4094 conjugialis
781 4025 820 4078 sit
833 4042 870 4078 ex
882 4025 1099 4096 antiquissimis
1112 4024 1142 4079 in
1156 4029 1279 4084 saeculo

153 4121 253 4167 aureo,
264 4116 294 4160 et
306 4105 386 4175 apud
400 4105 456 4159 hos
467 4121 503 4159 ex
513 4104 665 4158 creatione
675 4103 785 4158 Adami
796 4114 827 4158 et
839 4104 904 4174 ejus
914 4105 1031 4167 uxoris:
1051 4104 1121 4159 inde
1133 4116 1181 4161 est
1191 4107 1279 4179 origo

153 4185 371 4256 conjugiorum,
382 4195 413 4238 et
426 4200 492 4238 cum
504 4182 653 4253 conjugiis
663 4182 749 4253 origo
759 4183 869 4238 amoris
881 4184 1067 4254 conjugialis.
1093 4182 1184 4256 Quod
1195 4201 1279 4242 amo·

154 4265 194 4319 ris
209 4265 387 4335 coniugialis
399 4263 542 4316 virtutem
559 4278 611 4316 seu
628 4263 794 4331 potentiam
811 4264 973 4325 concernit,
987 4264 1065 4318 hanc
1080 4279 1140 4318 non
1156 4265 1279 4322 aliunde

154 4344 323 4398 derivamus
338 4359 427 4413 quarn
443 4359 479 4398 ex
494 4342 613 4397 climate
632 4357 684 4395 seu
704 4341 826 4411 regione
846 4342 925 4405 solis,
938 4354 969 4396 et
989 4343 1058 4398 inde
1073 4343 1171 4397 calore
1186 4360 1278 4415 super

154 4421 259 4478 terris:
278 4423 336 4478 hoc
350 4439 410 4477 nun
423 4439 460 4477 ex
474 4421 611 4477 inanibus
621 4420 746 4476 rationis
759 4421 897 4485 inventis,
907 4424 959 4477 sed
973 4439 1010 4478 ex
1022 4423 1214 4478 evidentibus
1227 4440 1277 4479 ex·
