2782 5026
140 426 200 475 112
486 425 669 477 naucleri:
692 426 920 479 samariae

135 592 195 647 tiae
210 603 272 647 tam
290 592 405 649 nobiles
421 610 510 665 quam
528 594 683 666 ignobiles,
699 605 733 648 ut
751 594 891 650 animalia
905 604 1011 655 terrae,
1024 593 1159 650 volucres
1171 591 1237 653 caeli·

136 673 262 742 reptilia,
277 672 381 743 pisces,
395 675 549 728 vermiculi
566 675 617 745 qui
633 687 779 729 vocantur
794 673 913 735 inscita,
930 685 1093 729 nascantur
1108 673 1136 728 in
1152 685 1236 727 omnes

133 752 274 807 scientias
288 768 424 807 amorum
441 753 520 808 vitae
536 770 616 815 suae,
632 766 666 808 ut
686 754 715 808 in
734 754 835 808 omnia
849 769 925 825 quae
941 753 1116 807 nutritionis
1131 749 1236 810 suntin

134 831 238 887 omnia
253 848 330 903 quae
346 832 542 888 habitationis
557 846 636 896 sunt,
650 835 679 888 in
699 834 800 888 omnia
814 849 890 905 quae
905 832 1017 887 amoris
1033 848 1122 886 sexus
1140 840 1169 886 et
1184 843 1236 900 pro·

134 910 305 966 liiicationis
317 924 396 973 sunt,
408 912 498 983 inque
511 913 613 967 omnia
626 929 703 984 quae
715 912 903 968 educationis
913 911 1029 967 fetuum
1040 926 1161 966 suorum
1169 916 1238 964 suat:

133 991 208 1045 haec
221 991 439 1047 confirmabant
454 1009 506 1063 per
519 993 673 1055 mirabilia,
686 1009 762 1064 quae
776 992 955 1047 revocabant
974 991 1005 1046 in
1026 990 1194 1045 memoriam
1207 999 1236 1040 ex

132 1071 213 1130 visis,
233 1071 353 1133 auditis,
369 1082 400 1126 et
423 1070 508 1126 let‘iis
531 1072 560 1126 in
582 1073 696 1127 mundo
715 1072 850 1133 naturali,
868 1071 923 1139 (ita
940 1072 1092 1124 vocabant
1111 1067 1234 1122 mundun

134 1161 278 1210 nostrum,
299 1150 328 1203 in
348 1166 410 1220 quo
430 1152 511 1222 prius
529 1152 686 1215 vixerant.)
704 1152 734 1205 in
753 1168 814 1221 quo
833 1166 893 1206 non
913 1149 1182 1219 repraesentativae
1196 1143 1234 1200 sed

132 1230 226 1284 reales
239 1230 353 1284 bestiae
369 1231 487 1286 dantur.
527 1231 690 1301 Postquam
705 1232 815 1285 veritas
831 1228 1047 1301 propositionis
1064 1229 1107 1282 ita
1121 1238 1235 1296 compro·

132 1310 201 1363 bata
214 1321 268 1370 est,
284 1309 481 1364 intendebant
495 1323 626 1365 mentem
641 1312 677 1364 ad
694 1310 896 1381 indagandum
909 1319 941 1363 et
956 1308 1167 1362 inveniendum
1179 1304 1234 1359 ines

131 1399 163 1442 et
176 1404 291 1451 causas,
307 1406 360 1459 per
373 1406 447 1460 quas
462 1390 520 1445 hoc
532 1407 672 1444 arcanum
687 1390 860 1444 evolverent
873 1398 904 1442 et
917 1388 1113 1458 detegerent:
1131 1396 1160 1440 et
1171 1383 1235 1438 dixe·

133 1479 203 1521 runt
213 1484 326 1529 omnes,
339 1471 420 1539 quod
436 1469 486 1524 illa
500 1486 559 1523 non
574 1470 690 1540 possint
703 1485 762 1523 non
777 1485 814 1522 ex
829 1467 939 1522 Divina
951 1466 1110 1538 Sapientia
1122 1464 1234 1520 existere,

132 1556 165 1600 ut
179 1547 272 1602 homo
285 1548 324 1603 sit
338 1548 438 1609 homo,
452 1560 482 1603 et
495 1549 592 1603 bestia
604 1549 643 1603 sit
655 1548 767 1610 bestia;
785 1559 816 1602 et
830 1548 872 1602 sic
882 1546 964 1618 quod
979 1543 1166 1616 imperfectio
1178 1538 1234 1596 nati·

130 1627 233 1681 vitatis
247 1627 379 1682 hominis
393 1628 445 1682 fiat
458 1629 525 1699 ejus
538 1627 689 1698 perfestio,
703 1637 734 1682 et
749 1624 893 1698 perfet‘tio
906 1625 1077 1680 nativitatis
1090 1624 1196 1679 bestiae
1204 1616 1234 1673 sit

130 1707 197 1776 ejus
210 1706 406 1777 imperietlio.

185 1797 269 1858 134.
294 1785 469 1856 Coeperunt
499 1795 572 1842 tunc
602 1785 838 1856 septentrionales
861 1784 989 1856 primum
1021 1783 1139 1853 aperire
1166 1787 1235 1864 suat}
1297 1784 1299 1795 '

122 1875 280 1926 ementem:
299 1876 330 1919 et
343 1866 485 1920 dixerunt
498 1866 579 1937 quod
594 1866 686 1919 homo
702 1877 840 1919 nascatur
852 1865 964 1935 absque
977 1863 1122 1923 scientiis.
1135 1871 1168 1915 ut
1181 1868 1239 1913 τοῦ·

131 1960 201 2015 pere
216 1945 310 2014 possit
323 1960 447 2007 omnes;
465 1957 497 1999 at
510 1945 534 1999 si
547 1956 718 1999 nasceretur
731 1945 760 1998 in
775 1943 924 2004 scientias,
935 1958 996 1996 non
1011 1952 1116 2012 posset
1127 1939 1242 2023 recipere

130 2025 206 2078 ullas
220 2035 338 2095 praeter
347 2025 412 2078 illas
425 2025 454 2078 in
466 2041 541 2095 quas
553 2037 641 2079 natus
656 2037 711 2085 est,
721 2037 753 2079 et
766 2035 838 2079 tunc
851 2039 907 2077 nec
920 2033 1023 2093 posset
1034 2021 1091 2076 sibi
1103 2028 1245 2103 approptl·

129 2121 180 2158 are
197 2105 304 2167 ullam;
325 2105 407 2174 quod
425 2105 614 2159 illustrabant
633 2121 686 2174 per
701 2105 778 2159 hanc
793 2103 1070 2174 comparationem:
1090 2101 1183 2156 homo
1198 2108 1248 2170 pss·

131 2199 212 2237 mum
229 2194 318 2238 natus
333 2195 379 2238 est
398 2185 475 2239 sicut
492 2184 601 2239 humus
616 2185 664 2238 cui
685 2185 766 2238 nulla
780 2184 896 2238 semina
911 2182 1091 2253 implantata
1110 2190 1190 2240 sunt,
1203 2165 1251 2233 sed

130 2278 206 2333 quae
220 2279 314 2333 usque
328 2274 429 2333 potest
443 2263 575 2333 recipere
587 2263 697 2323 omnia,
710 2279 745 2317 ac
759 2263 891 2333 proferre
904 2273 935 2315 et
949 2258 1132 2315 fruetificare
1144 2259 1207 2318 illa:
1224 2256 1256 2308 tt

130 2342 227 2396 bestia
239 2353 286 2396 est
302 2343 379 2396 sicut
393 2342 504 2396 humus
517 2343 651 2411 jamdum
665 2353 738 2402 sata,
751 2358 787 2396 ac
804 2342 927 2412 impleta
939 2339 1129 2411 graminibus
1142 2348 1173 2392 et
1192 2337 1259 2391 her⁶

131 2421 185 2481 bis,
199 2436 275 2490 quae
292 2437 352 2474 non
367 2421 472 2490 recipit
483 2421 541 2474 alia
554 2422 667 2474 semina
679 2437 767 2491 quam
781 2420 883 2481 insita:
899 2419 924 2474 si
937 2419 1004 2479 alia,
1015 2418 1182 2473 suffocaret
1196 2416 1263 2470 illa:

132 2499 202 2553 inde
220 2509 274 2561 est,
288 2501 369 2569 quod
384 2500 477 2553 homo
493 2500 647 2554 adolescat
665 2502 718 2570 'per
736 2501 835 2570 plures
850 2514 954 2559 annos,
970 2497 1049 2552 intra
1064 2513 1144 2567 quos
1158 2496 1265 2566 potest

129 2578 207 2632 sicut
220 2578 330 2631 humus
343 2579 447 2636 excoli.
461 2590 492 2632 et
506 2579 637 2649 proferre
650 2579 727 2633 sicut
740 2579 838 2632 omnis
850 2577 968 2648 generis
981 2588 1111 2646 segetes,
1126 2575 1216 2630 flores
1228 2575 1266 2628 et

129 2659 267 2719 arbores;
286 2658 381 2710 bestia
392 2668 492 2711 autem
507 2675 559 2728 per
572 2674 692 2728 paucos,
706 2674 758 2727 per
770 2674 846 2727 quos
860 2673 920 2711 non
934 2664 1036 2725 potest
1051 2655 1080 2709 in
1095 2655 1156 2709 alia
1168 2661 1266 2725 quarn

130 2735 160 2789 in
174 2745 305 2789 connata
318 2735 423 2789 excoli.

186 2813 295 2868 Postea
307 2814 493 2867 occidentales
505 2815 597 2868 locuti
611 2827 689 2875 sunt,
703 2825 733 2869 et
747 2815 895 2874 dixenmt,
908 2813 990 2883 quod
1006 2812 1101 2867 homo
1116 2828 1179 2866 non
1194 2826 1273 2867 nas*

128 2902 215 2945 catur
228 2892 360 2952 scientia,
374 2893 451 2946 sicut
467 2894 570 2954 bestia.
585 2895 637 2948 sed
650 2895 732 2964 quod
745 2905 884 2948 nascatur
897 2891 1026 2946 facultas
1038 2903 1071 2946 et
1085 2891 1270 2947 inclinatio:

130 2969 257 3022 facultas
270 2969 307 3021 ad
321 2969 485 3029 sciendum,
499 2982 530 3024 et
547 2971 701 3025 inclinatio
717 2971 754 3024 ad
771 2971 951 3031 amandum;
970 2979 1002 3024 et
1017 2969 1102 3039 quod
1118 2979 1272 3024 nascatur

129 3047 255 3102 facultas
269 3063 328 3100 non
340 3047 431 3101 modo
445 3048 481 3101 ad
495 3049 659 3110 sciendum,
670 3049 722 3103 sed
736 3050 826 3102 etiam
837 3049 875 3103 ad
892 3048 1126 3119 intelligendum
1138 3058 1171 3102 et
1183 3048 1268 3119 sapi·

128 3126 256 3188 endum;
272 3135 302 3179 et
313 3141 432 3195 quoque
442 3128 523 3196 quod
535 3139 674 3181 nascatur
684 3128 838 3181 inclinatio
850 3126 1076 3197 perietiissima.
1088 3143 1152 3182 non
1168 3128 1266 3182 modo

128 3205 167 3258 ad
183 3203 345 3257 amandum
360 3204 409 3256 illa
421 3221 497 3274 quae
511 3206 556 3258 sui
571 3217 601 3259 et
616 3207 719 3259 mundi
734 3218 812 3266 sunt,
823 3207 875 3260 sed
890 3206 982 3260 etiam
997 3206 1048 3259 illa
1060 3222 1141 3277 quae
1157 3207 1217 3262 Dei
1232 3217 1264 3261 et

127 3282 201 3337 caeli
212 3288 298 3343 sunt:
313 3286 620 3354 consequenterquod
633 3287 751 3339 bomoa
765 3285 938 3355 parentibus
949 3295 1263 3357 nascaturorganum,

128 3361 210 3431 quod
222 3361 314 3414 modo
323 3361 398 3414 vivit
409 3363 544 3417 sensibus
554 3365 692 3425 externis.
704 3375 733 3418 et
747 3365 873 3433 primxm
884 3364 973 3418 nullis
985 3365 1124 3425 internis,
1136 3375 1264 3436 propter

128 3453 248 3494 causam
262 3450 296 3492 ut
308 3441 474 3494 successive
488 3441 539 3494 fiat
553 3441 652 3502 bomo,
665 3443 791 3512 primurn
806 3442 958 3503 naturalis,
971 3453 1079 3511 postea
1092 3445 1263 3505 rationalis.

128 3528 159 3572 et
175 3518 296 3570 demum
310 3517 489 3585 spiritualis;
508 3521 589 3589 quod
606 3536 665 3574 non
683 3521 775 3580 fieret,
789 3521 812 3575 si
831 3533 1005 3575 nasceretur
1021 3521 1050 3574 in
1068 3523 1219 3579 scientias
1233 3532 1265 3578 et

127 3611 246 3650 amores
259 3596 337 3648 sicut
350 3595 478 3659 bestiae;
497 3598 641 3652 scientiae
654 3599 733 3652 enim
747 3611 778 3653 et
788 3598 964 3654 aiiestiones
978 3613 1133 3656 connatae
1148 3602 1262 3657 finiunt

129 3675 209 3729 illam
224 3675 472 3743 progressionem,
483 3687 513 3729 at
527 3675 653 3730 facultas
666 3688 696 3731 et
710 3677 864 3731 inclinatio
876 3689 1025 3732 connatae
1040 3680 1118 3733 nihil
1134 3680 1266 3745 finiunt:

127 3767 220 3823 quare
231 3751 323 3805 homo
333 3763 433 3821 potest
443 3754 543 3823 perfici
554 3755 685 3817 scientia,
698 3755 901 3828 intelligentia,
911 3767 943 3811 et
955 3758 1107 3828 sapientia
1121 3760 1155 3815 in
1166 3771 1265 3816 aeter·

130 3846 212 3885 num.

182 3907 391 3961 Merziie‘emales
405 3921 596 3979 exceperunt.
610 3921 640 3964 et
656 3911 815 3967 ediderunt
833 3929 921 3967 suum
940 3913 1085 3977 effatum:
1111 3917 1267 3980 dicentes,

128 3987 210 4058 quod
231 3986 413 4056 impossibile
431 3987 471 4041 sit
491 3988 603 4041 homini
619 4005 736 4044 sumere
755 3991 886 4061 aliquam
905 3992 1063 4048 scientiam
1085 4011 1104 4049 a
1124 4012 1168 4058 se.
1187 3997 1268 4054 “sed

129 4074 229 4120 sumet
241 4064 321 4119 illam
337 4065 375 4117 ab
390 4064 464 4123 aliis,
477 4066 618 4134 quoniam
634 4068 713 4121 nulla
729 4069 855 4123 scientia
868 4069 896 4124 ei
912 4081 1045 4125 connata
1058 4085 1125 4136 est;
1145 4087 1180 4131 et
1194 4077 1270 4147 quia

129 4158 190 4197 non
207 4152 307 4212 potest
322 4143 412 4196 ullam
429 4143 583 4196 scientiam
597 4159 712 4199 sumere
727 4161 745 4200 a
760 4163 799 4207 se,
814 4164 868 4201 nec
885 4159 986 4219 potest
999 4150 1096 4205 ullum
1112 4169 1268 4216 amorem.

129 4221 271 4291 quoniam
282 4221 333 4274 ubi
348 4236 407 4274 non
422 4220 553 4281 scientia,
565 4221 605 4274 ibi
619 4238 678 4275 non
693 4239 792 4285 amor:
811 4237 882 4279 sunt
892 4228 1019 4282 scientia
1032 4239 1063 4283 et
1077 4247 1171 4287 amor
1183 4235 1269 4289 indi·

129 4299 213 4352 vidui
224 4299 358 4359 comites,
367 4314 422 4352 nec
432 4308 558 4367 possunt
567 4301 694 4367 separari
706 4301 772 4371 plus
781 4319 870 4373 quam
879 4306 1019 4360 voluntas
1030 4317 1061 4362 et
1074 4308 1269 4376 intellectus,

129 4386 182 4430 aut
200 4375 319 4431 afletlio
338 4386 369 4431 et
387 4376 539 4446 cogitatio,
556 4377 649 4431 immo
666 4394 727 4433 non
748 4380 813 4450 plus
831 4398 920 4454 quam
938 4385 1070 4441 essentia
1091 4398 1125 4444 et
1147 4389 1273 4458 forma:
