2850 5026
153 442 215 503 140
497 439 680 490 DELICIAE
703 439 933 491 SAPIENTIAE

151 610 229 675 Hae
247 610 392 674 virtutes
411 621 447 674 et
466 610 544 674 illae
563 610 596 673 in
615 630 741 692 genere
760 610 874 674 referri
893 620 1037 693 possunt
1056 611 1101 674 ad
1120 632 1274 679 amorem

149 718 186 770 et
205 705 315 770 zelum
339 726 401 787 pro
419 704 595 787 religione,
616 725 678 788 pro
701 705 793 768 bono
816 705 963 786 publico,
983 726 1045 789 pro
1064 709 1189 787 patria,
1213 730 1275 792 pro

150 802 292 875 civibus,
316 821 377 882 pro
407 800 618 883 parentibus,
643 820 705 883 pro
735 798 892 883 conjuge,
916 812 953 865 et
976 821 1037 882 pro
1061 801 1188 867 liberis.
1235 803 1274 867 In

149 896 203 960 his
236 895 394 960 omnibus
429 896 650 958 dominantur
679 893 815 976 justitia
848 904 885 959 et
915 895 1103 977 judicium;
1138 897 1276 979 justitia

150 1001 205 1056 est
228 991 418 1074 sapientiae
441 989 592 1066 moralia,
616 999 653 1054 et
674 989 840 1075 judicium
868 1001 922 1056 est
949 992 1140 1074 sapientiae
1167 994 1274 1056 ratio·
1309 988 1318 1010 '

151 1087 251 1151 nalis.

213 1181 312 1264 165.
343 1177 445 1261 Quod
468 1177 663 1261 conjunitio
686 1181 804 1244 uxoris
822 1199 900 1243 cum
923 1181 1093 1263 sapientia
1111 1181 1276 1247 rationali

149 1277 211 1340 viri
230 1277 274 1339 sit
292 1275 336 1338 ab
354 1277 455 1350 intra,
475 1285 529 1338 est
549 1275 627 1357 quia
645 1275 731 1339 haec
752 1275 920 1357 sapientia
939 1285 993 1340 est
1013 1275 1150 1357 propria
1168 1276 1275 1341 intel·

150 1370 260 1435 lebius
282 1372 442 1446 virorum,
463 1380 499 1434 et
523 1369 658 1434 scandit
682 1371 715 1433 in
739 1370 863 1445 lucem,
887 1371 921 1434 in
944 1391 1011 1453 qua
1033 1371 1181 1435 feminae
1204 1391 1275 1437 non

149 1476 251 1545 sunt;
276 1486 363 1549 quae
378 1486 483 1529 causa
500 1475 554 1529 est
570 1467 661 1548 quod
680 1466 827 1530 feminae
847 1486 916 1530 non
936 1466 1120 1548 loquantur
1136 1487 1181 1529 ex
1202 1466 1274 1543 illa,

149 1562 212 1626 sed
241 1562 275 1625 in
305 1561 488 1625 consortiis
511 1561 670 1635 virorum,
695 1560 873 1643 inquibus
902 1561 1024 1624 similia
1046 1561 1274 1637 ventilantur,

149 1665 300 1730 taceant,
319 1665 354 1719 et
371 1655 476 1719 modo
491 1654 704 1719 auscultent:
729 1656 821 1737 quod
840 1665 957 1719 tamen
974 1676 1079 1738 usque
1095 1657 1165 1718 sint
1182 1656 1276 1739 apud

149 1771 276 1815 uxores
295 1751 338 1814 ab
355 1751 456 1824 intra,
474 1759 572 1833 patet
591 1770 636 1813 ex
652 1750 917 1824 auscultatione,
935 1751 1026 1833 quod
1043 1752 1134 1815 intus
1150 1770 1275 1832 recog-

150 1853 297 1909 noscant
320 1845 390 1922 illa‚
415 1855 451 1908 et
473 1844 612 1909 faveant
636 1845 713 1919 illis,
734 1866 821 1927 quae
844 1845 986 1909 audiunt
1009 1855 1046 1910 et
1069 1846 1275 1911 audiverant

149 1961 196 2005 ex
216 1940 356 2003 maritis.
402 1937 504 2020 Quod
527 1949 643 2002 autern
662 1937 856 2020 conjunctio
876 1941 990 2003 uxoris
1008 1959 1085 2003 cum
1104 1939 1277 2021 sapientia

148 2035 296 2098 virorum
315 2034 434 2098 morali
454 2035 498 2096 sit
514 2033 558 2096 ab
574 2045 686 2108 extra,
703 2044 758 2098 est
775 2035 853 2116 quia
868 2035 1014 2099 virtutes
1030 2034 1120 2098 illius
1135 2035 1275 2116 sapien·

150 2130 219 2194 tiae
242 2129 356 2212 quoad
386 2128 566 2210 plurimam
590 2137 724 2210 partem
748 2139 828 2192 sunt
851 2127 971 2192 affines
994 2128 1159 2192 similibus
1181 2129 1276 2211 apud

149 2227 303 2300 seminas,
318 2233 354 2289 et
370 2224 512 2288 trahunt
528 2245 574 2287 ex
590 2224 771 2288 voluntate
787 2221 1012 2288 intellectuali
1028 2225 1100 2300 viri,
1114 2243 1191 2288 cum
1206 2244 1276 2306 qua

149 2319 310 2384 voluntas
333 2320 451 2382 uxoris
473 2340 510 2382 se
530 2319 614 2392 unit,
634 2329 670 2384 et
692 2319 774 2382 lacit
794 2318 1008 2399 conjugium;
1033 2328 1068 2382 et
1087 2320 1165 2401 quia
1185 2339 1276 2383 uxor

149 2415 331 2497 cognoscit
357 2413 433 2477 illas
457 2414 545 2496 apud
568 2414 689 2489 virum,
714 2413 789 2495 plus
812 2434 914 2496 quam
937 2415 987 2477 vir
1009 2413 1085 2476 illas
1108 2414 1200 2495 apud
1223 2433 1274 2492 se,

149 2513 271 2576 dicitur
290 2511 380 2593 quod
401 2506 595 2591 conjundiio
614 2510 731 2573 uxoris
750 2527 826 2573 cum
846 2508 913 2572 illis
931 2510 975 2572 sit
994 2509 1038 2572 ab
1057 2519 1168 2571 extra.

212 2606 315 2671 16⁶.
347 2602 445 2686 (viii.)
472 2601 570 2680 Quod
578 2613 721 2684 propter
735 2603 987 2686 conjunctionem
1002 2602 1097 2666 illam
1112 2603 1273 2686 utfinene,

148 2697 251 2762 uxori
259 2698 306 2760 sit
317 2699 400 2761 data
411 2699 580 2778 perceptio
591 2697 803 2781 affetiionum
818 2697 945 2773 mariti,
959 2706 991 2760 et
1004 2718 1129 2779 quoque
1141 2718 1275 2763 summa

147 2792 329 2875 prudentia
341 2793 540 2856 moderandi
550 2791 787 2874 illan-Quod
800 2813 927 2856 uxores
940 2801 1156 2873 cognoscant
1168 2791 1273 2856 affec·

150 2890 263 2951 tiones
282 2888 481 2951 maritorum
505 2906 653 2961 suorum,
674 2898 709 2950 et
728 2887 818 2969 quod
842 2888 1027 2970 prudenter
1050 2887 1275 2952 moderentur

149 2982 238 3057 illas,
267 2991 321 3045 est
351 3002 486 3065 quoque
518 2983 608 3045 inter
637 3001 763 3045 arcana
792 2983 919 3045 amoris
952 2982 1154 3063 conjugialis
1180 2982 1274 3064 apud

150 3097 277 3139 uxores
299 3077 497 3140 recondita:
526 3084 742 3158 cognoscunt
765 3075 843 3139 illas
866 3077 974 3141 tribus
996 3077 1162 3148 sensibus,
1186 3077 1273 3152 visu,

150 3173 280 3244 auditu,
306 3180 341 3235 et
368 3168 472 3245 tablu,
493 3181 529 3235 et
552 3171 775 3234 moderantur
797 3171 874 3234 illas
898 3173 931 3234 in
954 3172 1047 3234 omni
1077 3171 1276 3252 ignorantia

150 3267 349 3330 maritorum
369 3285 515 3328 suorum.
560 3264 660 3329 Nunc
684 3267 762 3348 quia
784 3266 843 3329 illa
865 3267 955 3330 inter
977 3286 1103 3329 arcana
1126 3285 1273 3331 uxorum

150 3371 242 3436 sunt,
260 3382 327 3423 non
345 3362 446 3424 decet
462 3381 517 3424 me
532 3361 662 3442 aperire
681 3360 740 3423 illa
756 3362 869 3443 quoad
888 3361 1185 3438 circumstantias;
1203 3361 1274 3424 ‚sed

150 3457 228 3538 quia
247 3455 348 3518 decet
372 3455 463 3536 ipsas
485 3476 622 3529 uxores,
643 3455 721 3518 ideo
745 3465 932 3537 sequuntur
951 3465 1029 3535 post
1052 3455 1168 3535 capita
1187 3475 1273 3537 qua·

150 3561 229 3614 tuor
251 3549 499 3624 Memorabilia,
519 3551 553 3611 in
577 3550 697 3632 quibus
720 3551 765 3613 ab
787 3550 870 3631 ipsis
893 3551 1111 3631 aperiuntur,
1135 3549 1204 3611 duo
1227 3569 1274 3612 ex

149 3646 259 3709 tribus
289 3643 451 3706 uxoribus
480 3644 717 3708 habitantibus
746 3645 780 3706 in
810 3642 887 3707 aula
910 3664 1011 3725 super
1033 3664 1100 3725 qua
1122 3644 1196 3706 visa
1218 3657 1276 3709 est

150 3741 237 3803 sicut
261 3737 376 3821 pluvia
395 3759 497 3801 aurea
514 3740 662 3817 cadens;
687 3748 722 3803 et
741 3738 809 3801 duo
831 3759 852 3801 a
875 3749 1009 3820 septem
1029 3739 1193 3801 uxoribus
1217 3759 1273 3802 se·

150 3837 311 3899 dentibus
328 3836 362 3898 in
374 3844 511 3914 roseto;
535 3855 621 3918 quae
637 3835 666 3898 si
682 3835 853 3917 leguntur,
866 3844 1009 3917 apparet
1026 3833 1092 3898 hoc
1108 3853 1274 3900 arcanum

150 3927 336 3994 detectum.

212 4026 309 4106 167.
341 4022 419 4107 (ix.)
447 4023 543 4101 Quod
557 4044 677 4088 uxores
695 4023 781 4088 hanc
793 4023 1034 4105 perceptionem
1048 4023 1144 4103 apud
1162 4043 1199 4086 se
1216 4045 1273 4088 re·

149 4120 301 4192 condant,
318 4129 351 4181 et
367 4139 389 4182 a
404 4118 539 4182 maritis
557 4118 771 4193 abscondant,
783 4126 927 4200 propter
943 4138 1075 4192 causas,
1091 4137 1177 4200 quae
1193 4128 1277 4182 sunt

151 4213 371 4288 necessitates,
391 4223 429 4277 ut
449 4212 647 4299 conjugr'alis
669 4235 774 4288 arnor,
794 4212 943 4276 amicitia
964 4222 997 4276 et
1016 4211 1225 4296 confidentia,
1241 4222 1275 4277 et

151 4309 200 4372 sic
221 4308 391 4372 beatitudo
412 4307 677 4381 cohabitationis,
694 4318 726 4370 et
745 4306 898 4386 felicitas
921 4308 1011 4371 vitae
1031 4307 1273 4371 constabilien-

150 4404 471 4469 tur.·-Reconditio
498 4412 534 4467 et
557 4402 773 4467 absconditio
796 4403 1026 4484 perceptionis
1052 4400 1273 4468 affebiionum

627 4686 751 4720 ⁴-
