2850 5026
148 460 190 514 22
397 494 401 502 ·
493 460 678 514 Daucmu
701 461 929 514 SAPIENTIAE

148 646 156 681 ι
203 632 242 688 Et
254 632 483 703 responderunt.
495 633 587 688 “Non
601 642 702 704 potest
712 633 812 704 aliqua
819 633 917 688 virtus
929 649 998 687 cum
1011 633 1078 704 ejus
1090 633 1228 688 honestis
1239 643 1269 688 et

147 708 265 768 decoris
287 713 353 768 sisti
375 713 413 767 ad
435 713 546 774 vivum,
569 713 626 768 nisi
650 729 703 783 per
724 713 849 767 relativa
870 713 908 767 ab
931 713 1049 767 illorum
1072 714 1210 768 maximis
1232 714 1269 767 ad

149 793 288 855 minima;
306 792 468 847 histriones
483 802 708 861 repraesentant
723 792 848 846 minima
863 792 981 846 illorum
996 807 1092 862 usque
1107 793 1179 846 dum
1196 792 1271 852 fiunt

147 873 246 935 nulla:
263 873 317 927 sed
336 873 402 943 lege
417 871 566 926 sancitum
582 881 637 933 est,
651 887 688 927 ne
703 872 816 942 aliquid
837 870 977 942 oppositi,
990 872 1072 942 quod
1086 882 1212 927 vocatur
1227 873 1270 925 in·

149 952 312 1006 honestum
322 963 353 1006 et
363 952 547 1013 indecorum,
558 950 617 1006 nisi
625 951 751 1022 figurate
762 962 793 1005 et
803 952 907 1006 sicute
918 952 1084 1023 longinquo
1094 951 1271 1006 exhibeant:

147 1032 231 1102 quod
254 1032 297 1086 ita
318 1031 464 1086 sancitum
488 1032 601 1096 sit,‚est
622 1046 718 1093 causa,
738 1031 809 1101 quia
831 1047 891 1086 non
913 1031 1035 1101 aliquod
1059 1030 1221 1085 honesturn
1239 1041 1271 1085 et

149 1112 262 1166 bonum
273 1110 399 1180 alicujus
406 1111 527 1165 virtutis
535 1126 588 1180 per
595 1111 779 1165 successivas
788 1110 1127 1181 progressionestransit
1137 1111 1174 1164 ad
1186 1110 1271 1164 inho·

148 1200 269 1245 nestum
282 1201 314 1245 et
326 1190 508 1252 natumsed
522 1191 559 1244 ad
574 1191 699 1244 minima
711 1191 776 1261 ejus
789 1191 966 1261 usquedum
977 1191 1061 1260 perit,
1073 1200 1103 1244 et
1115 1206 1184 1244 cum
1195 1190 1271 1259 perit

148 1269 274 1324 inchoat
285 1271 473 1340 oppositum
491 1285 584 1339 quare
596 1270 721 1332 caelum,
735 1270 785 1324 ubi
799 1270 902 1324 omnia
914 1269 1042 1324 honesta
1055 1279 1085 1324 et
1101 1271 1181 1323 bona
1192 1279 1270 1329 sunt,

150 1349 225 1404 nihil
235 1365 395 1404 commune
403 1349 495 1426 habet
504 1365 572 1403 cum
582 1348 707 1410 interno,
717 1349 766 1403 ubi
775 1348 1271 1404 omniainhonestaetmalasunt.''

204 1431 264 1487 18.
291 1428 373 1483 Inter
387 1429 571 1499 loquendum
587 1426 718 1483 famulus
733 1429 863 1483 accurrit
878 1439 909 1483 et
928 1429 1085 1491 nuntiavit,
1100 1429 1182 1499 quod
1202 1425 1272 1482 otto

148 1508 300 1578 sapientes
321 1522 358 1563 ex
377 1509 463 1578 jussu
485 1508 627 1578 principis
647 1508 756 1569 adsint,
770 1517 801 1562 et
818 1509 914 1562 veiint
934 1509 1062 1570 intrare;
1087 1524 1148 1578 quo
1167 1508 1272 1561 audito

147 1588 274 1658 angelus
286 1587 388 1649 exivit,
401 1598 432 1642 et
445 1587 563 1658 excepit
576 1587 651 1648 illos.
666 1598 697 1642 et
710 1588 894 1642 introduxit:
912 1598 942 1641 et
957 1603 1026 1642 mox
1039 1588 1190 1656 sapientes
1203 1597 1272 1657 post

149 1666 384 1722 consociationis
396 1666 533 1721 solennia
544 1678 576 1722 et
589 1668 706 1728 decora,
720 1666 849 1736 primurn
865 1668 1066 1737 loquebantur
1078 1683 1146 1720 curn
1161 1667 1220 1721 illis
1235 1666 1272 1722 de

148 1746 315 1816 sapientiae
329 1746 421 1800 initiis
434 1756 465 1800 et
481 1746 682 1806 incrementis.
695 1746 805 1817 quibus
821 1746 1047 1801 immiscuerunt
1060 1746 1143 1800 varia
1156 1747 1194 1800 de
1207 1747 1272 1816 ejus

149 1839 299 1887 successu,
312 1836 343 1879 et
356 1826 438 1895 quod
454 1825 603 1895 sapientia
618 1826 698 1895 apud
715 1826 839 1896 angelos
853 1841 1000 1896 nusquam
1017 1825 1107 1881 finem
1121 1825 1230 1880 habeat
1242 1835 1273 1879 et

148 1904 276 1967 desinat,
290 1905 343 1959 sed
357 1905 437 1975 quod
451 1915 566 1959 crescat
579 1916 610 1958 et
622 1916 769 1975 augeatur
782 1905 811 1958 in
824 1915 989 1959 aeternum.

148 1994 157 2031 5
206 1983 263 2038 His
274 1984 386 2038 auditis
398 1985 523 2055 angelus
533 1984 667 2039 cohortis
678 1984 753 2037 dixit
767 1984 833 2044 illis,
844 1992 859 2013 ⁴·
871 1983 1013 2054 Princeps
1026 1993 1131 2038 noster
1138 1983 1176 2037 ad
1190 1998 1273 2038 men·

149 2079 214 2118 sam
228 2063 348 2117 locutus
360 2074 407 2117 est
420 2063 558 2117 cumillis
572 2063 609 2117 de
622 2062 786 2133 sapientiae
797 2064 877 2125 sede,
887 2065 969 2134 quod
982 2064 1023 2118 sit
1036 2064 1065 2117 in
1078 2080 1151 2126 usu;
1170 2063 1273 2133 loqua-

147 2143 234 2204 mini,
247 2143 272 2197 si
286 2142 391 2212 placet,
404 2159 472 2197 cum
488 2143 545 2198 illis
558 2143 649 2197 etiarn
662 2143 700 2197 de
713 2142 778 2197 eo.”

148 2258 154 2266 -
207 2222 245 2276 Et
260 2223 408 2284 dixerunt.
426 2221 555 2276 “Homo
575 2222 703 2293 primum
718 2232 845 2283 creatus,
861 2221 995 2276 imbutus
1013 2231 1060 2276 est
1078 2221 1226 2291 sapientia
1243 2231 1273 2276 et

149 2302 217 2371 ejus
229 2318 339 2364 amore,
353 2318 413 2357 non
428 2313 550 2372 propter
561 2318 602 2363 se,
613 2301 665 2356 sed
679 2312 802 2372 propter
810 2300 1113 2356 communicationem
1127 2302 1193 2372 ejus
1205 2316 1272 2354 cum

149 2382 251 2436 allisa
266 2397 315 2444 se;
335 2382 404 2436 inde
422 2382 588 2451 sapientiae
607 2381 776 2451 sapientum
797 2381 973 2450 inscriptum
993 2390 1048 2441 est,
1065 2391 1098 2434 ut
1118 2396 1178 2435 non
1194 2378 1273 2450 quis·

151 2476 241 2532 quam
260 2461 317 2516 sibi
336 2461 392 2516 soli
412 2461 509 2531 sapiat
524 2472 555 2515 et
569 2461 652 2515 vivat
672 2461 728 2515 nisi
748 2460 836 2515 simul
855 2461 937 2521 aliis:
957 2460 1026 2514 inde
1045 2460 1182 2519 societas.
1198 2448 1275 2529 quae‘

150 2540 262 2611 alioqui
283 2557 342 2595 non
363 2540 455 2603 foret:
479 2541 580 2595 vivere
599 2540 665 2594 aliis
683 2551 730 2595 est
748 2556 820 2595 usus
839 2538 951 2602 iacere;
976 2555 1047 2593 usus
1065 2549 1136 2593 sunt
1155 2538 1274 2592 vincula

151 2621 225 2690 ejus,
236 2636 313 2690 quae
325 2620 452 2674 totidem
467 2630 538 2674 sunt
548 2630 624 2690 quot
636 2635 708 2674 usus
721 2619 801 2680 boni,
812 2634 847 2672 ac
856 2634 928 2672 usus
938 2629 1009 2673 sunt
1020 2634 1144 2673 numero
1156 2617 1274 2671 infiniti.

151 2698 231 2753 Sunt
240 2715 311 2753 usus
321 2699 491 2768 spirituales
500 2698 551 2769 qui
561 2708 632 2752 sunt
641 2699 753 2753 amoris
766 2698 797 2751 in
812 2697 916 2758 Deum,
926 2707 957 2752 et
969 2697 1079 2752 amoris
1092 2713 1163 2768 erga
1176 2696 1274 2767 proxi·

152 2794 251 2840 mum:
270 2788 341 2832 sunt
359 2794 431 2833 usus
450 2778 579 2832 morales
598 2789 629 2831 et
647 2777 759 2839 civiles,
778 2777 830 2847 qui
852 2787 924 2831 sunt
942 2777 1052 2832 amoris
1070 2777 1225 2832 societatis
1243 2786 1274 2830 et

151 2856 283 2911 civitatis
298 2857 329 2910 in
344 2873 405 2928 quo
424 2856 516 2911 homo
531 2867 585 2918 est,
598 2872 633 2910 ac
648 2857 797 2910 sociorum
816 2865 847 2910 et
866 2856 977 2910 civium
996 2872 1063 2911 cum
1083 2857 1193 2927 quibus
1210 2864 1274 2917 est:

151 2946 224 2990 sunt
236 2952 308 2990 usus
322 2936 480 2997 naturales,
490 2934 541 3006 qui
555 2946 625 2990 sunt
638 2936 748 2990 amoris
762 2934 865 2988 mundi
879 2946 910 2989 et
923 2935 988 3005 ejus
1001 2936 1212 2989 necessitatum
1222 2950 1230 2997 ς
1241 2944 1275 2989 ‘et

151 3024 223 3069 sunt
235 3030 307 3069 usus
320 3015 464 3084 corporei,
476 3015 528 3086 qui
541 3023 612 3069 sunt
625 3014 735 3070 amoris
747 3015 984 3069 conservationis
996 3015 1042 3068 sui
1056 3025 1178 3085 propter
1187 3029 1275 3084 supe·

153 3094 247 3148 riores
259 3110 340 3148 usus.
377 3092 491 3149 Omnes
509 3093 541 3148 hi
561 3109 633 3148 usus
652 3093 787 3163 inscripti
800 3105 871 3148 sunt
886 3093 1009 3155 homini,
1023 3104 1053 3148 et
1066 3104 1233 3164 sequuntur
1244 3094 1274 3147 in

152 3173 267 3235 ordine,
283 3188 361 3227 unus
380 3182 450 3242 post
468 3173 604 3234 alterum,
619 3183 651 3227 et
668 3188 738 3226 cunr
756 3173 846 3226 simul
864 3183 943 3233 sunt,
960 3188 1038 3227 unus
1056 3183 1103 3227 est
1122 3173 1152 3226 in
1171 3173 1275 3228 altero.

148 3251 201 3306 Jlli
211 3251 263 3323 qui
277 3252 307 3306 in
320 3252 424 3322 primis
436 3252 540 3306 usibus
552 3261 630 3313 sunt,
640 3251 692 3322 qui
705 3262 776 3305 sunt
788 3251 966 3321 spirituales,
976 3252 1066 3306 etiam
1082 3253 1111 3305 in
1124 3251 1276 3322 sequenti*-

153 3331 209 3385 bus
221 3342 299 3392 sunt,
310 3341 341 3386 et
354 3330 384 3385 hi
398 3341 469 3386 sunt
480 3331 632 3400 sapientes
643 3347 650 3393 ς
669 3330 711 3385 illi
721 3340 821 3385 autem
832 3331 882 3401 qui
897 3347 958 3385 non
973 3331 1002 3384 in
1016 3331 1127 3400 primis,
1137 3342 1168 3385 et
1181 3346 1275 3401 usque

150 3407 183 3464 in
205 3411 345 3465 secundis
366 3421 398 3465 et
416 3410 486 3465 inde
504 3411 699 3480 sequentibus
718 3421 796 3472 sunt,
816 3426 877 3465 non
897 3410 939 3464 ita
957 3410 1107 3480 sapientes
1124 3421 1203 3470 sunt,
1222 3411 1275 3466 sed

150 3490 250 3544 solum
264 3505 300 3543 ex
311 3490 480 3544 moralitate
493 3499 524 3544 et
536 3489 681 3544 civilitate
690 3500 815 3543 externa
826 3499 973 3559 apparent
985 3490 1063 3543 sicut
1076 3490 1152 3544 sint:
1171 3490 1213 3543 illi
1224 3488 1275 3559 qui

154 3583 215 3622 non
230 3568 259 3621 in
273 3569 376 3638 primis
389 3578 420 3624 et
432 3569 574 3623 secundis
586 3578 665 3629 sunt,
679 3569 732 3623 sed
749 3569 779 3622 in
794 3569 891 3623 tertiis
907 3580 937 3623 et
952 3568 1073 3638 quartis,
1088 3568 1160 3622 nihil
1177 3569 1276 3623 minus

149 3663 243 3717 quarn
256 3648 407 3716 sapientes
420 3659 498 3708 sunt,
508 3664 576 3702 nam
587 3658 659 3702 sunt
668 3658 798 3708 satanae,
809 3659 911 3702 amant
921 3648 1000 3702 enirn
1012 3648 1109 3702 solum
1120 3649 1275 3710 mundum,

151 3737 185 3780 et
200 3742 232 3780 se
247 3742 284 3780 ex
300 3728 430 3790 mundo:
448 3737 480 3781 at
499 3727 541 3781 illi
555 3728 605 3798 qui
620 3727 712 3781 modo
732 3727 761 3780 in
777 3728 891 3797 quartis
909 3737 988 3787 sunt,
1002 3728 1136 3781 omnium
1153 3727 1276 3781 minime

153 3806 304 3875 sapientes
320 3817 399 3868 sunt,
415 3816 486 3861 sunt
504 3807 584 3861 enim
598 3806 718 3867 diaboli,
735 3806 805 3876 quia
823 3807 879 3861 sibi
897 3806 970 3860 solis
984 3806 1100 3866 vivunt.
1115 3817 1145 3859 et
1160 3806 1184 3860 si
1201 3805 1275 3868 aliis,

154 3895 200 3939 est
213 3885 300 3939 unice
314 3894 438 3955 propter
449 3902 490 3941 se.
528 3886 687 3940 Praeterea
703 3886 798 3940 cuivis
817 3885 911 3939 amori
931 3894 977 3940 est
994 3900 1082 3939 suurn
1101 3885 1275 3955 jucundum,

153 3963 229 4018 vivit
241 3964 322 4019 enim
335 3981 421 4019 amor
433 3981 487 4035 per
498 3965 564 4026 hoc,
577 3980 612 4018 ac
627 3965 792 4035 jucundum
806 3965 916 4019 amoris
929 3980 1036 4018 usuum
1049 3975 1095 4018 est
1109 3965 1275 4034 jucundum

153 4044 291 4105 caeleste,
301 4043 384 4114 quod
394 4045 550 4114 sequentia
558 4044 692 4114 jucunda
701 4044 806 4097 ordine
817 4043 915 4105 intrat,
923 4054 954 4097 et
963 4044 1127 4099 secundum
1139 4044 1275 4097 ordinem

152 4124 352 4179 successionis
362 4125 474 4179 exaltat
485 4123 542 4184 illa,
552 4139 587 4177 ac
599 4133 734 4178 aeternat
744 4122 820 4177 illa.”
859 4121 932 4177 Post
942 4123 1016 4177 haec
1026 4132 1276 4176 enumeraverunt

153 4200 277 4257 delicias
289 4203 434 4257 caelestes
449 4202 647 4272 procedentes
659 4218 696 4256 ex
708 4217 811 4256 amore
823 4217 902 4262 usus,
916 4212 947 4256 et
960 4203 1101 4255 dixerunt
1113 4202 1194 4272 quod
1214 4201 1275 4256 sint

155 4281 304 4352 myriades
314 4282 489 4354 myriadum,
500 4292 530 4336 et
540 4282 622 4351 quod
635 4281 666 4335 in
680 4281 745 4336 illas
758 4282 869 4335 intrent
880 4281 930 4351 qui
944 4281 974 4335 in
987 4281 1118 4335 caelum:
1136 4291 1168 4336 et
1181 4296 1271 4349 porro

154 4361 193 4414 de
206 4376 307 4416 amore
319 4379 392 4417 usus
405 4378 458 4431 per
470 4377 624 4416 sermones
637 4361 800 4431 sapientiae
815 4370 1025 4430 protraxerunt
1038 4361 1117 4416 diem
1131 4375 1201 4416 cum
1218 4359 1276 4413 illis

155 4457 249 4511 usque
262 4440 299 4496 ad
312 4456 477 4513 vesperam.
