2850 5026
232 443 297 524 246
578 457 760 508 narreris
784 457 1013 508 snmauvrnn

232 639 317 682 vates
326 625 514 689 divinarunt;
529 626 650 696 quidam
659 626 740 697 quod
755 625 793 680 sit
804 626 833 679 in
845 642 938 696 parvo
946 626 1103 683 tuberculo
1113 626 1193 682 inter
1201 628 1345 683 cerebrum

231 719 263 762 et
284 707 473 768 cerebellum,
492 707 573 775 quod
596 718 721 760 vocatur
741 706 885 775 glandula
908 706 1048 777 pinealis;
1075 706 1105 760 in
1127 707 1184 761 hac
1207 707 1347 762 finxenrnt

232 787 335 842 sedem
349 785 474 845 animae,
487 801 525 838 ex
537 800 633 844 causa,
647 785 717 855 quia
728 795 812 839 totus
828 784 920 840 hotho
935 785 1050 857 regitur
1060 802 1097 840 ex
1111 786 1189 841 binis
1204 787 1263 841 illis
1275 803 1346 841 cere·

231 866 300 926 bris,
314 875 345 919 et
358 863 431 918 illud
445 863 633 918 tuberculum
647 863 781 933 disponit
795 864 862 926 i11a;
882 881 973 935 quare
986 865 1068 934 quod
1085 865 1220 935 disponit
1235 868 1348 920 cerebra

231 945 269 999 ad
283 953 397 1005 nutum,
408 941 467 997 hoc
478 943 569 997 ctiam
584 943 718 1012 disponit
730 954 830 998 totum
844 943 997 997 hominem
1011 961 1029 997 a
1040 944 1139 1014 capite
1154 945 1192 998 ad
1206 945 1317 999 calcem
1326 944 1348 998 :⁶⁹

230 1033 262 1077 et
277 1022 362 1083 dixit,
378 1029 394 1051 ‘⁸
406 1021 474 1077 Hoc
493 1021 563 1075 inde
582 1021 659 1076 sicut
673 1038 776 1076 verum
793 1032 845 1076 aut
860 1023 1031 1077 verosimile
1049 1023 1188 1093 apparuit
1204 1024 1308 1078 multis
1321 1025 1347 1078 in

231 1102 353 1165 mundo,
367 1101 419 1156 sed
434 1110 502 1170 post
515 1101 666 1155 saeculum
681 1101 739 1155 hoc
752 1111 786 1155 ut
799 1100 975 1172 figmentum
990 1113 1035 1156 est
1049 1101 1222 1172 rejectum?

285 1179 449 1251 Postquam
469 1179 542 1235 haec
563 1180 687 1241 dixerat,
703 1180 786 1234 exuit
804 1191 916 1252 togam,
935 1181 1066 1235 tunicam
1086 1192 1117 1236 et
1136 1181 1259 1252 pileum,
1277 1198 1349 1252 quae

231 1259 379 1315 secundus
389 1252 426 1314 ex
436 1257 538 1314 elediis
548 1259 716 1329 assumpsit,
727 1275 762 1314 ac
772 1260 894 1313 intravit
904 1260 1086 1315 cathedram.
1120 1260 1221 1331 Hujus
1235 1263 1348 1315 enunti-

230 1350 314 1394 atum
330 1339 368 1393 de
382 1338 481 1392 anima
495 1348 566 1399 erat,
580 1338 661 1408 quod
678 1338 707 1392 in
723 1338 863 1394 universo
878 1341 961 1393 caelo
979 1351 1010 1394 et
1030 1339 1059 1393 ln
1079 1341 1221 1395 universo
1241 1341 1349 1395 mundo

231 1417 461 1488 nesciaturquid
475 1418 575 1472 anima
587 1427 618 1471 et
630 1418 726 1488 qualis
740 1417 804 1481 illa;
821 1419 902 1472 “hoc
915 1418 1016 1479 scitur,
1026 1419 1107 1489 quod
1121 1419 1170 1482 sit,
1183 1430 1215 1473 et
1228 1421 1309 1489 quod
1322 1420 1348 1472 in

231 1496 353 1550 homine
368 1497 415 1558 sit,
431 1497 484 1551 sed
500 1496 559 1557 ubi,
575 1497 741 1559 divinatum
760 1496 818 1551 hoc
837 1508 952 1551 certum
968 1508 1022 1558 est,
1039 1498 1119 1568 quod
1136 1498 1176 1552 sit
1197 1499 1227 1552 in
1246 1500 1348 1569 capite,

230 1575 371 1645 quoniam
383 1573 552 1641 intelledtus
563 1575 602 1628 ibi
613 1575 735 1645 cogitat,
746 1585 777 1630 et
786 1576 926 1631 voluntas
937 1577 977 1630 ibi
991 1577 1130 1637 intendit,
1141 1587 1173 1631 et
1182 1588 1347 1632 antrorsum

230 1654 260 1708 in
274 1654 381 1724 capitis
393 1653 467 1708 lacie
480 1665 551 1708 sunt
563 1655 696 1725 quinque
710 1654 841 1710 hominis
853 1656 1001 1718 sensoria;
1021 1657 1067 1711 his
1080 1667 1111 1711 et
1124 1657 1182 1711 illis
1195 1673 1257 1711 non
1270 1657 1346 1711 aliud

230 1733 282 1787 dat
294 1734 387 1787 vitam
401 1750 490 1804 quam
504 1733 604 1788 anima
616 1750 691 1804 quae
706 1734 786 1787 intus
803 1734 832 1787 in
845 1735 943 1805 capite
960 1735 1084 1796 residet;
1103 1745 1135 1789 at
1148 1735 1271 1790 ubinam
1285 1735 1348 1806 ejus

229 1812 312 1866 curia
324 1823 370 1867 est
384 1813 432 1873 ibi,
447 1829 507 1866 non
521 1813 616 1867 ausim
629 1813 721 1874 ellari,
734 1815 787 1867 sed
803 1814 941 1868 consensi
955 1831 1023 1868 cum
1040 1814 1098 1870 illis
1110 1815 1161 1885 qui
1178 1814 1205 1869 ei
1219 1816 1347 1886 assigna-

229 1901 300 1945 runt
312 1892 415 1946 sedern
428 1892 458 1945 in
471 1891 567 1946 tribus
577 1891 751 1946 ventriculis
761 1892 881 1953 cerebri,
892 1909 972 1946 nunc
985 1909 1053 1946 cum
1068 1893 1185 1964 illisqui
1200 1894 1231 1949 in
1244 1910 1347 1964 corpo-

229 1970 310 2024 ribus
319 1971 431 2025 striatis
442 1970 490 2032 ibi,
502 1987 581 2024 nunc
591 1987 658 2024 cum
673 1970 792 2041 illisqui
806 1971 835 2024 in
849 1973 1016 2026 substantia
1026 1973 1182 2026 medullari
1194 1974 1347 2044 utriusque

229 2050 350 2112 cerebri,
364 2066 444 2105 nunc
456 2065 525 2104 curn
539 2050 597 2104 illis
609 2049 659 2120 qui
674 2050 704 2102 in
718 2050 885 2104 substantia
897 2051 1038 2111 corticali,
1054 2068 1133 2105 nunc
1145 2067 1214 2106 cum
1229 2053 1345 2123 illisqui

229 2128 259 2182 in
276 2129 350 2184 dura
365 2140 475 2191 matre;
495 2129 650 2182 nonenim
668 2128 828 2183 deluerunt
847 2129 952 2183 calculi
969 2129 1047 2184 sicut
1061 2130 1120 2184 albi
1140 2147 1178 2185 ex
1192 2131 1346 2185 confirma·

227 2208 360 2262 tionibus
368 2211 427 2279 ‘pro
442 2209 607 2278 unaquavis
619 2208 699 2263 sede.
736 2207 850 2263 Calculi
865 2224 918 2279 pro
931 2209 1026 2263 tribus
1039 2210 1213 2265 ventriculis
1226 2211 1256 2264 in
1269 2226 1346 2265 cere·
1388 2208 1395 2215 '

227 2288 282 2342 bro
296 2286 424 2350 luerunt,
437 2288 518 2359 quod
533 2288 575 2341 illi
589 2287 650 2341 sint
663 2288 850 2357 receptacula
865 2288 1022 2357 spirituum
1036 2289 1209 2342 animalium
1227 2300 1259 2345 et
1274 2290 1345 2360 lym-

228 2366 351 2437 pharum
362 2367 497 2421 omnium
506 2367 617 2421 cerebri
629 2383 635 2420 :
647 2366 752 2420 calculi
764 2382 817 2437 pro
826 2368 1000 2436 corporibus
1006 2367 1118 2422 striatis
1129 2366 1258 2430 luerunt,
1267 2368 1344 2440 quod

226 2446 301 2500 haec
309 2445 420 2500 iaciant
431 2446 591 2500 medullam
603 2462 750 2516 perquam
761 2457 872 2500 exeunt
883 2445 974 2506 nervi,
985 2457 1015 2500 et
1026 2462 1177 2517 perquam
1186 2459 1344 2518 utrumque

225 2525 380 2577 cerebrum
393 2524 587 2577 continuatur
600 2524 629 2576 in
643 2524 768 2593 spinam,
782 2534 813 2578 et
826 2541 862 2577 ex
876 2523 931 2577 hac
944 2534 975 2577 et
988 2540 1025 2577 ex
1038 2524 1089 2578 illa
1100 2536 1243 2579 emanant
1256 2525 1344 2580 librae

225 2603 385 2673 exquibus
404 2612 502 2656 totum
516 2619 625 2672 corpus
638 2613 812 2657 contextum
826 2613 888 2656 est:
906 2603 1013 2657 calculi
1034 2620 1087 2673 pro
1106 2604 1273 2658 substantia
1286 2620 1343 2658 mc·

226 2682 333 2735 dullari
347 2682 502 2751 utriusque
515 2683 629 2735 cerebri
643 2682 771 2741 luerunt,
785 2682 866 2751 quod
881 2682 930 2735 illa
943 2682 981 2736 sit
995 2681 1133 2737 colletlio
1146 2694 1177 2736 et
1190 2683 1343 2754 congeries

224 2760 360 2815 omnium
372 2760 519 2821 librarum,
529 2777 605 2831 quac
618 2772 688 2815 sunt
702 2760 891 2815 initiamenta
899 2761 993 2815 totius
1007 2760 1154 2815 hominis:
1172 2762 1278 2816 calculi
1292 2778 1343 2833 pro

225 2839 392 2894 substantia
410 2839 543 2893 corticali
564 2840 692 2901 luerunt,
708 2841 788 2909 quod
809 2840 847 2893 ibi
868 2840 929 2894 sint
948 2839 1022 2893 lines
1039 2840 1125 2910 primi
1144 2850 1176 2895 et
1195 2841 1301 2902 ultimi,
1314 2852 1342 2895 et

226 2918 295 2972 inde
310 2918 454 2989 principia
462 2907 597 2972 omnium
609 2919 757 2979 fibrarum,
768 2929 798 2972 et
811 2918 854 2973 sic
867 2935 1009 2974 sensuum
1022 2929 1052 2973 et
1067 2929 1222 2974 motuum:
1239 2920 1341 2974 calculi

225 3013 280 3068 pro
296 2999 372 3051 dura
390 3007 485 3052 matre
504 2997 631 3060 luerunt,
645 2998 726 3068 quod
748 2998 797 3052 illa
815 2999 854 3052 sit
873 3009 1081 3068 tegumentum
1098 3014 1258 3053 commune
1273 3000 1342 3052 utri·

226 3092 321 3146 usque
337 3077 457 3138 cerebri,
473 3086 504 3130 et
520 3077 589 3131 inde
608 3093 661 3146 per
675 3077 826 3147 quoddam
846 3077 1023 3131 continuum
1043 3078 1187 3131 extendat
1205 3094 1238 3132 se
1256 3093 1342 3148 super

224 3173 277 3210 cor
291 3167 321 3210 et
340 3171 431 3225 super
443 3156 557 3210 viscera
575 3156 717 3226 corporis.
754 3154 843 3227 Quod
864 3172 911 3210 me
926 3156 1043 3216 attinet,
1059 3173 1119 3211 non
1136 3158 1264 3211 arbitror
1279 3158 1341 3227 plus

224 3237 262 3289 de
275 3251 336 3289 uno
348 3251 439 3306 quam
453 3236 491 3290 de
504 3236 614 3290 altero:
632 3251 694 3297 vos,
708 3250 829 3304 quaeso,
843 3234 1027 3289 arbitramini
1043 3245 1074 3290 et
1087 3236 1189 3306 eligite
1202 3237 1275 3307 quid
1291 3250 1341 3306 po-

224 3315 312 3369 tius.''

279 3392 335 3447 His
349 3391 437 3448 dictis
449 3394 618 3448 ecathedra
629 3394 791 3455 descendit,
801 3404 832 3446 et
845 3393 969 3447 tradidit
980 3393 1071 3448 tertio
1081 3393 1222 3455 tunicam,
1233 3404 1340 3465 tofflm,

223 3484 254 3528 et
270 3474 389 3543 pileum,
405 3473 454 3543 qui
475 3474 621 3527 scandens
641 3473 814 3527 cathedram
834 3472 951 3526 locutus
970 3483 1016 3527 cst
1036 3473 1125 3527 haec:
1144 3471 1251 3544 “Quid
1271 3472 1340 3527 mihi

223 3552 323 3622 juveni
337 3568 405 3605 cum
416 3563 477 3605 tam
491 3553 610 3607 sublimi
624 3551 830 3607 theoremate?
868 3551 1004 3615 Provoco
1013 3553 1050 3604 ad
1061 3552 1195 3606 eruditos
1204 3553 1341 3607 sedentes

224 3630 273 3685 hic
288 3632 326 3684 ad
341 3632 440 3692 latera,
456 3648 586 3701 provoco
599 3633 636 3685 ad
650 3631 800 3702 sapientes
812 3647 867 3684 vos
887 3631 916 3684 in
932 3631 1093 3690 orchestra,
1108 3631 1199 3685 immo
1213 3647 1341 3701 provoco

224 3711 262 3763 ad
276 3711 406 3780 supremi
419 3712 493 3765 caeli
507 3712 637 3781 angelos,
649 3727 719 3764 num
731 3711 889 3781 quisquam
902 3724 940 3763 ex
952 3725 1006 3763 sua
1016 3709 1153 3763 rationali
1166 3710 1233 3765 luce
1244 3720 1341 3780 potest

223 3789 355 3859 aliquam
374 3790 412 3843 dc
430 3790 529 3843 anima
552 3791 648 3844 ideam
668 3790 723 3844 sibi
743 3805 875 3844 sumere:
893 3800 925 3843 at
943 3789 981 3842 de
996 3789 1067 3842 sede
1087 3790 1151 3858 ejus
1172 3789 1201 3843 in
1221 3790 1341 3844 homine

225 3885 346 3938 possum
363 3885 420 3938 ego
435 3869 512 3922 sicut
527 3869 576 3922 alii
593 3869 763 3929 vaticinari;
787 3880 818 3922 et
833 3868 980 3922 vaticinor
995 3870 1076 3938 quod
1095 3869 1135 3921 sit
1157 3867 1187 3921 in
1203 3870 1295 3923 corde
1312 3878 1341 3922 et

225 3949 294 4002 inde
308 3948 337 4001 in
348 3948 507 4018 sanguine:
526 3958 557 4002 et
569 3949 627 4002 hoc
638 3963 736 4001 meum
746 3948 919 4002 vaticinium
931 3958 984 4007 est,
993 3948 1063 4016 quia
1072 3963 1125 4002 cor
1133 3948 1279 4018 sanguine
1288 3964 1341 4002 suo

224 4028 301 4098 regit
316 4038 347 4082 et
361 4043 469 4096 corpus
485 4037 516 4081 et
530 4037 637 4097 caput;
655 4027 768 4080 emittit
782 4027 862 4082 enirn
879 4042 1019 4097 magnum
1036 4043 1088 4082 vas
1103 4034 1188 4080 aorta
1203 4037 1339 4082 vocatum

225 4108 254 4161 in
268 4107 438 4161 universum
452 4122 568 4177 corpus,
582 4122 617 4159 ac
629 4105 741 4159 emittit
753 4122 824 4160 vasa
839 4107 987 4160 carotides
1003 4117 1109 4160 vocata
1125 4107 1154 4160 in
1170 4107 1339 4162 universum

223 4196 329 4256 caput:
349 4186 418 4239 inde
431 4185 605 4239 universalis
617 4200 781 4238 consensus
794 4194 848 4246 est,
859 4186 937 4255 quod
952 4185 1051 4239 anima
1063 4201 1100 4240 ex
1112 4186 1204 4240 corde
1214 4202 1268 4257 per
1276 4201 1340 4240 san·

223 4268 345 4335 guinem
358 4275 516 4327 sustentet,
527 4265 648 4325 nutriat,
658 4264 789 4318 vivificet
801 4265 972 4319 universum
983 4275 1112 4336 systema
1124 4266 1297 4336 organicum
1311 4275 1340 4320 et

223 4345 357 4414 corporis
367 4355 397 4399 et
407 4344 527 4415 capitis:
545 4346 582 4398 ad
597 4343 686 4397 fidem
696 4343 785 4413 hujus
795 4343 966 4398 assertionis
976 4345 1099 4407 accedit,
1110 4345 1191 4415 quod
1202 4345 1232 4400 in
1244 4344 1339 4415 Scrip-

224 4433 289 4478 tura
305 4423 395 4479 Sacra
406 4424 497 4479 toties
510 4423 626 4478 dicatur
639 4422 764 4476 ‘Anima
776 4433 806 4476 et
820 4421 902 4486 C0r;’
918 4434 951 4478 ut

621 4654 802 4728 A
