2782 5026
416 454 465 505 οε
487 452 621 505 anona
643 452 962 520 munerun-N.
986 441 1054 505 188.
1142 519 1145 525 ,
1227 455 1289 527 157

163 624 383 690 mutationes
401 634 523 702 status,
543 647 635 709 quae
645 626 833 690 succedunt
852 627 941 709 apud
960 626 1055 691 illum
1074 636 1110 692 et
1132 625 1226 692 illam
1244 628 1289 694 ab

163 729 279 783 aetate
299 719 450 784 infantili
469 720 513 783 ad
532 731 712 795 maturam,
734 721 802 784 sint
821 723 865 785 ad
885 722 1127 804 integrandum
1151 724 1287 799 formas,

166 811 440 878 intellectualem
463 816 553 896 apud
579 816 681 889 viros,
705 824 741 878 et
765 815 992 879 voluntariam
1017 817 1106 899 apud
1132 817 1287 893 seminas,

166 909 339 991 sequitur;
363 909 442 972 inde
458 908 551 984 cluit,
566 909 657 992 quod
673 908 759 973 aliae
773 896 982 974 mutationes
998 913 1066 974 sint
1082 913 1216 996 apud
1185 933 1287 988 vrroS,

165 1013 201 1067 et
226 1004 317 1067 aliae
346 1004 437 1086 apud
459 1004 622 1082 feminas3
652 1005 742 1087 apud
773 1015 935 1087 utrosque
958 1014 1073 1067 tamen
1097 1006 1289 1085 integratur

164 1099 274 1162 forma
293 1109 441 1163 externa
459 1120 546 1182 quae
565 1110 619 1162 est
638 1100 790 1182 corporis
813 1100 1000 1163 secundum
1023 1100 1288 1180 integrationem

167 1193 296 1257 formae
315 1195 482 1268 internae,
500 1215 586 1277 quae
605 1205 659 1260 est
675 1195 822 1270 mentis;
846 1196 919 1275 agit
936 1195 1025 1257 enim
1043 1214 1139 1256 mens
1159 1194 1192 1256 in
1211 1213 1287 1257 cor·

165 1307 239 1369 pus,
264 1298 301 1352 et
331 1308 401 1351 non
429 1290 596 1366 vicissim
626 1309 713 1371 quae
741 1308 845 1352 causa
874 1297 938 1362 est,
963 1289 1053 1371 quod
1082 1288 1230 1351 infantes
1253 1290 1287 1351 in

165 1382 265 1447 caelo
287 1382 372 1446 fiant
395 1383 551 1447 homines
574 1394 728 1448 staturae
750 1393 788 1460 et
810 1385 945 1448 decoris
967 1383 1153 1448 secundum
1176 1385 1286 1448 incre·

166 1486 285 1540 menta
307 1477 559 1560 intelligentiae
588 1480 678 1561 apud
708 1478 796 1554 illos,
820 1479 920 1542 aliter
942 1499 1045 1562 quarn
1074 1470 1223 1542 infantes
1252 1480 1286 1541 in

166 1575 275 1646 terris,
295 1575 373 1656 quia
395 1573 430 1636 hi
452 1593 594 1655 corpore
617 1572 797 1647 materiali,
817 1575 905 1638 sicut
927 1573 1098 1648 animalia,
1119 1582 1199 1636 sunt
1221 1574 1286 1636 cir·

167 1668 375 1744 cuminduti3
404 1668 612 1731 conveniunt
637 1677 753 1730 tamen
776 1669 810 1730 in
834 1689 886 1743 eo,
910 1668 1001 1751 quod
1025 1669 1170 1750 primum
1193 1687 1286 1730 cres·

166 1772 246 1826 cant
275 1761 499 1825 inclinatione
528 1762 573 1824 ad
603 1762 687 1825 talia
716 1782 803 1844 quae
833 1762 1101 1826 adblandiuntur
1130 1763 1285 1826 sensibus

168 1859 317 1938 corporis
349 1856 495 1932 illorum,
527 1867 563 1920 et
596 1866 716 1938 postea
749 1858 963 1940 pedetentim
999 1857 1043 1920 ad
1079 1856 1162 1921 talia
1198 1879 1285 1940 quae

167 1950 317 2015 afficiunt
336 1972 475 2015 sensum
494 1954 664 2015 internum
681 1953 920 2032 cogitativum,
937 1962 972 2015 et
990 1973 1010 2015 a
1028 1953 1136 2034 gradu
1155 1953 1188 2014 in
1205 1973 1284 2033 gra·

168 2045 243 2109 dum
263 2046 308 2108 ad
328 2046 412 2110 talia
427 2067 514 2128 quae
529 2046 745 2110 voluntatem
763 2048 917 2110 imbuunt
934 2044 1133 2126 affediione;
1157 2057 1284 2110 etcum

168 2151 261 2204 aetas
286 2141 321 2204 in
345 2142 437 2204 bivio
459 2151 512 2204 est
536 2142 625 2204 inter
644 2151 813 2205 maturam
835 2151 871 2205 et
895 2143 1123 2216 immaturam,
1147 2143 1284 2206 accedit

168 2235 342 2299 inclinatio
373 2235 592 2317 conjugialis;
622 2256 708 2318 quae
731 2244 785 2299 est
813 2237 952 2317 virginis
981 2237 1025 2298 ad
1051 2235 1221 2317 juvenem,
1246 2247 1283 2300 et

166 2327 291 2407 juvenis
310 2330 354 2392 ad
370 2331 557 2410 virginem
581 2340 616 2393 et
632 2331 709 2413 quia
725 2331 874 2412 virgines
892 2332 926 2393 in
946 2330 1050 2394 caelis
1066 2352 1174 2413 aeque
1193 2341 1229 2394 ut
1249 2332 1282 2394 in

169 2427 272 2499 terris,
293 2445 340 2488 ex
364 2425 483 2490 innata
501 2426 681 2507 prudentia
704 2425 944 2489 inclinationes
963 2446 1040 2488 suas
1059 2426 1103 2489 ad
1125 2426 1283 2508 conjugia

169 2518 288 2594 celant,
306 2518 450 2599 juvenes
473 2520 518 2582 ibi
540 2539 602 2584 nec
623 2521 735 2583 sciunt
754 2518 855 2583 aliter
873 2540 973 2603 quam
993 2520 1084 2603 quod
1106 2520 1154 2584 illi
1177 2521 1282 2585 affici-

168 2613 254 2677 ciant
278 2615 431 2694 virgines
454 2633 580 2687 amore,
600 2624 636 2676 et
660 2614 724 2676 hoc
748 2635 882 2697 quoque
905 2626 1048 2698 apparet
1071 2615 1138 2680 illis
1161 2636 1206 2678 ex
1229 2617 1281 2679 in·

165 2706 328 2771 citatione
339 2707 526 2770 masculina
538 2728 545 2782 ;
563 2707 623 2770 sed
636 2707 720 2771 haec
731 2709 797 2771 illis
807 2711 912 2772 etiam
924 2720 977 2773 est
988 2732 1032 2775 ex
1046 2710 1173 2774 influxu
1184 2730 1281 2774 amo·

162 2801 199 2864 ris
216 2824 236 2866 e
255 2823 345 2865 sexu
362 2801 514 2883 pulchro,
528 2802 570 2864 de
586 2822 653 2884 quo
669 2802 797 2866 influxu
813 2805 893 2868 alibi
909 2825 953 2867 ex
970 2806 1122 2887 professo
1139 2807 1280 2869 dicetur.

157 2887 210 2961 Ex
248 2897 306 2959 his
339 2905 478 2960 constat
508 2897 635 2959 veritas
667 2899 921 2979 propositionis,
950 2900 1040 2982 quod
1071 2902 1281 2964 mutationes

151 2999 272 3057 status
297 2989 385 3054 aliae
408 2992 477 3055 sint
499 2991 591 3073 apud
614 2992 715 3067 viros,
740 3003 776 3056 et
799 2994 886 3057 aliae
909 2995 998 3076 apud
1022 2995 1174 3071 seminas,
1195 3016 1280 3078 quo·

146 3086 250 3152 niam
271 3086 335 3149 viri
352 3106 373 3149 a
391 3087 566 3149 creatione
585 3095 665 3150 sunt
683 3087 812 3151 formae
831 3090 1004 3163 scientiae,
1025 3089 1279 3171 intelligentiae

141 3189 184 3245 et
222 3180 433 3263 sapientiae,
463 3191 501 3245 et
532 3180 678 3245 feminae
711 3182 839 3246 formae
868 3185 993 3246 amoris
1027 3183 1160 3248 illarum
1189 3187 1279 3268 apud

136 3276 259 3342 viros.

214 3367 322 3434 188.
347 3367 420 3453 (iv.)
446 3368 544 3448 Quod
554 3368 650 3450 apud
660 3369 751 3434 viros
767 3369 817 3434 sit
830 3370 967 3435 elevatio
982 3372 1101 3436 mentis
1124 3374 1159 3436 in
1181 3383 1279 3455 supe·

131 3467 283 3531 'torem
305 3463 417 3539 lucem,
436 3474 468 3527 ct
488 3465 579 3547 quod
596 3465 694 3546 apud
702 3465 855 3546 seminas
876 3466 924 3530 sit
944 3465 1081 3530 elevatio
1103 3469 1221 3531 mentis
1244 3469 1278 3531 in

127 3559 363 3644 superiorem
389 3558 551 3634 calorem,·
582 3570 616 3622 et
643 3561 734 3642 quod
749 3560 882 3641 femina
908 3562 1032 3624 sentiat
1060 3562 1196 3626 delicias
1224 3564 1282 3626 sui

126 3654 280 3720 caloris
304 3653 340 3716 in
367 3653 435 3717 luce
459 3654 647 3719 viri-Per
676 3655 796 3731 lucem,
820 3658 854 3719 in
881 3676 982 3739 quam
1005 3656 1182 3720 elevantur
1205 3659 1276 3732 viri,

126 3737 361 3830 ¹¹ttelligitur
384 3748 613 3829 intelligentia
635 3759 670 3813 et
693 3752 870 3831 sapientia,
890 3752 968 3834 quia
997 3751 1057 3814 lux
1080 3752 1275 3833 spiritualis,

125 3853 239 3922 quae
260 3844 417 3925 procedit
436 3843 543 3906 esole
563 3845 679 3907 mundi
703 3845 896 3926 spiritualis,
917 3846 973 3928 qui
995 3848 1029 3908 in
1048 3867 1108 3910 sua
1126 3847 1278 3909 essentia

126 3949 201 4003 est
223 3957 337 4012 amor,
356 3957 500 4019 aequum
519 3958 578 4000 seu
598 3957 700 4001 unum
719 3941 791 4020 agit
811 3959 887 4003 curn
904 3941 1035 4003 duabus
1054 3940 1138 4018 illis;
1163 3951 1198 4004 et
1217 3960 1277 4021 per

126 4032 344 4105 calorem,
336 4052 368 4094 rn
384 4050 484 4114 quem
500 4031 644 4096 feminae
661 4033 847 4110 elevantur,
864 4035 1065 4116 intelligitur
1081 4056 1176 4099 amor
1192 4056 1275 4099 con·

123 4115 300 4211 iugialis,
321 4128 399 4209 quia
414 4126 507 4190 calor
525 4127 718 4208 spiritualis,
737 4129 793 4211 qui
812 4131 967 4211 procedit
986 4131 1029 4192 ab
1047 4130 1136 4193 illius
1159 4132 1275 4193 mundi

129 4223 268 4297 sole,
259 4241 295 4286 tn
311 4241 372 4285 sua
390 4222 540 4286 essentia
558 4233 611 4286 est
630 4242 734 4298 amor,
755 4233 790 4287 et
808 4225 899 4305 apud
918 4225 1058 4288 seminas
1077 4244 1172 4287 amor
1190 4245 1274 4288 con·

122 4305 299 4398 iungens
322 4335 360 4379 se
384 4334 461 4378 cum
483 4315 714 4397 intelligentia
736 4326 771 4382 et
794 4320 961 4400 sapientia
984 4319 1074 4400 apud
1097 4321 1197 4395 viros,
1217 4321 1274 4404 qui

133 4401 189 4472 in
209 4431 272 4477 suo
295 4408 482 4491 complexu
504 4421 646 4476 vocatur
667 4432 763 4478 amor
784 4414 993 4499 coniugialis,
1014 4426 1049 4481 et
1076 4435 1136 4499 per
1158 4416 1273 4481 deter-
