2782 5026
359 108 409 160 oa
432 107 569 160 anona
591 108 951 162 scoararomo-n.
973 112 1045 180 5²3·
1196 115 1260 185 399

619 472 803 560 [xxan

136 682 194 746 Dc
218 683 492 751 Innurnrrona
513 698 730 763 urnrusoun
753 699 910 762 auorns,
931 699 1189 753 sconraronn
1211 701 1260 752 nr

566 785 828 860 coeruorn'ms

135 979 232 1047 523.
263 938 356 1029 Dicit
375 964 555 1043 Dominus,

314 1099 399 1149 “Non
411 1099 538 1163 judicate,
554 1115 589 1150 ne
601 1101 822 1151 condemnemini
830 1101 845 1121 ”
856 1101 965 1164 (Matar
978 1103 1022 1153 vii.
1038 1102 1079 1166 1);

134 1251 195 1313 per
217 1232 312 1315 quod
335 1233 534 1297 nullatenus
553 1243 670 1315 potest
693 1234 844 1317 intelligi
864 1233 1031 1316 judicatio
1055 1235 1097 1299 de
1121 1233 1261 1317 alicujus

134 1328 207 1390 vita
226 1328 346 1391 morali
368 1339 404 1392 et
428 1328 518 1392 civili
541 1330 575 1392 in
599 1330 754 1408 mundo;
784 1331 845 1392 sed
865 1330 1030 1411 judicatio
1051 1332 1093 1393 de
1118 1329 1259 1410 alicujus

135 1424 210 1486 vita
232 1423 397 1506 spirituali
424 1434 461 1487 et
488 1424 639 1487 caelesti.
688 1423 773 1505 Quis
804 1444 871 1490 non
896 1426 1001 1500 videt,
1026 1425 1117 1507 quod
1140 1427 1167 1488 si
1191 1447 1259 1490 non

136 1517 256 1580 liceret
282 1517 435 1599 judicare
466 1519 509 1581 de
537 1521 610 1582 vita
640 1519 760 1583 morali
784 1519 1055 1584 cohabitantium
1079 1539 1194 1583 secum
1225 1521 1259 1582 in

134 1614 273 1687 mundo,
287 1614 426 1677 caderet
443 1614 615 1677 societas?
660 1612 750 1696 Quid
767 1614 856 1677 soret
872 1615 1030 1689 societas,
1044 1615 1072 1676 si
1088 1634 1156 1678 non
1170 1613 1260 1695 judi·

130 1709 185 1770 cia
204 1692 349 1789 publica,
367 1717 402 1772 et
421 1709 449 1770 si
468 1728 537 1772 non
555 1709 660 1772 cuivis
676 1728 773 1771 suum
788 1708 950 1790 judicium
969 1709 1013 1772 de
1031 1708 1163 1772 altero?
1207 1708 1259 1773 At

128 1800 282 1883 judicare
300 1802 436 1884 qualis
427 1804 568 1866 rnterior
584 1823 681 1866 mens
701 1814 760 1866 aut
776 1805 890 1866 anima
908 1804 1010 1878 inest,
1030 1805 1079 1866 ita
1097 1802 1257 1885 qualis
1226 1824 1258 1868 er

130 1905 246 1959 status
264 1896 460 1977 spiritualis,
480 1907 516 1960 et
539 1898 618 1961 inde
642 1918 716 1961 sors
739 1908 817 1979 post
837 1908 996 1973 mortem,
1018 1899 1060 1961 de
1083 1897 1160 1973 hoc,
1181 1899 1260 1980 quia

131 1991 196 2054 soli
215 1991 365 2054 Domino
381 2001 501 2055 notum
518 2002 584 2067 est,
598 2012 667 2056 non
684 1993 766 2056 licet
778 1992 950 2073 judicare;
974 1992 1039 2056 hoc
1055 2012 1118 2055 nec
1136 1993 1257 2057 Domi·
1344 2072 1352 2082 ,

131 2105 194 2148 nus
214 2086 346 2149 revelat
365 2087 428 2150 nisi
448 2107 549 2168 quam
568 2097 649 2168 post
668 2088 811 2162 obitum,
832 2087 878 2150 ob
896 2107 1034 2150 causam
1054 2097 1091 2152 ut
1114 2089 1257 2170 quisque

129 2200 176 2242 ex
194 2180 302 2243 libero
318 2190 402 2262 agat
417 2182 508 2263 quod
528 2183 613 2263 agit,
628 2191 664 2245 et
684 2201 744 2262 per
762 2181 828 2244 hoc
849 2191 886 2244 ut
905 2182 1033 2244 bonum
1050 2190 1108 2245 aut
1128 2183 1255 2247 malurn

129 2276 174 2338 sit
193 2274 313 2338 abillo
331 2286 368 2339 et
387 2276 434 2339 sic
454 2277 486 2338 in
506 2276 578 2351 illo,
595 2286 631 2340 et
651 2277 730 2339 inde
747 2277 840 2340 vivat
857 2277 921 2338 sibi
939 2287 975 2339 et
993 2297 1073 2339 suus
1092 2278 1126 2339 in
1142 2288 1256 2341 aeter·

130 2390 222 2433 num.
268 2369 370 2451 Quod
386 2372 548 2434 interiora
563 2373 690 2434 mentis
706 2373 738 2434 in
756 2372 888 2434 mundo
904 2372 1084 2435 recondita
1100 2373 1256 2436 revelen-

129 2476 184 2528 tur
203 2476 283 2548 post
303 2477 461 2542 mortem,
482 2477 536 2530 est
555 2467 718 2550 quiahoc
738 2467 882 2530 interest
906 2476 941 2531 et
964 2468 1126 2530 conducit
1144 2469 1254 2533 socie·

128 2562 261 2624 tatibus
291 2563 324 2624 in
355 2582 438 2645 quas
469 2573 550 2626 tunc
575 2562 680 2626 homo
702 2563 809 2636 venit,
834 2571 914 2625 sunt
944 2563 1035 2626 enirn
1059 2582 1179 2626 omnes
1209 2565 1255 2628 ibi

128 2656 334 2737 spirituales.
380 2655 481 2738 Quod
495 2667 576 2721 tunc
590 2657 648 2720 illa
660 2656 866 2732 revelentur,
881 2666 980 2739 patet
992 2678 1038 2720 ex
1050 2656 1102 2720 his
1116 2657 1254 2722 Domini

127 2752 255 2828 verbis,

179 2886 277 2937 “Nihil
289 2887 452 2938 occultatum
462 2896 511 2947 est,
522 2889 594 2953 quod
607 2902 661 2937 non
675 2888 846 2946 revelabitur,
857 2897 903 2938 aut
915 2888 1104 2938 absconditum
1115 2888 1185 2952 quod
1198 2903 1254 2939 non

261 2964 456 3016 cognoscetur3
471 2954 532 3003 ideo
541 2969 716 3018 quaecunque
728 2955 755 3003 in
769 2955 887 3003 tenebris
897 2955 1025 3012 dixeritis,
1036 2956 1063 3003 in
1077 2956 1135 3003 luce
1144 2955 1255 3004 audien·

261 3028 319 3076 tur:
342 3028 369 3068 et
404 3020 459 3069 uod
482 3020 510 3068 in
528 3034 621 3069 aurem
636 3020 718 3069 locuti
732 3020 838 3069 fueritis
856 3021 883 3069 in
902 3020 1038 3078 cubiculis,
1056 3020 1254 3084 praedicabitur

260 3099 342 3153 super
353 3096 378 3133 te
408 3086 431 3134 is
439 3084 453 3105 '’
465 3084 539 3147 (Luc.
551 3086 596 3134 xii.
610 3097 632 3145 2,
645 3086 678 3147 3).

128 3218 321 3284 Commune
340 3218 515 3300 judicium,
540 3229 577 3284 ut
600 3219 677 3295 hoc,
699 3218 733 3283 Si
757 3219 837 3284 talis
860 3241 897 3283 es
920 3221 954 3284 in
977 3220 1121 3283 internis
1144 3219 1253 3302 qualis

126 3334 273 3395 appares
302 3315 336 3376 in
359 3315 527 3390 externis,
552 3314 740 3378 salvaberis
764 3314 819 3378 vel
849 3315 1145 3390 condemnaberis,
1168 3333 1253 3378 con·

126 3427 262 3472 cessum
281 3417 353 3486 est;
377 3419 414 3471 at
430 3407 595 3488 judicium
615 3409 801 3491 singulare,
822 3419 859 3473 ut
878 3410 956 3483 hoc,
976 3409 1030 3475 Tu
1053 3430 1090 3472 es
1113 3409 1194 3473 talis
1217 3409 1252 3473 in

126 3502 282 3579 internis,
306 3523 391 3584 ergo
413 3502 601 3567 salvaberis
627 3504 681 3567 vel
713 3504 1008 3578 condemnaberis,
1032 3523 1101 3567 non
1127 3522 1252 3569 conce-

124 3600 229 3663 ditur.
278 3597 450 3679 Judicatio
485 3598 528 3662 de
556 3599 628 3662 vita
661 3598 808 3662 hominis
831 3597 1008 3679 spIrituali,
1033 3618 1093 3661 seu
1116 3598 1253 3661 interna

125 3695 272 3768 animae,
291 3693 497 3775 intelligitur
520 3714 580 3775 per
602 3695 878 3774 imputationem,
898 3694 941 3757 de
964 3712 1032 3775 qua
1054 3692 1109 3756 hic
1129 3693 1251 3774 agitur.

124 3787 211 3871 Quis
230 3788 407 3851 hominum
427 3790 536 3865 novit,
556 3790 694 3871 quinam
712 3798 886 3853 scortator
904 3789 1008 3851 corde
1030 3798 1097 3862 est,
1115 3797 1153 3855 et
1175 3789 1251 3872 qui·

125 3903 204 3946 narn
229 3882 357 3964 conjux
381 3884 484 3948 corde
508 3884 585 3947 est?
618 3893 655 3948 et
688 3893 806 3948 tamen
834 3883 946 3947 cordis
969 3883 1138 3964 cogitata,
1162 3904 1250 3967 quae

127 3989 225 4043 sunt
243 3978 433 4042 voluntatis
469 3980 657 4062 proposita,
688 3978 844 4061 judicant
877 3999 1124 4113 quemcunque.
1180 3978 1249 4047 Sed

126 4073 209 4140 haec
229 4075 427 4157 aperientur
444 4074 479 4138 in
498 4075 565 4141 hoc
585 4076 723 4140 ordine:
