2782 5026
186 438 251 504 224
534 437 716 488 DELICIAE
740 438 968 489 SAPIENTIAE

186 608 418 684 occumberet,
439 618 474 673 et
499 611 546 673 sic
571 611 703 674 sanitas
725 621 761 675 et
785 612 912 675 mentis
935 622 972 675 et
1000 613 1154 696 corporis
1177 610 1313 678 illorum

185 705 488 788 pessumdaretur;
522 706 643 769 horum
673 707 899 789 periculorum
930 718 965 772 et
996 708 1144 792 plurium
1168 704 1325 774 atiorussl

184 801 327 864 timores
344 801 542 864 obsiderent
559 812 694 865 mentes
711 803 869 878 virorum,
884 805 948 866 nisi
964 823 1026 886 pro
1042 805 1224 868 sedatione
1239 803 1333 868 tut·

184 895 305 968 barum
324 893 520 958 intelledtus
539 896 675 960 illorum
695 897 788 961 domi
810 898 901 979 apud
925 919 1051 962 uxores
1070 900 1184 963 forent
1204 896 1344 981 asylss·

186 989 368 1054 Praeterea
388 1010 458 1072 pax
477 1000 513 1053 et
535 991 767 1073 tranquillitas
790 1003 952 1056 serenant
977 1002 1114 1057 mentes
1138 1002 1176 1057 et
1194 995 1349 1077 dispo·

186 1093 272 1147 nunt
290 1084 366 1147 illas
385 1085 429 1147 ad
453 1094 552 1166 grate
568 1086 800 1166 recipiendum
824 1086 1089 1150 benevolentias
1104 1087 1249 1152 oblatas
1270 1071 1356 1151 ab

187 1181 359 1254 uxoribus,
380 1201 466 1264 quae
490 1200 629 1243 omnem
652 1202 792 1262 operam
822 1182 1026 1265 impendunt
1050 1183 1094 1246 ad
1118 1185 1356 1247 sedandur¹¹

186 1275 294 1338 nubes
318 1277 497 1348 mentium,
522 1295 606 1357 quas
630 1277 874 1359 perspicaciter
903 1279 994 1360 apud
1022 1279 1168 1342 maritos
1194 1280 1356 1342 obse(-

184 1380 290 1447 vant;
314 1391 353 1433 ac
370 1370 429 1432 illa
448 1370 586 1452 insuper
604 1381 792 1435 amoenant
812 1374 1026 1454 praesentias
1049 1372 1208 1436 illarum:
1234 1375 1298 1438 ind
1314 1382 1354 1426 ἑ

185 1475 295 1546 patet,
310 1465 401 1547 quod
418 1465 593 1528 simulatio
609 1468 735 1529 amoris
751 1469 839 1530 sicut
857 1489 936 1530 vere
951 1467 1155 1548 conjugialis
1172 1478 1352 1551 propter

184 1579 305 1643 pacem
329 1569 365 1623 et
388 1559 677 1641 tranquillitatem
701 1561 794 1624 domi
822 1562 866 1624 sit
894 1563 1086 1625 necessitas
1114 1573 1151 1625 et
1176 1576 1347 1646 quoque

183 1654 324 1719 utilitas.
370 1654 532 1731 Accedit,
546 1656 637 1738 quod
651 1657 742 1738 apud
759 1678 885 1720 uxores
899 1677 968 1720 non
984 1659 1053 1721 sint
1070 1658 1342 1722 simulationes

184 1752 272 1814 sicut
292 1750 381 1832 apud
401 1751 511 1828 viros;
535 1751 595 1813 sed
616 1752 643 1813 si
666 1751 776 1814 instar
798 1751 931 1814 illarum
951 1762 1131 1834 apparent,
1154 1764 1236 1816 sunt
1260 1773 1334 1816 re·

184 1846 247 1909 alis
270 1846 407 1920 amoris,
431 1846 509 1928 quia
533 1856 637 1908 natae
660 1856 738 1909 sunt
762 1866 897 1910 amores
921 1844 1115 1910 intellectus
1139 1850 1328 1922 virorum;

183 1961 287 2023 quare
317 1940 449 2003 favores
473 1941 674 2003 maritorum
704 1941 852 2022 benigne
875 1951 1073 2025 acceptant,
1097 1943 1126 2005 si
1158 1962 1229 2005 non
1254 1959 1328 2006 ore

184 2057 291 2119 usque
311 2036 424 2099 corde.

247 2129 347 2195 286.
379 2128 468 2214 (xv.)
495 2129 593 2208 Quod
607 2131 679 2194 sint
696 2141 840 2214 propter
852 2132 990 2211 famam
1006 2141 1107 2195 extra
1122 2131 1323 2194 domum.-

185 2225 360 2290 Fortunae
385 2227 532 2289 virorum
557 2236 593 2289 ut
618 2226 798 2309 plurimum
821 2227 1020 2309 dependent
1044 2245 1065 2287 a
1087 2228 1192 2302 sama,
1217 2225 1317 2310 quod

184 2322 253 2385 sint
274 2320 364 2402 justi,
390 2320 511 2383 sinceri
534 2330 570 2383 et
593 2318 696 2398 τεᾶἰς
720 2332 756 2384 et
779 2321 865 2385 haec
889 2321 979 2384 sama
1001 2323 1108 2385 etiam
1133 2321 1318 2403 dependet

184 2418 228 2480 ab
247 2437 366 2490 uxore,
387 2436 474 2498 quae
498 2415 564 2478 scit
588 2414 658 2496 ejus
678 2418 786 2479 vitam
809 2417 1031 2480 familiarem:
1056 2436 1162 2499 quare
1185 2419 1215 2480 si
1238 2418 1312 2481 dis·

183 2513 352 2576 sidentiae
372 2512 538 2574 mentium
559 2511 693 2573 illorum
712 2511 745 2573 in
765 2521 902 2596 apertas
922 2511 1127 2586 inimicitias,
1148 2513 1255 2587 rixas,
1272 2523 1312 2576 et

183 2608 252 2671 odii
275 2608 394 2681 minas,
419 2616 648 2687 erumperent,
669 2616 705 2668 et
727 2606 793 2670 hae
816 2607 860 2669 ab
884 2626 991 2669 uxore
1017 2616 1053 2669 et
1081 2606 1154 2687 ejus
1177 2608 1309 2681 amicis,

183 2724 269 2785 aque
294 2702 493 2765 domesticis
517 2700 770 2781 evulgarentur,
795 2700 893 2764 iacile
916 2711 1135 2764 verterentur
1157 2703 1192 2765 in
1217 2704 1308 2766 vitu·

183 2799 287 2880 peria,
308 2817 394 2880 quae
414 2796 541 2858 nomini
565 2795 636 2876 ejus
655 2795 816 2859 dedecori
838 2806 875 2858 et
899 2794 1057 2858 infamiae
1080 2795 1203 2860 forent.
1249 2796 1306 2859 Ad

183 2896 267 2959 talia
285 2895 448 2959 evitanda
468 2914 536 2956 non
557 2895 706 2976 suppetit
726 2893 793 2956 alia
812 2894 921 2977 copia,
942 2913 1044 2976 quam
1064 2893 1119 2957 vel
1143 2905 1181 2958 ut
1202 2896 1306 2958 simu·

183 2990 255 3053 late
273 2991 387 3053 faveat
404 2990 513 3056 uxori,
531 2988 585 3051 vel
602 2999 639 3052 ut
656 2999 857 3071 separentur
873 2989 985 3071 quoad
1005 2989 1156 3051 domum.

245 3085 339 3168 287.
371 3082 471 3166 (xvi.)
499 3081 596 3158 Quod
607 3083 676 3146 sint
687 3093 830 3164 propter
847 3083 961 3146 varr'os
972 3083 1117 3163 favores
1132 3085 1303 3166 exspelia-

183 3190 233 3245 tos
260 3202 282 3244 a
310 3184 451 3265 conjuge,
471 3188 532 3241 aret
553 3179 595 3241 ab
617 3181 686 3263 ejus
708 3179 867 3260 cognatis,
885 3189 916 3241 et
938 3179 986 3241 sic
1002 3187 1148 3259 propter
1172 3180 1304 3242 timores

178 3276 333 3358 ybdurae
353 3273 619 3337 illorum—Hoc
644 3273 682 3336 fit
706 3274 870 3355 imprimis
894 3275 926 3335 in
947 3272 1114 3354 conjugiis
1132 3274 1304 3337 dissimilis

182 3380 296 3434 status
318 3379 354 3433 et
378 3369 586 3432 conditionis
611 3367 668 3450 (de
692 3369 812 3450 quibus
834 3369 992 3431 videatur
1015 3387 1126 3450 supra,
1151 3389 1185 3432 n.
1206 3367 1302 3451 250);

182 3466 373 3530 sicut'cum
402 3465 537 3527 ducitur
561 3485 648 3527 uxor
671 3463 847 3546 opulenta,
872 3473 907 3526 et
935 3463 1019 3525 haec
1044 3464 1203 3527 recondit
1227 3483 1304 3526 suos

182 3581 340 3625 nummos
359 3561 393 3623 in
413 3559 593 3633 crumenis,
613 3568 672 3622 aut
693 3578 796 3639 gazas
816 3558 848 3620 in
868 3556 1097 3640 hypothecis;
1121 3566 1157 3619 et
1183 3556 1258 3639 plus
1277 3558 1303 3620 si

182 3653 345 3720 audacter
367 3658 487 3730 instat,
507 3655 598 3738 quod
622 3675 667 3716 ex
691 3654 809 3717 debito
832 3653 946 3715 mariti
969 3654 1025 3724 sit,
1045 3673 1090 3714 ex
1114 3672 1178 3715 suo
1201 3672 1304 3716 censu

180 3761 217 3815 et
235 3753 347 3815 reditu
367 3761 562 3814 sustentare
581 3750 740 3824 domum;
764 3748 855 3830 quod
873 3748 951 3810 inde
968 3748 1036 3810 sint
1053 3744 1196 3810 coactae
1213 3749 1302 3810 simi·

181 3846 345 3910 litudines
364 3847 489 3908 amoris
508 3846 595 3907 sicut
616 3842 829 3924 conjugialis,
850 3843 1079 3905 communiter
1097 3852 1220 3905 notum
1240 3850 1303 3905 est.

181 3938 312 4005 Similia
330 3940 415 4003 fiunt
435 3959 511 4002 cum
532 3960 639 4002 uxore
659 3936 772 4012 ducta,
791 3936 885 4018 cujus
909 3946 1081 4018 parentes,
1101 3937 1247 4017 cognati
1268 3946 1303 4000 et

180 4036 290 4110 amici,
310 4036 345 4098 in
368 4033 489 4098 officiis
512 4033 703 4115 dignitatis,
724 4033 758 4095 in
783 4031 934 4113 negotiis
958 4030 1053 4105 lucri,
1073 4038 1109 4094 et
1132 4031 1168 4094 in
1192 4032 1303 4114 operis

181 4131 343 4193 mercium
362 4140 452 4204 sunt,
471 4130 527 4212 qui
544 4130 587 4191 de
606 4138 699 4192 statu
716 4126 787 4208 ejus
803 4126 1007 4211 prosperiori
1026 4135 1171 4207 possunt
1189 4126 1302 4209 dispo·

181 4245 281 4303 nere;
305 4225 395 4307 quod
425 4234 566 4308 propter
592 4224 676 4286 haec
700 4225 805 4287 etiam
830 4222 898 4285 sint
921 4219 1156 4284 simulationes
1179 4220 1303 4284 amoris

181 4320 269 4383 sicut
291 4319 502 4401 conjugialis,
527 4319 755 4382 communiter
778 4328 898 4381 notum
923 4325 985 4380 est.
1031 4313 1134 4395 Quod
1157 4314 1244 4381 haec
1267 4323 1302 4380 et

181 4412 242 4478 illa
259 4414 327 4477 siut
348 4424 487 4497 propter
506 4415 648 4478 timores
663 4411 816 4495 jacturae
834 4412 980 4487 illorum,
1000 4419 1110 4494 patet.
