2782 5026
352 448 404 499 oa
427 446 562 498 anons
584 447 944 500 sconrsrou1o.-u.
967 452 1041 519 473.
1192 436 1254 518 361.

132 619 177 682 ab
191 618 245 683 bis
255 617 361 682 facies
374 618 558 683 defoedata
570 629 643 683 est:
658 640 703 683 ex
716 620 914 695 ventriculo,
928 619 1040 686 rudius
1052 628 1254 686 constanter

133 715 228 790 tetri,
251 711 522 797 ¹¹¹graveolentes
544 723 582 779 et
604 714 707 777 olidi:
736 735 782 778 ex
809 714 981 797 pulmone,
1006 716 1133 781 halitus
1162 717 1254 783 foedi

134 814 171 868 et
187 814 306 886 putres
317 804 492 869 subhalati
508 825 553 868 ex
566 806 848 888 apostematibus,
863 805 1031 869 ulceribus
1044 815 1101 870 aut
1116 807 1254 869 absces-

135 899 238 972 sibus,
250 908 309 961 aut
326 918 372 961 ex
389 900 513 963 vitiato
528 901 696 987 sanguine
712 900 767 964 vel
785 920 872 964 sero.
918 900 1057 964 Praeter
1069 900 1133 964 hos
1149 903 1259 965 etiam-

137 1003 216 1056 sunt
246 993 305 1057 alii
334 994 444 1057 morbi
473 995 558 1058 varii
588 996 746 1070 nominis,
771 1005 808 1057 ut
840 994 1055 1077 lipothymia,
1079 1016 1167 1078 quae
1200 1006 1256 1060 est

135 1087 253 1153 totalis
272 1087 483 1170 languiditas
500 1091 663 1170 corporis,
683 1099 719 1153 et
738 1087 891 1153 descetus
910 1091 1050 1168 virium;
1075 1090 1254 1172 paralysis,

137 1192 296 1264 quaeest
315 1182 480 1247 resolutio
502 1193 538 1247 et
557 1183 730 1248 relaxatio
742 1185 1014 1248 membranarum
1031 1195 1067 1248 et
1088 1185 1256 1266 ligamen·
1358 1266 1361 1271 Ι

137 1288 250 1340 torum
263 1279 371 1341 motui
388 1279 645 1342 inservientium
659 1299 666 1356 ;
690 1279 873 1361 epilepsia;
897 1299 1102 1361 permanens
1117 1278 1255 1343 infirmi·

136 1382 190 1436 tas
212 1394 260 1436 ex
283 1373 489 1455 apoplexia;
517 1373 655 1456 quidam
674 1375 783 1437 morbi
806 1375 980 1451 chronici;
1008 1376 1122 1456 passio
1144 1375 1255 1449 iliaca,

135 1467 266 1542 hernia,
275 1478 413 1550 praeter
428 1468 514 1531 alios
527 1470 675 1544 morbos,
687 1490 772 1551 quos
785 1469 989 1551 pathologia
1001 1470 1114 1533 docet.
1168 1468 1259 1534 Vitia

133 1561 267 1638 mentis,
287 1583 374 1645 quae
396 1572 477 1628 sunt
500 1583 624 1627 causae
644 1563 758 1645 justae
780 1565 1009 1645 separationis
1031 1584 1052 1627 a
1074 1573 1153 1627 toro
1176 1574 1213 1628 et
1234 1582 1257 1627 a

132 1657 253 1732 domo,
277 1667 315 1721 ut
346 1659 471 1732 mania,
495 1657 674 1740 phrenitis,
697 1660 847 1734 vesania,
872 1656 1015 1722 atiualis
1039 1660 1189 1723 stultitia
1219 1668 1256 1724 et

129 1751 288 1826 fatuitas,
298 1749 430 1833 jactura
442 1755 637 1829 memoriae,
651 1773 689 1817 ac
710 1752 834 1817 similia
848 1752 925 1816 alia.
971 1751 1074 1833 Quod
1093 1753 1158 1817 hae
1175 1773 1255 1817 cau-

129 1866 195 1910 sae
213 1846 285 1910 sint
302 1866 426 1911 causae
440 1846 555 1929 justae
574 1847 834 1922 concubinatus,
855 1848 932 1928 quia
950 1856 1031 1911 suut
1050 1867 1172 1912 causae
1187 1848 1257 1929 jus-

129 1951 193 2004 tae
212 1943 453 2022 separationis,
473 1943 563 2005 ratio
579 1943 707 2024 absque
723 1942 835 2024 judice
854 1943 959 2004 videt.

198 2046 293 2115 47¹·
315 2035 412 2118 (viii.)
435 2035 532 2113 Quod
538 2058 657 2100 causae
668 2037 811 2099 sonticae
822 2035 920 2121 hujra
933 2034 1173 2110 concubinatus,
1187 2036 1257 2100 sint

127 2129 242 2192 reales
260 2138 292 2193 et
309 2151 372 2193 non
390 2128 722 2212 reales-Quoniam
739 2138 876 2213 praeter
891 2150 1012 2193 causas
1027 2130 1148 2210 justas,
1169 2152 1256 2214 quae

128 2233 216 2288 sunt
229 2223 344 2304 justae
360 2225 596 2306 separationis,
613 2235 649 2289 et
668 2225 747 2289 inde
763 2225 849 2288 fiunt
864 2224 978 2305 justae
994 2225 1257 2300 concubinatus,

127 2319 243 2382 etiam
259 2318 384 2382 dantur
400 2339 523 2384 causae
539 2321 706 2394 sonticae,
724 2340 811 2402 quae
827 2320 1025 2402 dependent
1041 2341 1061 2382 a
1076 2319 1202 2400 judicio
1218 2329 1258 2384 et

119 2410 266 2490 justitia
288 2413 378 2493 apud
400 2414 520 2488 uirum,
541 2415 618 2477 ideo
641 2414 706 2477 hae
729 2435 864 2496 quoque
887 2416 1131 2478 memorandae
1153 2423 1255 2492 sunt;

129 2506 197 2569 sed
217 2507 296 2588 quia
310 2506 437 2587 judicia
451 2507 605 2588 justitiae
624 2518 770 2590 possunt
789 2508 949 2591 perverti,
970 2528 1010 2571 ac
1034 2509 1068 2570 in
1086 2528 1255 2590 apparen-

131 2601 203 2663 tlas
223 2599 306 2681 justi
330 2621 390 2683 per
408 2601 687 2666 confirmationes
707 2603 873 2677 converti,
894 2603 972 2665 ideo
990 2602 1056 2666 hae
1074 2622 1198 2666 causae
1220 2603 1255 2665 in

130 2695 288 2758 sonticas
310 2694 422 2759 reales
452 2705 489 2760 et
520 2716 589 2760 non
619 2696 730 2761 reales
752 2698 1021 2779 distinguuntur,
1045 2705 1082 2761 et
1111 2696 1256 2760 seorsim

132 2790 387 2856 describuntur.

198 2897 294 2966 4⁷²·
319 2883 398 2966 (ix.)
423 2881 521 2960 Quod
527 2905 646 2948 causae
656 2884 800 2948 sonticae
811 2885 918 2949 reales
930 2885 1008 2960 sint,
1023 2885 1257 2967 quaeexjusta

134 2977 327 3042 sana-Ad
347 2980 628 3061 cognoscendum
648 2980 710 3043 has
729 3000 859 3055 causas,
878 2979 1001 3044 sufficit
1017 2977 1173 3043 recensio
1192 2978 1255 3042 ali·

136 3092 291 3155 quarum,
311 3093 397 3155 quae
416 3074 573 3137 sonticae
592 3073 702 3137 reales
721 3084 822 3152 sunt;
853 3075 941 3137 sicut
965 3073 1059 3137 nulla
1078 3083 1196 3155 storge
1219 3083 1257 3138 et

135 3173 216 3236 inde
234 3172 375 3255 rejettio
398 3173 577 3248 infantum,
598 3175 874 3256 intemperantia,
892 3175 1053 3248 ebrietas,
1074 3175 1256 3238 immundi·

136 3267 197 3340 tia,
230 3265 452 3348 impudicitia,
484 3267 654 3347 cupiditas
685 3266 924 3349 promulgandi
955 3275 1090 3330 secreta
1121 3267 1255 3341 domus,

136 3359 309 3441 litigandi,
344 3361 558 3435 verberandi,
590 3362 800 3436 vindicandi,
825 3360 1075 3435 malefaciendi,
1109 3360 1256 3436 iurandi,

135 3454 277 3518 fallendi
291 3476 299 3532 ;
319 3455 562 3519 dissimilitudo
573 3456 715 3530 interna,
727 3476 772 3519 ex
785 3475 851 3538 qua
863 3455 1074 3535 antipathia3
1095 3465 1257 3537 proterva

136 3549 377 3631 expostulatio
389 3550 497 3613 debiti
510 3550 725 3632 conjugialis,
740 3571 785 3613 ex
801 3570 868 3630 qua
878 3551 928 3611 vir
940 3548 978 3612 fit
994 3549 1136 3630 frigidus
1148 3549 1253 3631 lapis:

138 3644 326 3725 applicatio
344 3645 387 3707 ad
406 3644 539 3726 magias
558 3655 593 3709 et
616 3645 840 3728 praestigias;
865 3663 997 3707 summa
1014 3644 1194 3725 impietas:
1219 3653 1256 3709 et

137 3738 260 3802 similia
278 3738 355 3802 alia.

199 3846 297 3915 473.
327 3833 464 3897 Dantur
476 3833 581 3898 etiam
594 3853 718 3897 causae
731 3833 892 3906 mitiores,
906 3842 1083 3915 quaesunt
1100 3834 1257 3898 sonticae

138 3926 259 4003 reales,
279 3946 319 3991 ac
338 3937 501 4010 separant
525 3948 545 3991 a
568 3937 656 4004 toro,
677 3938 713 3992 et
733 3936 850 3992 tamen
870 3947 939 3989 non
962 3948 982 3989 a
1005 3927 1109 3990 domo
1121 3949 1129 4004 ;
1154 3938 1257 4010 prout

139 4022 226 4104 apud
244 4040 388 4085 uxorem
407 4042 452 4085 ex
472 4020 637 4104 provetto
655 4023 750 4086 senio
769 4023 921 4086 cessatio
933 4020 1202 4102 prolificationis,
1220 4034 1258 4089 et

138 4116 216 4180 inde
239 4115 462 4180 intolerantia
488 4125 525 4181 et
553 4117 796 4200 tergiversatio
825 4116 869 4179 ad
899 4115 1068 4180 adiualem
1091 4136 1257 4193 amorem,

139 4221 318 4292 perstante
341 4231 447 4293 usque
469 4211 590 4275 ardore
621 4211 711 4294 apud
740 4213 870 4290 virum;
904 4221 1042 4293 praeter
1064 4211 1198 4286 similia,
1221 4213 1258 4277 in

140 4308 258 4387 quibus
280 4303 451 4368 rationale
470 4302 633 4387 judicium
659 4306 753 4370 videt
776 4305 917 4388 justum,
941 4315 978 4370 et
1007 4306 1257 4373 conscientiam

142 4419 206 4465 non
225 4400 381 4466 laedunt.
1357 4398 1360 4403 ’
