2782 5026
144 115 205 180 342
477 111 724 166 voturrnrss
745 114 931 166 rnsnntns

142 287 374 370 lisprocedere
388 295 507 370 potest
519 307 580 370 per
591 286 865 363 fornicationem,
876 298 915 354 at
926 308 972 353 ex
988 304 1054 372 qua
1064 286 1229 383 murder·

141 386 191 448 tia
213 404 273 465 per
296 383 390 446 illam
414 382 569 464 procedit
593 402 690 445 amor
711 384 865 447 incastus
887 404 948 447 seu
970 388 1195 458 scortatorius‚
1215 383 1241 430 Ψ
1362 456 1369 474 ,

140 479 364 563 sequentibus
379 479 560 561 aperietur.
605 474 692 559 Quis
703 487 823 562 potest
839 476 906 543 hoc
921 479 1120 544 conclusum
1134 479 1251 567 faceri·
1379 558 1381 571 ἱ

140 575 233 656 quod
256 575 312 656 qui
335 573 522 636 fornicatus
542 581 611 649 est,
630 594 701 638 non
723 575 834 657 possit
856 574 967 657 magis
989 584 1103 638 castus
1125 596 1195 640 esse
1233 567 1263 616 ²¹¹
1388 657 1391 668 1

141 669 325 751 conjugio?
1384 671 1387 680 '

203 764 307 847 446.
332 763 396 846 (ii.)
423 762 523 842 Quod
534 784 632 827 amor
652 785 764 840 sexus,
782 785 826 829 ex
846 786 911 848 quo
930 775 984 831 est
994 765 1187 848 fornr'catio,
1202 757 1280 831 W

138 857 231 920 clroet
246 879 319 920 cum
336 858 523 922 adolescens
534 879 578 921 ex
591 860 737 940 proprio
751 859 916 923 inrelktzu
929 861 1053 943 incrffl't
1067 864 1211 944 cogitare
1244 845 1288 908 li

139 972 250 1033 agere,
268 973 307 1015 ac
320 974 387 1015 vox
401 952 546 1034 loquelae
559 954 630 1037 qirs
641 954 760 1035 incipit
766 953 854 1038 fim'
864 956 1182 1022 masculina—Hoc
1197 936 1295 1022 ad·

139 1048 276 1111 ducitur
305 1048 350 1110 ob
373 1047 487 1121 finem,
511 1058 549 1113 ut
572 1050 701 1113 sciatur
722 1059 818 1114 ortus
841 1051 967 1115 amoris
989 1071 1097 1127 sexus
1118 1062 1154 1118 et
1180 1036 1301 1116 inde

136 1142 384 1218 fomicationis‚
396 1144 488 1225 quod
500 1145 546 1207 sit
555 1145 636 1206 dum
646 1141 843 1208 intellettus
852 1145 995 1210 inchoat
1004 1167 1051 1210 ex
1062 1150 1310 1212 serationff’

139 1239 181 1302 lis
196 1236 278 1312 fieri,
291 1258 350 1302 seu
367 1259 412 1302 ex
426 1239 561 1322 propria
571 1241 706 1303 ratione
715 1240 909 1322 perspicere
919 1251 956 1304 et
968 1243 1166 1326 prospicere
1175 1240 1317 1326 quure

136 1332 374 1399 emolumento
387 1345 422 1398 et
436 1335 509 1397 usui
520 1345 610 1407 sunt,
622 1335 677 1398 cui
692 1344 774 1399 tunc
786 1356 848 1418 pro
856 1334 1115 1418 planoinservit
1126 1339 1160 1401 id
1172 1361 1252 1422 qur>
1298 1314 1329 1378 d

137 1430 172 1494 in
183 1431 348 1492 memoria
358 1440 411 1492 est
421 1451 467 1493 ex
478 1431 722 1512 parentibuset
735 1432 921 1512 magistris.
960 1432 1018 1496 Fit
1032 1432 1306 1518 illotempo(
1308 1431 1336 1473 ε

138 1545 276 1588 versura
295 1526 327 1587 in
347 1534 486 1587 mente:
512 1526 603 1608 prius
623 1525 728 1588 modo
746 1526 917 1608 cogitavit
936 1547 982 1590 ex
1005 1529 1109 1592 rebus
1128 1537 1341 1594 memoae'

136 1618 206 1684 riae
223 1620 342 1693 illatis,
364 1620 566 1683 meditando
589 1619 659 1697 illa,
679 1630 715 1684 et
738 1620 932 1685 obediendo
951 1620 1040 1701 iliis;
1068 1636 1194 1707 postea
1206 1614 1361 1689 'eff‘

136 1717 272 1779 ratione
295 1736 396 1797 super
418 1715 497 1792 illa;
524 1726 562 1778 et
584 1726 678 1790 tunc,
702 1716 853 1780 ducente
876 1736 1005 1793 amore,
1029 1720 1186 1802 disponit
1207 1742 1241 1784 re
1263 1705 1372 1762 ⁴5

137 1812 322 1875 memoriae
341 1811 532 1873 insidentes
554 1811 588 1873 in
613 1830 739 1874 novum
759 1812 926 1885 ordinem,
946 1822 984 1876 et
1007 1813 1086 1877 huic
1110 1835 1281 1896 congru*
1329 1799 1379 1845 ε

137 1906 246 1969 vitam
264 1907 437 1988 propriam
456 1905 599 1979 orditur,
619 1915 655 1969 et
673 1906 867 1970 successive
886 1906 963 1988 plus
982 1919 1017 1971 et
1041 1907 1119 1991 plus
1138 1930 1241 1973 secun
1300 1934 1333 1952 2

137 2003 217 2065 dum
237 2021 332 2063 suam
350 2001 517 2063 rationem
534 2000 679 2080 cogitat,
696 2009 733 2063 et
752 2020 798 2064 ex
816 2021 880 2064 suo
897 2001 1008 2066 libero
1027 2003 1113 2068 vult.
1159 2003 1290 2086 Quor
1346 1995 1391 2023 ⁶

136 2115 233 2159 amor
256 2116 361 2159 sexus
384 2105 546 2177 sequatur
568 2094 824 2158 initiamentum
843 2094 1043 2160 intelledtus
1065 2100 1205 2181 proprii,
1224 2114 1274 2162 er*
1314 2098 1343 2134 ³

136 2192 375 2274 progrediatur
390 2190 577 2254 secundum
590 2189 661 2271 ejus
676 2190 841 2271 vigorem,
859 2200 980 2255 notum
995 2201 1051 2256 est
1066 2213 1075 2270 ;
1099 2193 1225 2257 indiciu
1250 2251 1252 2255 .
1336 2207 1337 2210 ’

136 2286 229 2368 quod
245 2286 302 2349 ille
319 2305 414 2348 amor
426 2284 593 2348 ascendat
611 2286 698 2348 sicut
713 2285 872 2348 ascendit
887 2283 1099 2363 intellectus,
1117 2301 1154 2353 et
1171 2288 1271 2373 quo(
1346 2273 1391 2308 ⁴

136 2381 327 2445 descendat
347 2381 436 2443 sicut
460 2379 518 2443 ille
537 2379 738 2443 descendit:
763 2400 823 2462 per
845 2381 1034 2445 ascendere
1052 2382 1329 2467 intelligitur}

135 2477 170 2540 in
190 2477 406 2558 sapientiam,
428 2484 463 2538 et
483 2494 543 2555 per
561 2475 773 2539 descendere
793 2474 998 2557 intelligitur
1016 2477 1051 2539 in
1070 2478 1238 2543 insaniam
1251 2490 1308 2554 ,Ξ

136 2591 177 2635 ac
204 2573 374 2653 sapientia
397 2581 451 2634 est
474 2589 627 2634 amorem
651 2589 756 2633 sexus
778 2571 951 2646 cohibere,
975 2592 1015 2635 ac
1047 2574 1184 2639 insania
1206 2586 1257 2639 est
1368 2559 1391 2587 ⁶

137 2666 233 2730 illum
257 2668 416 2729 emittere
447 2667 480 2728 in
508 2665 638 2743 latum;
668 2667 696 2728 si
723 2667 758 2729 in
781 2665 1055 2743 fornicationem,
1075 2690 1166 2752 quae
1190 2671 1258 2754 ejus
1329 2681 1370 2699 ²

137 2759 326 2825 adiivitatis
353 2762 485 2824 initium
513 2771 578 2834 est,
598 2760 694 2826 illam
721 2781 767 2824 ex
797 2762 970 2843 principiis
997 2762 1198 2829 honestatis
1224 2776 1258 2829 et

137 2857 353 2929 moralitatis,
369 2857 553 2918 memoriae
566 2864 601 2919 et
614 2856 693 2918 inde
706 2857 832 2919 rationi
844 2856 1071 2937 implantatis,
1085 2869 1123 2923 et
1137 2871 1259 2943 postea
1320 2868 1382 2898 Ι

136 2952 262 3016 rationi
285 2961 320 3014 et
352 2952 432 3015 inde
456 2951 641 3013 memoriae
664 2950 921 3033 implantandis,
946 2951 1053 3016 debet
1076 2956 1258 3020 moderari.

136 3045 240 3128 Quod
259 3066 326 3108 una
342 3066 418 3109 cum
435 3042 632 3108 intelled'tus
647 3045 773 3127 proprii
787 3045 1045 3122 inchoamento,
1062 3049 1173 3113 etiam
1189 3071 1258 3114 vox

136 3142 278 3223 incipiat
304 3140 374 3203 fieri
406 3140 606 3213 masculina,
630 3151 685 3203 est
713 3140 792 3222 quia
820 3138 1019 3204 intellectus
1048 3145 1199 3224 cogitat,
1223 3156 1258 3207 et

137 3257 197 3320 per
219 3237 469 3320 cogitationem
493 3234 662 3317 loquitur;
692 3235 854 3299 indicium
876 3235 968 3318 quod
991 3236 1194 3302 intellectus
1210 3239 1257 3303 sa·

136 3331 206 3395 ciat
221 3335 340 3405 virum,
357 3341 394 3394 et
412 3350 546 3412 quoque
563 3331 751 3393 masculum
767 3328 839 3410 ejus
853 3350 861 3408 ;
884 3343 1152 3414 consequenter,
1167 3334 1258 3417 quod

136 3427 225 3489 sicut
241 3426 396 3490 elevatur
411 3423 609 3489 intellectus
625 3424 706 3505 ejus,
721 3426 771 3488 ita
789 3423 849 3489 fiat
864 3424 970 3489 homo
987 3427 1051 3503 vir,
1066 3438 1105 3494 et
1123 3449 1258 3514 quoque

136 3522 308 3585 masculus
327 3522 377 3583 vir
398 3519 569 3603 (videatur
587 3541 699 3602 supra,
720 3540 753 3583 n.
771 3537 846 3600 433,
864 3523 958 3602 434).

198 3630 296 3699 447.
321 3614 396 3698 (iii.)
423 3613 520 3693 Quod
525 3615 710 3695 fornicatio
731 3615 780 3678 sit
800 3615 969 3680 naturalis
986 3616 1145 3694 horarius,
1165 3620 1257 3684 simi·

135 3710 217 3774 liter
235 3721 272 3774 ut
290 3731 387 3775 amor
405 3730 519 3785 sexus,
539 3712 594 3793 qui
614 3711 641 3773 si
660 3709 791 3775 activus
809 3710 849 3775 fit
867 3721 951 3776 ante
967 3712 1179 3796 conjugium,
1197 3736 1257 3780 vo·

135 3815 235 3869 catur
266 3804 625 3869 fornicatio-Omnis
664 3806 770 3871 homo
802 3806 954 3871 nascitur
986 3827 1186 3892 corporeus,
1220 3809 1256 3873 fit

136 3900 315 3975 sensualis,
344 3900 423 3963 dein
450 3901 627 3976 naturalis,
659 3911 694 3965 et
727 3901 921 3965 successive
949 3904 1143 3981 rationalis,
1167 3915 1203 3970 et
1230 3907 1257 3968 si

135 4005 218 4057 tunc
242 4013 311 4057 non
331 3995 501 4070 subsistit,
521 3987 789 4077 fit'spiritualis3
816 3996 908 4078 quod
931 3997 982 4060 ita
1005 4000 1255 4080 progrediatur,

136 4096 191 4152 est
210 4107 325 4165 causa,
343 4099 380 4152 ut
396 4089 584 4153 formentur
599 4090 712 4171 plana,
725 4090 848 4173 quibus
863 4091 1058 4157 innitantur
1072 4095 1255 4177 superiora,

1347 1903 1385 1922 l
