2782 5026
137 430 160 493 6
488 443 671 494 usticula
695 444 922 494 satissatis

138 613 318 674 eruditione,
333 612 605 684 perspicacissimos
618 612 747 684 ingenio,
761 628 796 666 ac
811 611 1066 667 eminentissimos
1080 611 1203 667 nomine
1217 626 1259 666 sa-

139 693 278 764 pientiae,
292 694 343 764 qui
366 709 382 747 e
404 693 504 763 regnis
523 692 685 748 Christiani
705 693 785 747 orbis
803 709 893 762 super
910 693 1087 747 continente
1108 692 1165 747 hac
1185 703 1260 746 terra

138 782 217 835 sunt,
234 782 267 827 ut
283 773 313 826 in
329 772 410 827 hunc
424 773 541 833 collem,
557 774 607 827 ubi
621 784 654 826 tu
670 773 874 833 commoraris,
891 773 1082 834 conveniant,
1096 783 1128 827 et
1144 790 1181 827 ex
1196 789 1260 842 pec·

137 862 204 906 tore
219 863 398 922 expromant
413 863 536 914 mentes,
550 852 622 922 quid
639 853 669 905 in
686 853 801 907 mundo
813 853 1030 922 cogitaverant,
1044 852 1260 913 intellexerant,

138 944 169 986 et
186 943 347 1001 sapuerant
365 933 403 986 de
422 932 540 987 Gaudio
555 931 693 992 Caelesti,
709 943 740 986 et
759 932 796 986 de
815 932 968 986 Felicitate
984 933 1126 986 Aetema.
1165 931 1261 987 Causa

137 1011 296 1082 legationis
307 1028 389 1066 meae
400 1011 456 1065 fuit
470 1012 551 1073 haec,
561 1013 642 1082 quod
656 1012 747 1081 aliqui
759 1013 828 1065 novi
840 1013 973 1066 advenae
986 1028 1003 1066 e
1017 1013 1141 1073 mundo,
1153 1012 1183 1064 in
1197 1028 1260 1066 cae-

136 1091 242 1146 lestem
259 1101 390 1145 nostram
407 1091 590 1151 societatem,
606 1107 682 1161 quae
703 1092 732 1143 in
753 1092 868 1145 oriente
884 1103 938 1151 est,
955 1092 1079 1145 admissi
1095 1092 1259 1151 retulerint,

137 1171 218 1241 quod
234 1187 272 1225 ne
287 1171 407 1241 quidem
424 1187 503 1224 unus
522 1170 551 1222 in
571 1171 711 1224 universo
727 1169 900 1225 Christiano
916 1173 987 1224 orbe
1003 1171 1079 1224 sciat
1094 1170 1168 1240 quid
1183 1171 1260 1224 Gau·

137 1251 219 1304 dium
236 1248 380 1310 Caeleste,
394 1259 425 1304 et
443 1249 581 1304 Felicitas
597 1251 738 1309 Aeterna,
753 1252 794 1303 ita
810 1251 882 1320 quid
899 1250 1032 1305 Caelum.
1071 1250 1140 1304 Hoc
1157 1250 1261 1303 fratres

135 1340 167 1383 et
178 1330 311 1384 consocii
322 1331 380 1384 mei
394 1330 481 1383 valde
495 1329 593 1383 mirati
607 1341 685 1389 sunt,
699 1341 729 1383 et
743 1330 816 1382 mihi
831 1330 978 1390 dixerunt,
993 1329 1177 1389 ‘Descende
1191 1346 1261 1384 con-

135 1409 232 1463 clama
247 1420 278 1463 et
293 1425 427 1463 convoca
442 1409 680 1478 sapientissimos
697 1410 726 1462 in
744 1410 857 1462 mundo
873 1409 1040 1478 spirituum,
1054 1409 1083 1461 in
1099 1426 1190 1478 quem
1205 1410 1262 1480 pri-

136 1505 217 1542 mum
233 1489 416 1559 colliguntur
426 1505 531 1542 omnes
547 1490 688 1543 mortales
705 1500 774 1558 post
790 1505 944 1542 excessum
960 1505 977 1542 e
993 1490 1107 1542 mundo
1124 1488 1260 1550 naturali,

135 1569 175 1622 ob
195 1568 293 1629 finem,
308 1580 342 1623 ut
360 1585 396 1622 ex
416 1568 546 1637 plurium
563 1585 613 1622 ore
633 1569 706 1622 certi
723 1568 890 1629 reddamur,
906 1585 977 1621 num
994 1568 1105 1622 veritas
1121 1569 1168 1628 sit,
1179 1568 1260 1639 quod

134 1649 203 1702 talis
216 1648 313 1718 caligo
326 1665 378 1702 seu
392 1650 552 1702 tenebrosa
567 1648 734 1717 ignorantia
749 1648 788 1701 sit
802 1647 980 1703 Christianis
994 1647 1143 1701 defutura
1155 1648 1236 1702 vita’
1245 1647 1260 1666 ''

190 1727 227 1782 Et
246 1728 330 1788 dixit,
345 1736 360 1755 ¹¹
371 1726 518 1797 Exspecta
531 1729 660 1796 paulum,
674 1741 704 1781 et
722 1728 838 1782 videbis
851 1729 993 1781 cohortes
1009 1728 1179 1796 sapientum
1200 1727 1260 1781 huc

134 1807 294 1869 alluentes;
311 1806 458 1861 Dominus
467 1808 653 1876 praeparabit
664 1823 718 1876 pro
730 1808 786 1860 illis
797 1807 901 1861 aedem
913 1807 1107 1861 conventus.”

190 1886 374 1955 Exspectavi,
385 1897 415 1939 et
428 1902 497 1939 ecce
511 1897 579 1955 post
589 1887 767 1940 semihoram
779 1887 840 1939 vidi
855 1888 930 1939 duas
942 1897 1055 1939 turmas
1068 1902 1086 1938 a
1099 1885 1259 1955 septentri-

134 1981 201 2026 one,
214 1967 289 2020 duas
302 1966 339 2019 ab
352 1965 517 2025 occidente,
530 1976 561 2018 et
574 1966 648 2018 duas
661 1982 679 2018 a
692 1966 832 2026 meridie:
851 1979 882 2019 et
895 1966 972 2020 sicut
986 1976 1141 2025 venerunt,
1155 1966 1193 2020 ab
1206 1981 1259 2019 an·

133 2045 202 2115 gelo
215 2046 305 2099 tubae
319 2043 481 2098 introducti
495 2055 565 2098 sunt
582 2044 610 2096 in
624 2045 728 2098 aedem
742 2057 957 2114 praeparatam,
972 2056 1002 2099 et
1016 2045 1055 2098 ibi
1070 2046 1259 2115 occupabant

133 2125 201 2179 loca
216 2125 273 2179 illis
286 2124 443 2195 designata
452 2124 619 2178 secundum
634 2125 742 2194 plagas.
781 2125 873 2178 Erant
889 2141 941 2178 sex
955 2135 1069 2178 turmae
1084 2141 1135 2178 seu
1150 2124 1259 2178 cohor·

133 2215 195 2266 tes:
220 2205 349 2275 septima
367 2216 431 2258 erat
449 2205 487 2258 ab
505 2204 629 2261 oriente,
646 2220 722 2273 quae
739 2221 808 2273 prae
828 2205 893 2258 luce
910 2205 1030 2274 reliquis
1046 2220 1105 2256 non
1122 2204 1188 2257 visa
1203 2214 1257 2258 est.

135 2283 210 2339 Post
219 2283 482 2354 congregationem
491 2285 607 2353 aperuit
617 2283 740 2353 angelus
750 2300 869 2337 causam
880 2283 1115 2343 convocationis,
1126 2294 1157 2337 et
1171 2300 1258 2353 roga·

132 2364 176 2418 vit
191 2375 225 2417 ut
241 2365 382 2417 cohortes
399 2363 428 2416 in
444 2363 549 2417 ordine
562 2373 772 2433 expromerent
785 2379 868 2417 suam
883 2363 1059 2431 sapientiam
1079 2363 1117 2416 de
1138 2362 1257 2417 Gaudio

133 2442 269 2505 Caelesti,
288 2453 319 2497 et
338 2445 376 2497 de
397 2442 551 2497 Felicitate
571 2443 719 2496 Aeterna:
746 2453 778 2495 et
803 2453 875 2495 tunc
895 2442 1077 2512 unaquaevis
1096 2443 1207 2495 cohors
1226 2459 1257 2496 se

133 2523 311 2593 glomeravit
331 2523 360 2576 in
377 2524 488 2583 orbem,
504 2523 635 2576 faciebus
651 2523 689 2576 ad
709 2522 800 2575 facies
815 2522 976 2582 conversis,
993 2533 1027 2574 ut
1044 2522 1123 2575 illam
1141 2538 1203 2576 rem
1220 2538 1257 2576 ex

133 2602 207 2656 ideis
221 2603 249 2655 in
261 2602 352 2671 priori
363 2603 476 2656 mundo
485 2603 581 2670 captis
592 2612 773 2660 revocarent,
785 2612 816 2655 et
829 2618 910 2655 nunc
920 2602 1088 2661 lustrarent,
1099 2617 1134 2654 ac
1148 2601 1256 2656 lustra·

132 2690 193 2735 tam
209 2691 278 2750 post
290 2681 541 2736 consultationem
556 2692 774 2750 expromerent.

185 2772 221 2831 3.
249 2760 322 2814 Post
332 2760 584 2814 consultationem
601 2760 701 2812 Prima
712 2758 836 2818 Cohors,
847 2775 924 2829 quae
937 2776 953 2812 e
967 2759 1172 2828 septentrione
1182 2769 1254 2820 erat,

132 2839 216 2899 dixit,
230 2839 311 2909 quod
324 2839 466 2910 gaudium
477 2840 605 2893 caeleste
619 2850 649 2892 et
662 2838 788 2892 felicitas
798 2850 920 2893 aeterna
930 2839 990 2893 sint
1004 2856 1096 2891 unum
1107 2854 1176 2891 cum
1191 2840 1256 2909 ipsa

130 2918 194 2971 vita
203 2919 292 2981 caeli;
303 2927 418 2989 “quare
429 2919 641 2988 unusquisque,
649 2919 700 2988 qui
712 2919 802 2972 intrat
812 2919 936 2979 caelum,
947 2919 1047 2988 quoad
1058 2919 1151 2972 vitam
1164 2919 1256 2972 intrat

132 2997 161 3050 in
182 2997 359 3052 festivitates
375 2999 447 3068 ejus,
463 3014 522 3051 non
539 2998 626 3051 aliter
639 3014 727 3067 quam
749 2998 800 3068 qui
817 2998 910 3052 intrat
926 2999 956 3052 in
973 2999 1100 3068 nuptias,
1115 2998 1207 3051 intrat
1224 2998 1254 3051 in

131 3075 237 3131 harum
250 3075 444 3139 festivitates:
464 3087 549 3130 estne
560 3077 676 3131 caelum
687 3093 787 3131 coram
799 3078 863 3131 visu
875 3089 979 3131 nostro
989 3095 1079 3146 supra
1089 3094 1152 3137 nos,
1166 3078 1207 3130 ita
1224 3078 1254 3129 in

131 3156 221 3211 loco?
240 3172 275 3210 ac
289 3157 329 3210 ibi
343 3167 373 3210 et
388 3173 448 3210 non
462 3157 532 3210 alibi
546 3168 617 3210 sunt
627 3155 795 3211 laustitates
808 3173 897 3226 supra
908 3157 1087 3217 faustitates,
1099 3173 1133 3210 ac
1148 3157 1254 3226 volup-

130 3247 209 3290 tates
222 3252 311 3305 supra
322 3236 508 3305 voluptates;
528 3236 557 3288 in
572 3238 625 3289 has
640 3235 765 3290 infertur
778 3236 871 3290 homo
883 3238 983 3307 quoad
998 3253 1118 3290 omnem
1130 3252 1254 3305 percep·

130 3316 244 3370 tionem
255 3316 372 3376 mentis,
381 3326 411 3369 et
421 3315 520 3385 quoad
531 3331 651 3369 omnem
660 3317 861 3369 sensationem
870 3317 1011 3385 corporis,
1019 3333 1056 3369 ex
1066 3317 1253 3384 plenitudine

130 3396 308 3467 gaudiorum
323 3395 380 3449 loci
395 3395 489 3455 istius,
501 3411 568 3448 cum
584 3395 613 3449 in
627 3395 759 3449 caelum:
778 3412 870 3465 quare
884 3395 1009 3449 felicitas
1020 3396 1164 3455 caelestis,
1176 3411 1253 3465 quae

130 3475 220 3529 etiam
234 3485 281 3528 est
294 3486 422 3533 aeterna,
437 3490 496 3528 non
511 3475 592 3529 aliud
605 3485 652 3530 est
664 3492 754 3545 quam
769 3476 953 3529 intromissio
970 3476 1000 3528 in
1014 3476 1138 3536 caelum,
1153 3492 1188 3528 ac
1208 3475 1253 3527 in-

130 3554 283 3609 tromissio
296 3570 332 3607 ex
347 3553 457 3607 Divina
468 3554 590 3625 gratia.”

185 3633 242 3688 His
260 3632 356 3695 difiis,
370 3634 474 3689 Altera
490 3632 606 3688 Cohors
626 3651 663 3688 ex
684 3635 889 3703 septentrione
908 3651 944 3688 ex
964 3651 1018 3688 sua
1036 3633 1184 3702 sapientia
1202 3650 1252 3686 ex·

131 3714 277 3784 prompsit
290 3714 348 3768 hoc
360 3714 535 3784 augurium:
555 3713 727 3768 “Gaudium
738 3714 867 3767 caeleste
877 3725 908 3767 ct
922 3713 1048 3767 felicitas
1058 3724 1179 3767 aeterna
1189 3729 1250 3766 non

129 3794 210 3848 aliud
229 3803 308 3853 sunt,
324 3808 414 3863 quam
433 3793 595 3847 laetissima
613 3794 764 3847 consortia
781 3810 849 3847 cum
869 3794 990 3863 angelis,
1005 3805 1036 3847 et
1058 3793 1252 3846 suavissimae

129 3872 387 3927 confabulationes
405 3888 473 3926 cum
494 3873 559 3933 illis,
578 3873 743 3942 exquibus
763 3873 854 3927 facies
873 3874 1016 3927 continue
1036 3888 1185 3941 expansae
1207 3883 1252 3925 te-

130 3963 240 4005 nentur
260 3952 288 4004 in
305 3951 436 4011 laetitiis,
450 3963 480 4005 et
495 3968 548 4005 ora
562 3951 657 4005 totius
670 3953 813 4006 consortii
834 3953 862 4005 in
881 3953 987 4007 risibus
1002 3951 1195 4005 amoenitatis
1214 3967 1251 4004 ex

129 4031 342 4102 blandiloquiis
357 4041 387 4084 et
404 4030 527 4085 facetiis.
564 4029 645 4102 Quid
659 4032 768 4102 gaudia
780 4033 921 4086 caelestia
934 4047 1023 4101 quam
1037 4031 1141 4084 talium
1155 4031 1251 4084 varia·

129 4110 228 4164 tiones
242 4110 270 4163 in
284 4121 440 4164 aeternum
450 4109 480 4164 ?”

183 4190 285 4244 Tertia
298 4189 422 4249 Cohors,
436 4204 512 4258 quae
525 4198 589 4243 erat
602 4189 698 4258 prima
713 4207 750 4244 ex
769 4191 954 4260 sapientibus
973 4206 990 4243 e
1009 4190 1097 4259 plaga
1110 4188 1251 4243 occiden-

129 4269 191 4330 tali,
204 4285 241 4323 ex
257 4285 376 4323 suarum
390 4266 582 4322 aff'efiionum
596 4270 829 4339 cogitationibus
843 4269 938 4324 edidit
951 4269 1024 4323 hoc:
1058 4277 1071 4296 ‘¹
1081 4268 1161 4340 Quid
1178 4285 1251 4338 gau-

130 4349 213 4402 dium
224 4349 352 4403 caeleste
362 4359 392 4403 et
406 4340 532 4402 felicitas
542 4360 662 4403 aeterna
674 4349 765 4412 aliud,
776 4366 864 4420 quam
876 4349 1063 4418 epulationes
1073 4364 1140 4400 cum
1154 4349 1250 4402 Abra-

131 4430 230 4493 bamo,
245 4428 337 4493 lsaco,
350 4439 381 4484 et
394 4426 517 4501 Jacobo,
533 4444 621 4499 super
636 4445 763 4499 quorum
778 4428 889 4484 mensis
904 4438 991 4482 erunt
1007 4428 1106 4482 edulia
1119 4427 1250 4482 delicata
