2782 5026
361 488 413 538 na
436 485 571 538 anona
592 485 912 554 comumnes-u.
931 471 983 536 66.
1193 485 1233 554 59

114 657 248 743 angelos
279 657 461 722 caelorum
491 664 563 721 tam
592 658 801 740 superiorum
832 674 933 737 quam
963 655 1167 728 inferiorum,
1193 666 1230 719 ut

114 774 237 838 quoque
254 755 292 817 in
310 755 424 837 primo
435 753 651 835 paragrapho
668 753 721 816 De
737 750 913 832 Conjugiis
928 751 961 812 in
978 749 1094 823 Caelo,
1112 758 1231 812 osten·

113 868 181 912 sum
196 857 262 925 est,
281 857 427 912 constat
443 848 535 930 quod
550 848 608 911 ille
623 845 761 910 saniius
779 858 815 910 et
832 865 934 929 purus
950 847 1005 908 sit.
1052 843 1153 925 Quod
1173 844 1231 907 ille

114 963 214 1019 amor,
245 944 281 1006 in
312 964 376 1006 sua
398 943 550 1007 essentia
575 964 620 1006 ex
650 962 711 1004 sua
741 942 953 1004 derivatione
976 937 1161 1021 speCiatuS,
1186 941 1231 1002 sit

115 1036 247 1102 sanstus
266 1047 303 1102 et
323 1058 425 1121 purus
444 1057 525 1119 prae
544 1037 637 1100 omni
660 1056 777 1099 amore
800 1035 890 1117 apud
914 1033 1057 1116 angelos
1080 1043 1116 1096 et
1140 1034 1229 1115 apud

114 1133 277 1208 homines,
295 1141 349 1196 est
367 1134 445 1215 quia
463 1131 521 1194 ille
537 1142 590 1194 est
609 1133 698 1194 sicut
714 1140 818 1213 caput
834 1129 1039 1211 reliquorum
1056 1146 1230 1205 amorum;

114 1228 152 1290 de
173 1249 242 1310 qua
269 1227 341 1309 ejus
366 1227 563 1302 eminentia,
582 1228 617 1290 in
645 1246 733 1290 nunc
761 1235 927 1309 sequente
950 1223 1096 1288 articulo
1118 1222 1231 1307 aliqua

113 1323 278 1386 dicentur.

172 1417 249 1500 65·
281 1414 344 1500 (v.)
370 1414 468 1492 Quod
486 1415 589 1480 etiam
611 1415 659 1479 sit
681 1436 778 1479 amor
789 1413 1062 1496 fiendamentalis
1085 1412 1231 1477 omnium

113 1533 263 1577 amorum
273 1512 472 1587 caelestium,
483 1511 724 1592 spiritualium,
736 1520 768 1574 et
780 1510 856 1573 inde
867 1507 1229 1589 naturalium-Quod

113 1626 206 1669 amor
221 1605 435 1687 coniugialis,
449 1608 483 1668 in
499 1627 561 1669 sua
576 1607 728 1669 essentia
740 1602 926 1687 speCiatus,
941 1605 985 1667 sit
1002 1624 1097 1666 amor
1109 1604 1229 1667 sunda·

113 1700 273 1764 mentalis
305 1702 458 1763 omnium
491 1720 644 1764 amorum
675 1701 761 1763 caeli
794 1710 830 1763 et
860 1699 1037 1772 ecclesiae,
1068 1707 1122 1761 est
1152 1699 1230 1781 quia

113 1796 208 1876 origo
226 1794 297 1876 ejus
317 1805 432 1858 estex
451 1795 610 1876 conjugio
626 1796 707 1858 boni
722 1805 758 1858 et
774 1794 855 1870 veri,
873 1804 907 1856 et
925 1815 969 1856 ex
988 1793 1054 1856 hoc
1071 1791 1230 1874 conjugio

113 1890 303 1971 procedunt
322 1909 443 1953 omnes
462 1910 597 1953 amores
612 1890 668 1972 qui
690 1890 819 1953 iaciunt
843 1889 975 1952 caelum
992 1899 1028 1952 et
1047 1888 1228 1951 ecclesiam

113 1984 200 2066 apud
223 1983 423 2048 hominem:
446 1984 574 2047 bonum
598 1984 688 2048 illius
719 1983 866 2065 conjugii
893 1983 974 2045 iacit
1001 2002 1164 2056 amorem,
1189 2003 1228 2045 ac

112 2099 225 2142 verum
242 2078 314 2160 ejus
328 2078 411 2143 iacit
423 2080 642 2161 sapientiam;
653 2089 688 2142 et
701 2080 838 2162 quando
854 2099 950 2141 amor
966 2079 1008 2140 ad
1025 2080 1231 2158 sapientiam

113 2174 256 2249 accedit,
276 2192 432 2237 seucum
451 2174 516 2237 hac
535 2195 572 2238 se
588 2174 777 2256 conjungit,
796 2184 876 2237 tunc
896 2194 991 2236 amor
1009 2173 1047 2236 fit
1066 2193 1177 2251 amor;
1192 2183 1229 2237 et
1330 2237 1332 2240 ,

113 2287 183 2331 cum
203 2269 375 2350 sapientia
391 2269 539 2331 vicissim
558 2270 601 2332 ad
620 2288 772 2332 amorem
791 2270 938 2343 accedit,
958 2278 994 2331 et
1014 2288 1089 2330 cum
1109 2268 1172 2330 hac
1192 2289 1229 2332 se

114 2360 299 2444 conjungit,
317 2371 400 2424 tunc
419 2364 589 2443 sapientia
604 2361 642 2426 lit
661 2364 841 2445 sapientia.
886 2362 997 2425 Amor
1013 2384 1092 2425 vere
1111 2361 1228 2442 conju·

114 2457 205 2535 gialis
221 2476 292 2519 non
309 2456 401 2519 aliud
420 2467 474 2519 est
488 2476 591 2538 quam
611 2455 803 2537 conjunftio
822 2460 947 2520 amoris
971 2467 1006 2519 et
1030 2459 1227 2539 sapientiae.

114 2548 185 2614 Duo
200 2551 377 2632 conjuges,
392 2552 481 2613 inter
496 2572 581 2633 quos
594 2572 653 2614 seu
669 2553 702 2614 in
719 2551 839 2634 quibus
855 2552 954 2614 simul
974 2561 1027 2614 est
1047 2553 1104 2614 ille
1121 2571 1226 2626 amor,

115 2657 185 2709 sunt
212 2645 347 2726 effigies
371 2655 406 2709 et
435 2645 544 2708 forma
566 2646 675 2723 illius;
706 2666 826 2709 omnes
849 2648 953 2709 etiam
977 2648 1010 2709 in
1034 2646 1147 2721 caelis,
1173 2646 1228 2709 ubi

114 2737 209 2802 iacies
228 2750 311 2802 sunt
324 2740 463 2821 genuini
481 2741 556 2821 typi
575 2738 791 2803 affeftionum
811 2742 861 2803 sui
880 2743 1016 2814 amoris,
1037 2751 1116 2804 sunt
1135 2741 1228 2803 simi·

114 2832 269 2898 litudines
285 2833 368 2916 ejus,
382 2835 471 2896 inest
488 2835 578 2897 enim
594 2834 660 2897 illis
677 2836 710 2897 in
724 2836 895 2898 communi
912 2846 947 2898 et
964 2837 997 2898 in
1010 2836 1103 2898 omni
1119 2845 1227 2917 parte,

114 2940 143 2993 ut
161 2932 254 3011 prius
273 2939 451 2992 ostensum
468 2937 531 2992 est.
577 2928 676 2991 Nunc
696 2930 773 3011 quia
792 2931 858 2993 duo
878 2929 1040 3011 conjuges
1063 2931 1096 2992 in
1116 2929 1229 3011 effigie

113 3032 142 3086 et
163 3025 274 3088 sorma
302 3033 382 3086 sunt
409 3021 466 3086 ille
489 3042 595 3097 amor,
620 3026 771 3105 sequitur
794 3026 885 3105 quod
915 3026 1025 3086 omnis
1055 3044 1150 3088 amor
1173 3025 1229 3107 qui

112 3120 262 3197 procedit
285 3139 332 3181 ex
355 3118 457 3199 ipsius
480 3119 606 3181 amoris
628 3117 747 3193 forma,
767 3120 811 3181 sit
834 3119 942 3183 instar
960 3119 1051 3201 ejus;
1074 3140 1177 3202 quare
1200 3121 1228 3182 si

111 3229 199 3276 amor
217 3210 423 3293 conjugialis
441 3221 495 3276 est
518 3212 676 3275 caelestis
695 3221 731 3274 et
755 3213 951 3294 spiritualis,
971 3215 1075 3277 etiam
1095 3233 1229 3277 amores

111 3308 335 3384 procedentes
351 3326 396 3369 ex
413 3305 473 3370 illo
488 3317 568 3370 sunt
585 3307 754 3370 caelestes
766 3316 801 3370 et
813 3307 1024 3389 spirituales;
1048 3319 1102 3371 est
1114 3309 1228 3390 itaque

111 3416 200 3465 amor
215 3400 421 3482 conjugialis
440 3403 528 3466 sicut
547 3422 681 3485 parens,
699 3411 735 3464 et
752 3402 871 3484 reliqui
890 3422 1024 3466 amores
1041 3413 1121 3467 sunt
1140 3405 1228 3466 sicut

111 3497 229 3574 proles.
271 3495 359 3559 Inde
372 3506 437 3571 est,
451 3497 541 3578 quod
554 3517 598 3561 ex
612 3495 777 3578 conjugiis
790 3498 990 3578 angelorum
1003 3499 1036 3559 in
1050 3499 1154 3561 caelis
1167 3519 1228 3580 ge·

112 3601 267 3654 nerentur
283 3590 399 3672 proles
414 3591 617 3672 spirituales,
634 3612 722 3674 quae
738 3601 818 3654 sunt
833 3595 959 3655 amoris
975 3606 1010 3657 et
1026 3596 1226 3676 sapientiae,

112 3700 165 3747 seu
188 3685 272 3749 boni
301 3693 337 3748 et
363 3686 445 3761 veri,
466 3685 509 3748 de
535 3706 601 3769 qua
628 3689 852 3767 generatione
874 3688 1031 3751 videatur
1054 3709 1154 3772 supra
1178 3689 1226 3772 (n.

115 3778 175 3861 51).

168 3874 246 3940 66.
278 3871 398 3936 Simile
421 3873 601 3937 evidenter
622 3883 761 3938 constat
785 3897 831 3939 ex
854 3876 1029 3941 creatione
1052 3877 1227 3941 hominum

114 3963 251 4032 initium
271 3986 437 4040 amorem,
458 3977 493 4030 et
510 3989 555 4031 ex
575 3969 779 4034 formatione
798 3972 932 4036 illorum
952 3994 997 4035 ex
1017 3972 1077 4036 illo
1096 3982 1227 4055 postea.

115 4055 280 4126 Masculus
299 4073 438 4126 creatus
455 4071 509 4126 est
529 4073 567 4126 ut
590 4063 649 4127 fiat
673 4065 842 4148 sapientia
860 4089 905 4131 ex
925 4087 1041 4131 amore
1062 4068 1226 4148 sapiendi,

115 4165 145 4218 et
164 4157 289 4221 semina
320 4167 439 4221 creata
460 4166 514 4221 est
544 4167 581 4222 ut
612 4158 671 4222 liat
695 4180 793 4224 amor
814 4163 956 4226 masculi
982 4183 1028 4226 ex
1059 4162 1229 4244 sapientia

116 4247 185 4328 ejus,
198 4253 248 4317 ita
264 4252 455 4317 secundum
471 4252 588 4331 illam;
611 4275 655 4318 ex
672 4275 739 4337 quo
758 4266 856 4338 patet
873 4258 963 4339 quod
980 4259 1048 4321 duo
1064 4256 1229 4337 conjuges

117 4342 174 4408 tint
190 4348 288 4428 ipsae
306 4347 437 4410 formae
456 4356 493 4411 et
511 4347 642 4429 effigies
660 4349 808 4432 conjugii
827 4353 951 4415 amoris
969 4363 1004 4415 et
1024 4353 1227 4434 sapientiae,

118 4450 166 4502 teu
191 4440 273 4507 boni
303 4449 342 4505 et
370 4442 451 4506 veri.
496 4442 606 4507 Probe
631 4445 808 4510 sciendum
831 4458 896 4524 est,
920 4450 1011 4532 quod
1035 4468 1104 4513 non
1127 4448 1229 4511 detur
