2782 5026
220 447 284 512 294
563 441 746 492 DELICIAE
769 440 1003 492 SAPIENTIAE

221 614 380 688 libidinis,
404 612 497 695 cujus
527 634 585 675 rea
615 621 680 684 est,
705 620 919 693 argueretur.
966 611 1153 677 Praeterea
1176 614 1313 696 zelotypia

220 708 376 772 abscedit
389 709 422 770 in
436 707 565 770 nullam
578 707 668 788 apud
681 705 770 779 illos,
782 707 839 788 qui
852 706 1018 770 uxoribus
1028 709 1224 772 concedunt
1236 708 1313 771 licen-

222 806 306 867 tiam
328 813 469 885 propter
486 798 656 864 desectum
676 801 856 882 potentiae
872 821 879 877 ;
908 810 1053 884 propter
1071 805 1314 885 procreationem

222 899 403 961 liberorum
432 896 635 959 hereditatis
665 915 790 971 causa;
822 904 898 959 tum
927 896 1020 978 apud
1051 896 1186 979 aliquos
1207 909 1315 981 propter

223 1003 406 1076 quaestus;
428 1003 466 1054 et
486 992 534 1054 sic
554 1010 665 1071 porro.
712 990 850 1054 Dantur
868 991 976 1053 etiam
997 990 1158 1073 conjugia
1175 1001 1315 1056 scortato

223 1089 282 1162 ria,
302 1088 336 1150 in
362 1087 482 1168 quibus
509 1105 555 1149 ex
583 1096 703 1147 mutuo
730 1103 904 1148 consensu
933 1086 1071 1168 utrique
1094 1087 1196 1152 datur
1212 1086 1316 1150 veneris

226 1182 376 1253 licentia,
397 1191 433 1243 et
453 1191 571 1243 tamen
591 1179 675 1242 sacie
695 1179 787 1241 civili
806 1179 871 1241 sibi
890 1180 1047 1242 obviant.

287 1289 380 1357 377·
404 1275 494 1356 (xii.)
522 1273 620 1351 Quod
632 1273 798 1355 zelotypia
814 1273 917 1337 etiam
940 1275 989 1337 sit
1005 1284 1075 1356 pro
1088 1275 1264 1357 pellicibus,
1276 1271 1319 1337 scd

225 1391 287 1432 non
306 1369 386 1432 talis
404 1369 514 1451 qualis
532 1377 584 1431 est
596 1377 665 1448 pro
679 1367 1087 1452 uxoribus-Zelotypia
1107 1391 1170 1451 pro
1186 1370 1316 1433 uxoribus

225 1465 368 1528 scaturit
388 1483 433 1526 ex
453 1463 582 1525 intimis
600 1462 692 1544 apud
711 1462 900 1536 hominem,
921 1472 958 1527 at
976 1463 1153 1546 zelotypia
1172 1486 1230 1547 pro
1246 1462 1315 1546 pelli·

226 1561 321 1624 cibus
343 1558 387 1621 ab
409 1559 576 1630 externis,
596 1578 700 1640 quare
723 1569 804 1620 sunt
827 1557 914 1620 alius
937 1560 1086 1640 generis.
1132 1557 1231 1640 Quod
1251 1557 1316 1621 zelo·

227 1657 323 1737 typia
352 1673 413 1735 pro
437 1653 600 1715 uxoribus
623 1673 669 1714 ex
696 1653 828 1714 intimis
850 1655 1032 1728 scaturiat,
1056 1664 1112 1719 est
1136 1674 1243 1728 causa,
1263 1652 1317 1735 quia

226 1769 323 1813 amor
345 1746 547 1829 conjugialis
570 1748 614 1810 ibi
639 1747 789 1834 residet;
819 1747 913 1829 quod
940 1748 987 1811 ibi
1011 1750 1174 1824 resideat,
1197 1760 1246 1812 est
1264 1746 1317 1830 quia

226 1843 420 1925 conjugium
443 1864 489 1905 ex
512 1839 613 1924 pacta
631 1843 843 1905 aeternitate
861 1841 933 1923 ejus
953 1844 1180 1907 constabilita
1202 1864 1255 1926 per
1268 1838 1317 1903 loe·

228 1940 302 2014 dus,
319 1949 354 2002 et
370 1957 503 2020 quoque
521 1959 567 2000 ex
586 1937 798 2020 aequalitate
813 1936 896 2018 juris
911 1939 1005 2020 quod
1022 1940 1121 2002 unius
1141 1941 1185 2004 sit
1200 1938 1317 2002 alterius.

229 2036 302 2098 unit
321 2034 463 2105 animas,
480 2043 516 2096 et
536 2042 670 2095 mentes
686 2034 841 2114 superius
857 2033 964 2115 ligat:
989 2033 1076 2098 haec
1098 2035 1220 2116 ligatio
1236 2043 1267 2097 et
1280 2027 1320 2094 illa

230 2130 310 2192 unio
322 2127 429 2192 semel
443 2127 562 2199 indita,
577 2137 694 2190 manet
707 2127 888 2200 indivulsa,
902 2128 1153 2212 qualiscunque
1164 2149 1263 2201 arnor,
1272 2124 1322 2189 sive

229 2222 395 2287 calidus
369 2243 440 2286 sive
451 2221 602 2303 frigidus
616 2232 740 2303 postea
752 2223 947 2286 intercedit
988 2223 1075 2288 Inde
1088 2235 1143 2288 est
1147 2224 1268 2307 quod
1260 2234 1325 2285 mvl

231 2319 319 2384 tatio
332 2318 375 2380 ad
388 2335 540 2379 amorem
556 2317 600 2379 ab
613 2337 722 2380 uxore
731 2317 907 2398 infrigeret
920 2327 1033 2380 totum
1046 2306 1157 2382 virum
1170 2321 1214 2382 ab
1224 2307 1333 2381 intimis

231 2414 275 2478 ad
292 2412 432 2488 ultima;
454 2422 490 2474 at
506 2412 667 2474 invitatio
682 2412 727 2473 ad
743 2430 896 2475 amorem
912 2433 933 2474 a
950 2411 1088 2494 pellice,
1102 2415 1264 2476 amasium
1278 2411 1341 2474 nol

231 2510 291 2573 ita.
336 2507 394 2570 Ad
408 2505 615 2588 zelotypiam
627 2526 689 2587 pro
701 2526 809 2569 uxore
821 2507 958 2569 accedit
970 2508 1117 2572 ambitio
1129 2509 1238 2572 lamae
1250 2507 1350 2590 pro?

232 2615 286 2668 ter
304 2603 494 2677 honorem;
518 2612 554 2663 et
573 2601 638 2663 hoc
659 2603 890 2664 accessorium
911 2602 1110 2686 zelotypiae
1130 2613 1268 2669 nonest
1287 2592 1363 2685 ps⁰

232 2698 366 2784 pellice
412 2694 479 2759 Sed
498 2717 603 2804 usque
622 2696 707 2758 haec
727 2708 764 2759 et
782 2696 841 2759 illa
860 2697 1036 2779 zelotypia
1051 2700 1145 2761 varia
1161 2711 1215 2763 est
1233 2688 1372 2762 secus*

233 2795 314 2857 dum
332 2791 450 2856 sedem
473 2792 598 2853 amoris
617 2792 748 2872 recepti
767 2791 812 2853 ab
830 2812 950 2864 uxore,
971 2803 1008 2855 et
1027 2794 1161 2875 recepti
1180 2815 1201 2857 a
1219 2776 1386 2877 pellic

234 2899 269 2952 et
288 2887 387 2950 simul
407 2887 594 2949 secundum
614 2896 745 2948 statum
761 2885 876 2966 judicii
895 2888 957 2949 viri
977 2889 1178 2970 recipientis
1197 2889 1298 2952 illum.

297 2982 394 3065 378·
418 2979 519 3062 (xiii.)
546 2978 643 3056 Quod
648 2979 812 3061 sclotypra
820 2980 921 3042 ettam
930 2980 978 3043 srt
986 2981 1082 3061 apud
1087 2982 1215 3046 bestias
1225 2992 1305 3064 etap
1335 3020 1337 3023 ·

235 3073 470 3156 aurs—Quod
495 3076 539 3138 sit
562 3075 652 3156 apud
675 3075 775 3148 ieras,
800 3085 836 3138 ut
860 3074 990 3149 leones,
1012 3077 1169 3156 tigrides,
1190 3098 1295 3152 ursos,
1321 3073 1391 3130 s

236 3171 359 3255 plures,
379 3171 460 3233 dum
483 3169 551 3232 illis
569 3168 676 3233 catuli
695 3180 787 3242 sunt,
808 3180 928 3232 notum
948 3179 1023 3247 est;
1048 3181 1123 3233 tum
1142 3173 1248 3235 etiam
1266 3192 1329 3254 apu

236 3275 363 3337 tauros,
382 3265 521 3328 tametsi
536 3263 603 3327 illis
619 3284 688 3327 non
705 3265 822 3327 vituli:
846 3266 1109 3328 exstantissime
1126 3267 1218 3348 apud
1234 3261 1391 3348 gallos

236 3360 292 3441 qui
311 3380 372 3442 pro
387 3358 524 3440 gallinis
541 3360 609 3421 suis
625 3377 701 3421 cum
717 3358 878 3421 rivalibus
894 3359 1061 3423 dimicant
1081 3380 1188 3442 usque
1207 3362 1251 3424 ad
1268 3381 1338 3424 mor

236 3466 319 3518 tem.
364 3452 465 3536 Quod
485 3454 538 3516 his
557 3452 635 3516 talis
654 3451 827 3534 zelotypia
845 3455 901 3527 sit,
918 3463 972 3516 est
991 3455 1070 3535 quia
1087 3463 1167 3518 sunt
1185 3456 1391 3519 amatores

236 3549 388 3631 gloriosi,
406 3568 445 3612 ac
463 3548 575 3633 gloria
590 3548 716 3611 amoris
735 3548 832 3610 istius
852 3567 922 3609 non
938 3548 1086 3611 sustinet
1105 3568 1246 3630 parem;
1269 3548 1356 3631 quod

237 3645 285 3708 illi
298 3645 366 3708 sint
380 3657 552 3708 amatores
565 3643 706 3725 gloriosi
718 3663 799 3726 prae
811 3643 904 3705 omni
916 3662 1043 3723 genere
1056 3653 1092 3706 et
1106 3645 1223 3723 specie
1235 3646 1356 3716 avium,

237 3761 283 3805 ex
307 3740 441 3804 illorum
465 3741 632 3821 gestibus,
652 3739 802 3810 nutibus,
822 3737 1007 3819 gressibus,
1027 3748 1064 3800 et
1087 3738 1182 3800 sonis
1205 3750 1358 3821 apparet.

238 3834 341 3918 Quod
364 3835 474 3917 gloria
492 3835 632 3897 honoris
653 3834 745 3916 apud
767 3834 860 3896 viros
878 3845 952 3896 tam
974 3842 1150 3895 amatores
1168 3852 1273 3914 quam
1294 3852 1359 3896 non

237 3941 412 3995 amatores
436 3930 585 4003 inducat,
610 3928 747 3993 exaltet
776 3938 813 3993 et
843 3937 980 4010 asperet
1011 3926 1238 4008 zelotypiam,
1262 3948 1360 4010 supra

239 4025 481 4090 confirmatum
501 4036 566 4090 est.

302 4132 402 4202 379·
426 4120 528 4204 (xiv.)
555 4118 652 4199 Quod
664 4117 829 4200 sehtrpia
846 4117 944 4198 opud
960 4116 1053 4180 uiros
1075 4126 1108 4179 et
1129 4115 1274 4180 maritos
1292 4115 1361 4180 alia

239 4216 295 4290 sr't,
312 4237 412 4297 quum
427 4215 678 4296 apudfcmr'nas
695 4224 727 4276 et
742 4210 986 4276 uxores-Sed
1001 4211 1198 4273 discrimina
1214 4210 1274 4273 illa
1294 4231 1361 4272 non

240 4322 384 4393 possunt
408 4309 569 4373 distincte
592 4310 693 4377 tradi,
717 4308 877 4390 quoniam
901 4305 1076 4387 zelotypia
1098 4304 1245 4368 aliaest
1272 4304 1360 4387 apud

239 4407 403 4489 conjuges
432 4408 488 4489 qui
518 4427 555 4470 se
585 4405 808 4488 spiritualiter
830 4412 960 4477 amant,
984 4401 1052 4464 alia
1080 4400 1171 4482 apud
1195 4399 1361 4481 conjuges
