2850 5026
150 441 194 506 90
498 437 680 489 DELICIAE
703 438 931 490 SAPIENTIAE

150 607 241 671 enim
259 607 404 691 primum
420 608 486 673 tine
505 619 570 686 est,
588 610 654 674 hoc
672 610 707 674 in
726 614 842 674 mente
860 619 897 674 et
916 608 986 691 ejus
1005 608 1200 674 intentione
1218 617 1274 675 est

149 704 305 785 primum,
325 706 404 786 quia
421 705 640 788 primarium;
663 706 723 769 sed
743 706 787 768 ad
806 704 870 769 hoc
888 706 1032 787 primurn
1052 725 1120 768 non
1136 705 1275 768 accedi·

149 807 206 862 tur
221 799 284 862 nisi
302 820 404 881 quam
422 802 612 864 successive
631 821 691 883 per
709 801 840 878 media3
868 801 953 863 haec
972 820 1041 864 non
1060 811 1140 864 sunt
1163 800 1275 883 prima

149 893 250 968 inse,
271 894 331 957 sed
348 895 451 959 modo
471 897 709 977 promoventia
727 897 771 959 ad
788 897 931 978 primum
951 896 984 958 in
1004 917 1051 958 se.

194 1006 271 1071 99·
295 988 362 1072 (x.)
389 989 487 1067 Quod
511 992 591 1054 dum
616 1013 712 1054 amor
735 990 933 1076 consagzizlrs
957 990 1180 1071 implantatus
1211 999 1271 1064 est,

150 1103 246 1146 amor
262 1104 363 1147 sexus
381 1083 530 1148 invertat
546 1107 592 1160 se,
612 1095 645 1149 et
656 1085 728 1169 fiat
741 1107 838 1148 amor
851 1105 952 1148 sexus
970 1085 1274 1149 castus-Dicitur

150 1179 241 1260 quod
265 1189 347 1243 tunc
370 1199 466 1243 amor
488 1201 592 1243 sexus
615 1182 764 1245 invertat
791 1202 839 1256 se,
863 1181 942 1263 quia
965 1181 1045 1243 dum
1069 1200 1164 1243 amor
1189 1200 1272 1244 con·

146 1272 283 1355 jugialis
306 1275 400 1338 venit
423 1275 467 1337 ad
490 1296 586 1339 suam
605 1278 784 1358 originem,
809 1296 896 1358 quae
919 1285 972 1339 est
998 1276 1032 1337 in
1055 1274 1272 1337 interioribus

150 1369 286 1442 mentis,
306 1369 401 1432 videt
420 1389 572 1433 amorem
592 1391 696 1433 sexus
716 1390 784 1433 non
805 1380 887 1433 ante
906 1391 943 1432 se
962 1369 1023 1432 sed
1042 1378 1122 1449 post
1141 1389 1189 1444 se,
1210 1389 1271 1432 seu

150 1483 218 1526 non
232 1483 332 1544 supra
348 1485 384 1528 se
400 1465 461 1527 sed
478 1464 563 1549 ipsra
575 1486 623 1541 se,
640 1475 677 1529 et
693 1467 740 1529 sic
753 1466 841 1529 sicut
853 1465 886 1529 id
903 1465 994 1548 quod
1011 1465 1044 1527 in
1061 1463 1273 1527 transeundo

150 1558 295 1642 reliquit.
340 1558 503 1624 Similiter
521 1571 559 1625 ut
582 1560 630 1636 fit,
651 1562 730 1624 dum
750 1562 824 1644 quis
840 1560 976 1624 scandit
1000 1560 1044 1623 ab
1069 1558 1181 1622 officio
1209 1579 1270 1640 per

150 1652 261 1717 officia
273 1654 316 1717 ad
330 1656 502 1738 quoddam
515 1657 769 1737 supereminens
781 1656 961 1737 dignitate,
976 1664 1012 1718 et
1028 1654 1152 1718 deinde
1164 1655 1271 1735 respi-

150 1750 197 1812 cit
214 1759 293 1830 post
309 1769 345 1812 se
365 1770 424 1812 seu
440 1750 525 1813 inira
543 1771 580 1813 se
599 1749 709 1813 officia
725 1771 811 1832 quae
827 1750 1089 1832 pertransierat:
1114 1759 1173 1812 aut
1189 1749 1280 1832 dum¹

149 1845 223 1927 quis
247 1844 398 1908 intendit
421 1846 734 1927 peregrinationem
758 1845 802 1908 ad
829 1845 942 1907 aulam
967 1841 1142 1922 cujusdam
1166 1843 1270 1925 regis,

149 1949 229 2024 post
252 1940 441 2002 adventum
465 1940 603 2002 invertit
623 1937 800 2023 aspe&um
823 1939 867 2002 ad
890 1938 950 2001 illa
973 1959 1059 2020 quae
1078 1938 1213 2001 viderat
1235 1938 1271 2001 in

149 2036 214 2099 via.
260 2032 362 2115 Quod
382 2044 462 2097 tunc
483 2054 579 2097 amor
598 2055 702 2097 sexus
722 2043 934 2117 permaneat,
955 2044 991 2097 et
1010 2032 1069 2096 fiat
1088 2042 1216 2108 castus,
1234 2042 1272 2097 et

149 2140 267 2195 tamen
280 2129 381 2210 priori
397 2129 531 2191 suavior
547 2128 613 2191 illis
629 2130 685 2211 qui
704 2130 737 2191 in
754 2148 871 2192 amore
884 2149 963 2191 vere
979 2127 1163 2208 conjugiali
1176 2137 1270 2201 sunt,

149 2246 194 2289 ex
214 2224 447 2306 descriptione
466 2222 537 2304 ejus
555 2224 599 2286 ab
618 2223 685 2287 illis
704 2224 759 2306 qui
783 2225 817 2287 in
840 2222 1006 2304 spirituali
1027 2222 1156 2285 mundo
1175 2233 1268 2295 sunt,

150 2321 183 2383 in
199 2319 286 2382 binis
306 2317 586 2381 Memorabilibus
605 2319 684 2381 inde
705 2318 751 2400 (n.
767 2336 811 2398 44
828 2328 864 2381 et
884 2332 898 2398 5
905 2316 949 2398 5),
970 2317 1076 2381 videri
1095 2325 1226 2399 potest.

212 2429 314 2479 1⁰⁰.
340 2410 418 2495 (xi.)
446 2412 543 2491 Quod
553 2434 627 2476 mas
644 2423 676 2476 et
684 2413 818 2493 femina
835 2412 944 2474 creati
955 2411 1034 2487 sint,
1052 2421 1089 2475 ut
1105 2412 1178 2474 sint
1192 2410 1272 2492 ipsa

140 2512 260 2591 forma
275 2508 420 2592 conjitgii
435 2506 558 2571 boniet
575 2507 658 2582 veri,
675 2518 728 2570 est
749 2508 827 2590 quia
845 2526 919 2569 mas
938 2517 1073 2569 creatus
1093 2515 1147 2568 est
1166 2515 1203 2568 ut
1224 2505 1271 2568 sit

149 2601 343 2687 intelledlus
362 2604 443 2678 veri,
464 2604 513 2665 ita
532 2620 648 2664 verum
671 2603 705 2664 in
729 2601 848 2676 forma,
872 2610 908 2664 et
927 2601 1052 2665 semina
1074 2610 1192 2663 creata
1215 2611 1270 2664 est

148 2708 186 2763 ut
209 2700 254 2762 sit
276 2698 439 2761 voluntas
461 2697 553 2771 boni,
573 2697 623 2759 ita
646 2697 771 2759 bonurn
799 2697 833 2759 in
861 2697 981 2770 forma,
1005 2715 1045 2758 ac
1069 2696 1202 2777 utrique
1225 2695 1270 2759 ab

148 2795 277 2857 intimis
307 2793 416 2856 indita
441 2802 495 2855 est
525 2790 702 2854 inclinatio
729 2792 773 2854 ad
801 2788 1076 2872 conjundlionem
1103 2791 1137 2852 in
1164 2809 1269 2853 unum

151 2889 323 2972 (videatur
346 2907 459 2968 supra,
484 2906 516 2948 n.
546 2885 625 2968 88);
658 2887 707 2948 ita
735 2885 861 2948 faciunt
888 2885 956 2948 duo
986 2905 1088 2947 unam
1111 2884 1268 2959 sormam,

148 3003 235 3065 quae
245 2982 438 3044 aemulatur
454 2980 596 3043 sormam
615 2979 842 3061 conjugialem
859 2980 940 3042 boni
957 2990 992 3043 et
1008 2981 1089 3043 veri.
1134 2979 1270 3043 Dicitur

46 3150 48 3155 ¹
148 3077 239 3159 quod
259 3076 347 3139 hanc
368 3074 569 3149 aemuletur,
589 3075 753 3156 quianon
772 3076 894 3138 eadem
913 3085 977 3150 est,
997 3075 1057 3137 sed
1077 3074 1108 3137 ei
1127 3074 1268 3152 similis;

148 3172 276 3235 bonum
309 3171 399 3233 enim
417 3169 507 3252 quod
527 3190 565 3232 se
581 3168 759 3250 conjungit
775 3189 851 3233 cum
868 3191 950 3233 vero
966 3170 1056 3251 apud
1075 3169 1195 3244 virum,
1213 3180 1269 3233 est

148 3287 169 3329 a
185 3266 335 3329 Domino
353 3266 562 3340 immediate,
579 3274 615 3327 at
634 3265 762 3328 bonum
785 3265 902 3328 uxoris
920 3266 1012 3347 quod
1032 3264 1211 3347 conjungit
1232 3286 1268 3330 se

147 3380 224 3423 cum
243 3381 325 3424 vero
342 3360 431 3442 apud
448 3360 566 3433 virum,
584 3369 638 3422 est
654 3380 674 3422 a
690 3359 841 3423 Domino
857 3361 1007 3423 mediate
1026 3381 1086 3442 per
1101 3381 1245 3425 uxorem
1259 3383 1268 3440 ;

148 3474 252 3537 quare
272 3463 352 3516 sunt
376 3455 443 3516 duo
459 3454 560 3527 bona,
581 3473 684 3516 unum
704 3455 884 3529 internum,
905 3454 1050 3518 alterum
1070 3465 1267 3529 externum,

148 3569 235 3632 quae
254 3549 465 3630 conjungunt
487 3569 523 3611 se
543 3568 619 3611 cum
639 3569 721 3612 vero
743 3549 832 3631 apud
852 3551 1033 3627 maritum;
1065 3571 1105 3613 ac
1125 3549 1267 3625 iaciunt,

148 3655 186 3710 ut
205 3647 348 3708 maritus
367 3653 569 3708 constanter
589 3644 633 3707 sit
658 3645 691 3707 in
714 3643 893 3708 intelledtu
912 3646 993 3718 veri,
1014 3655 1049 3708 et
1073 3646 1152 3709 inde
1176 3648 1267 3729 sapi·

147 3741 242 3803 entia
254 3761 314 3821 per
326 3757 477 3802 amorem
488 3759 568 3802 vere
578 3737 806 3821 conjugialem
820 3759 828 3803 :
852 3739 912 3802 sed
925 3740 968 3803 de
980 3739 1033 3802 his
1045 3741 1079 3803 in
1092 3742 1266 3824 sequenti·

148 3837 210 3900 bus
230 3835 335 3918 plura.

212 3941 306 3993 101.
327 3926 450 4010 [(xii.)]
474 3926 571 4005 Quod
577 3929 641 3991 duo
649 3932 801 4014 conjuges
814 3929 884 3993 sint
893 3930 955 3992 illa
957 3931 1078 4010 forma
1089 3931 1124 3993 in
1136 3931 1267 3995 intimis

148 4023 230 4098 suis,
253 4034 285 4086 et
306 4024 384 4086 inde
405 4023 439 4085 in
462 4024 671 4105 sequentibus
693 4046 735 4086 ex
756 4025 837 4099 illis,
858 4025 943 4088 sicut
964 4026 1127 4089 r'nterrora
1146 4028 1266 4092 mentis

148 4118 282 4181 illorum
305 4126 425 4199 aperta
451 4118 671 4181 sunt-Sunt
699 4120 764 4183 tria
793 4141 839 4182 ex
867 4121 989 4201 quibus
1019 4122 1130 4184 omnis
1157 4123 1266 4189 homo

148 4214 319 4288 consistit,
337 4223 373 4276 et
392 4233 478 4295 quae
501 4214 536 4275 in
559 4214 676 4276 ordine
696 4223 884 4296 sequuntur
902 4216 990 4297 apud
1011 4216 1117 4290 illum,
1139 4218 1265 4294 anima,

148 4325 257 4381 mens,
277 4317 313 4370 et
340 4327 483 4388 corpus;
511 4308 667 4370 intimum
691 4308 762 4390 ejus
790 4318 844 4370 est
873 4310 996 4385 anima,
1017 4312 1165 4373 medium
1194 4311 1266 4392 ejus

148 4410 202 4465 est
222 4421 330 4480 mens,
348 4412 384 4467 et
404 4402 560 4466 ultimum
580 4402 650 4484 ejus
667 4412 720 4468 est
738 4422 871 4482 corpus.
917 4403 1030 4471 Omne
1046 4407 1137 4487 quod
1157 4406 1266 4471 influit

620 4634 790 4688 Α
