2782 5026
387 109 438 160 DE
461 108 596 161 AMORE
618 109 938 176 CONJUctnbte-ra
959 111 1010 162 20.
1216 113 1257 179 23

185 290 252 349 19.
278 276 339 335 Sed
357 277 437 334 circa
449 294 604 348 vesperam
619 278 703 334 venit
720 294 824 335 cursor
840 276 968 335 amictus
986 278 1081 335 linteo
1095 279 1133 335 ad
1153 279 1257 336 decem

126 360 268 415 advenas
286 358 414 414 comites
432 359 588 430 angeline
606 358 746 413 invitavit
764 359 831 414 iilos
849 359 887 415 ad
907 359 1028 430 nuptias
1046 372 1191 430 sequente
1209 360 1258 416 die

125 438 346 502 celebrandam
364 447 396 493 et
410 439 543 493 advenae
558 438 644 494 valde
663 437 765 493 laetati
783 447 863 501 sunt,
878 439 960 508 quod
979 438 1070 493 etiam
1086 440 1178 495 visuri
1196 441 1258 496 sint

127 518 255 588 nuptias
269 517 300 570 in
313 517 406 572 caelo.
444 517 518 572 Post
536 517 602 578 hoc.
616 515 698 571 duell
714 527 785 572 sunt
803 518 840 572 ad
856 517 1006 588 quendam
1022 519 1225 574 consiliarium
1240 536 1259 576 a

127 596 235 658 latere,
248 606 281 651 et
293 607 476 651 cenaverunt
488 613 557 650 cum
573 596 640 658 ilio;
658 606 690 651 et
705 606 775 666 post
789 612 893 653 cenam
910 597 1070 658 redierunt,
1083 608 1114 652 et
1128 614 1257 653 secesse-

126 686 204 730 runt
216 677 257 730 ab
270 675 407 737 invicem,
419 676 547 746 quisque
561 676 592 730 in
605 692 692 730 suum
705 675 884 739 cubiculum,
898 686 929 730 et
942 676 1151 731 dormiverunt
1164 693 1257 748 usque

127 756 169 810 ad
184 772 285 810 mane.
1248 807 1251 813 .

187 834 228 889 Et
250 845 324 889 tunc
345 833 479 904 evigilati
499 833 661 889 audiebant
682 844 804 889 cantum
825 834 977 906 virginum
999 844 1030 890 et
1052 829 1218 904 puellarum
1240 852 1258 890 e

126 915 275 970 domibus
285 915 397 969 circum
407 913 514 976 iorum,
524 914 562 968 de
572 931 633 984 quo
643 930 748 983 supra:
762 916 925 970 canebatur
934 925 1007 969 tunc
1016 913 1137 970 allectio
1145 917 1257 971 amoris

125 995 312 1066 coniugialia
323 1012 330 1057 ;
349 1011 386 1049 ex
395 996 481 1064 cujus
490 995 638 1050 suavitate
648 994 768 1064 penitus
775 993 876 1050 allecti
886 1005 918 1050 et
927 994 1041 1066 perciti.
1052 996 1257 1066 percipiebant

125 1075 253 1130 beatam
267 1074 483 1130 amoenitatem
499 1075 619 1130 insitam
634 1075 751 1146 gaudiis
766 1075 836 1137 auis,
849 1091 926 1145 quae
940 1076 1078 1131 elevabat
1092 1075 1151 1139 illa.
1165 1087 1197 1131 et
1212 1077 1256 1131 in-

126 1155 266 1209 novabat
279 1154 338 1208 illa

184 1233 264 1289 Cum
275 1243 396 1304 tempus
408 1245 480 1295 erat.
490 1234 567 1288 dixit
576 1234 709 1305 angelus.
720 1241 736 1264 ⁴·
745 1233 905 1305 Accingite
915 1250 978 1296 vos,
988 1243 1019 1289 et
1030 1234 1145 1290 induite
1155 1245 1256 1291 vestes

124 1314 215 1375 caeli,
228 1329 304 1384 quas
319 1313 458 1384 princeps
472 1325 576 1369 noster
587 1315 625 1368 ad
640 1330 695 1368 vos
710 1313 858 1369 miserat.”
894 1313 940 1368 Ac
956 1314 1127 1376 induerunt.
1140 1324 1172 1370 et
1186 1330 1256 1371 ecce

125 1404 233 1449 vestes
246 1394 445 1464 splendebant
455 1394 533 1448 sicut
545 1410 583 1448 ex
595 1395 661 1448 luce
672 1394 823 1456 flammea:
841 1403 872 1448 et
882 1394 1094 1463 quaesiverunt
1106 1397 1254 1466 angelum,

125 1482 143 1504 ⁴⁴
154 1473 249 1529 Unde
264 1473 362 1529 hoc?''
400 1473 577 1543 Respondit.
591 1472 694 1545 “Quia
708 1474 746 1529 ad
764 1473 884 1542 nuptias
903 1474 973 1528 ituri
988 1474 1076 1537 estis:
1101 1475 1181 1545 apud
1198 1493 1255 1531 nos

126 1565 206 1610 tunc
219 1555 380 1624 splendent
392 1564 499 1615 vestes,
512 1563 543 1607 et
556 1553 632 1607 frunt
645 1552 820 1623 nuptiales.''

184 1645 254 1692 2⁰.
280 1633 355 1688 Post
368 1635 442 1688 baec
451 1633 537 1687 duxit
549 1633 672 1705 angelus
683 1633 750 1687 iilos
759 1633 797 1689 ad
808 1633 931 1687 domum
945 1634 1125 1704 nuptiarum.
1136 1645 1167 1691 et
1178 1635 1254 1706 jani·

126 1725 180 1770 tor
194 1714 313 1785 aperuit
332 1713 426 1775 iores:
444 1724 476 1768 et
491 1729 561 1767 mox
577 1713 657 1767 intra
674 1712 766 1768 limen
781 1712 892 1783 recepti
911 1723 943 1768 et
957 1715 1078 1769 salutati
1093 1717 1131 1770 ab
1146 1717 1254 1787 angelo

126 1796 226 1850 misso
243 1810 262 1849 a
281 1809 401 1865 sponso.
421 1808 456 1848 ac
475 1791 638 1848 introduili
660 1803 739 1855 sunt,
759 1801 791 1847 et
811 1791 934 1846 adduili
956 1794 994 1847 ad
1016 1795 1103 1849 sedes
1121 1811 1176 1865 pro
1196 1797 1254 1850 iliis

128 1875 320 1946 designatam
339 1884 370 1928 et
383 1889 453 1928 mox
467 1872 584 1927 invitati
599 1873 628 1926 in
642 1872 880 1935 antithalamum,
893 1872 944 1927 ubi
956 1873 1096 1928 viderunt
1109 1874 1139 1928 in
1153 1875 1254 1930 medio

128 1970 276 2016 mensam,
289 1969 379 2024 super
390 1968 449 2024 qua
465 1953 596 2024 positum
615 1961 680 2007 erat
693 1951 884 2023 magnificum
897 1953 1109 2008 candelabrum
1127 1953 1253 2010 instruc-

129 2045 196 2088 tum
211 2044 329 2104 septem
344 2033 467 2088 calamis
485 2044 516 2088 et
534 2031 653 2103 scyphis
671 2047 708 2087 ex
726 2048 814 2095 aur03
833 2043 864 2086 et
879 2033 916 2087 ad
935 2033 1064 2103 parietes
1082 2034 1253 2103 pendebant

131 2115 287 2185 lycbnaria
295 2130 332 2168 ex
342 2123 468 2184 argento
479 2130 486 2175 ;
499 2113 653 2183 exquibus
662 2113 796 2167 accensis
805 2113 943 2182 apparuit
953 2114 1164 2184 atmosphaera
1174 2114 1252 2168 sicut

131 2208 239 2249 aurea:
256 2205 288 2249 et
299 2193 440 2250 viderunt
452 2193 489 2246 ad
510 2193 603 2247 latera
614 2192 785 2247 candelabri
800 2193 885 2247 binas
903 2209 1030 2255 mensas,
1044 2210 1133 2264 super
1144 2193 1253 2264 quibus

84 2270 96 2289 '
133 2274 162 2329 in
175 2274 286 2344 triplici
299 2273 405 2328 ordine
419 2272 541 2344 repositi
554 2283 640 2327 erant
652 2288 760 2343 panes;
779 2282 810 2328 et
823 2273 853 2327 in
866 2283 996 2345 quatuor
1004 2274 1122 2346 angulis
1135 2288 1252 2330 mensas

132 2370 222 2426 super
233 2355 342 2425 quibus
354 2364 439 2408 erant
454 2353 554 2424 cyathi
567 2353 739 2424 crystallini.

186 2433 266 2489 Dum
280 2432 331 2487 illa
343 2433 517 2494 lustrabant.
528 2447 597 2499 ecce
609 2432 798 2501 aperiebatur
810 2431 929 2502 ianuae
942 2433 1077 2488 conclavi
1089 2432 1174 2503 juxta
1185 2434 1253 2488 tha·

133 2512 252 2575 lantum,
265 2521 297 2567 et
308 2512 450 2566 viderunt
464 2527 516 2566 sex
529 2511 660 2582 virgines
672 2521 825 2573 exeuntes.
838 2521 871 2566 et
888 2523 957 2582 post
976 2512 1041 2567 illas
1056 2528 1200 2583 sponsum
1220 2523 1253 2568 et
1326 2534 1329 2541 ·

133 2605 282 2663 sponsam,
294 2600 433 2645 tenentes
446 2606 478 2645 se
491 2591 636 2652 manibus,
650 2599 681 2644 et
694 2590 838 2645 ducentes
853 2606 885 2645 se
898 2591 936 2644 ad
949 2592 1066 2654 solium,
1080 2593 1162 2662 quod
1176 2608 1193 2646 e
1206 2608 1252 2646 re-

133 2672 220 2742 gione
238 2669 408 2725 candelabri
427 2669 558 2740 positum
577 2679 649 2730 erat,
664 2685 755 2739 super
772 2685 833 2739 quo
851 2685 883 2724 se
902 2679 1106 2739 reposuerunt,
1123 2686 1252 2741 sponsus

134 2751 169 2804 sd
179 2750 340 2809 sinistram,
351 2759 383 2803 et
394 2764 504 2820 sponsa
514 2749 552 2803 ad
562 2748 699 2802 dextram
709 2750 791 2818 ejus;
810 2758 841 2803 et
850 2764 902 2803 sex
911 2749 1041 2819 virgines
1051 2752 1251 2806 constiterunt

133 2830 169 2883 ad
183 2830 264 2884 latus
278 2828 345 2883 solii
360 2828 446 2898 juxta
460 2842 609 2897 sponsam.
647 2826 781 2897 Sponsus
800 2828 924 2882 indutus
939 2839 1002 2881 erat
1021 2830 1112 2898 pallio
1130 2846 1167 2883 ex
1182 2846 1252 2900 pur-

134 2923 206 2978 pura
217 2909 346 2969 iucente,
359 2917 390 2961 et
404 2907 506 2960 tunica
518 2921 554 2959 ex
567 2907 657 2977 bysso
669 2907 854 2975 splendente,
864 2922 932 2961 cum
947 2907 1075 2977 ephodo,
1089 2924 1178 2978 super
1189 2925 1251 2978 quo

133 2997 195 3042 erat
204 2985 325 3042 bratica
334 3001 423 3040 aurea
432 2986 642 3040 adamantibus
651 2985 877 3048 circumobsita;
896 2997 927 3041 et
937 2985 1072 3041 bratteae
1083 2987 1251 3058 insculptus

134 3076 195 3120 erat
207 3066 307 3137 pullus
319 3065 445 3136 aquilae,
455 3064 573 3136 insigne
585 3065 720 3135 nuptiale
733 3065 823 3134 hujus
833 3065 986 3120 societatis
996 3067 1086 3126 caeli:
1104 3077 1135 3120 et
1147 3067 1251 3136 sponsi

135 3157 220 3215 caput
230 3145 351 3216 tegebat
360 3144 477 3199 cidaris.
508 3143 625 3215 Sponsa
634 3152 734 3198 autem
744 3142 853 3199 amiila
863 3155 926 3198 erat
935 3144 1092 3215 chlamyde
1101 3147 1251 3209 coccinea*

135 3233 164 3278 et
173 3225 230 3280 sub
242 3225 293 3279 illa
307 3234 380 3295 toga
394 3221 537 3294 acupiila,
551 3223 695 3279 continua
712 3239 731 3278 a
749 3223 827 3278 collo
841 3223 879 3278 ad
900 3224 1000 3293 pedes,
1013 3234 1044 3278 et
1059 3226 1115 3278 sub
1130 3224 1251 3295 peilore

135 3317 206 3358 zona
217 3319 315 3365 aurea,
328 3314 359 3358 et
372 3319 462 3373 super
473 3303 571 3372 eapite
584 3318 695 3358 corona
707 3319 744 3357 ex
756 3318 830 3357 auro
841 3318 910 3356 cum
925 3303 1022 3357 insitis
1035 3305 1156 3359 rubinis.

185 3382 260 3439 Cum
275 3382 316 3437 ita
328 3382 538 3444 consederunt,
548 3383 697 3437 convertit
710 3399 742 3437 se
755 3398 883 3453 sponsus
896 3382 932 3437 ad
947 3399 1095 3452 sponsam,
1106 3400 1140 3438 ac
1154 3384 1250 3454 impo-

136 3462 191 3516 suit
202 3462 300 3533 digito
309 3461 375 3531 ejus
384 3462 528 3515 annulum
538 3477 669 3522 aureum.
678 3471 709 3516 et
719 3462 905 3532 deprompsit
914 3463 1045 3517 armillas
1055 3473 1085 3516 et
1095 3463 1249 3517 collarium

137 3555 169 3595 ex
182 3543 350 3604 unionibus,
366 3551 398 3595 et
416 3541 557 3611 alligabat
575 3541 706 3595 armillas
724 3557 815 3611 super
829 3542 957 3611 poplites
973 3558 1114 3596 manuum
1130 3544 1204 3612 ejus,
1220 3552 1251 3597 et

138 3621 283 3676 collarium
303 3622 415 3676 circum
431 3620 541 3675 collum
557 3621 630 3690 ejus.
647 3631 677 3674 et
696 3620 779 3682 dixit,
796 3621 932 3692 “Accipe
947 3622 1023 3676 haec
1037 3623 1162 3693 pignora
1171 3622 1195 3684 ;”
1219 3633 1251 3677 et

138 3700 201 3755 dum
221 3701 273 3756 illa
292 3700 417 3770 accepit.
437 3700 590 3755 osculatus
610 3708 657 3755 est
675 3700 765 3763 illam,
783 3710 815 3756 et
833 3702 918 3765 dixit,
932 3701 1044 3756 “Nunc
1063 3718 1130 3757 mea
1147 3701 1207 3764 es‚'’
1219 3714 1250 3757 et

137 3781 248 3836 vocavit
260 3781 342 3836 illam
356 3795 441 3834 suam
454 3794 587 3834 uxorem.

183 3858 249 3915 Hoc
268 3857 350 3914 iacto
365 3859 572 3913 clamaverunt
586 3858 713 3922 invitati,
726 3866 743 3890 ‘⁴
751 3858 798 3914 Sit
812 3858 1016 3922 benediillo;”
1035 3859 1094 3914 hoc
1108 3859 1249 3915 clamavit

137 3939 253 4010 quisque
272 3955 327 4009 per
341 3953 383 4000 se,
397 3948 430 3993 et
448 3938 518 3993 dein
537 3954 642 3993 omnes
660 3939 762 4001 simui:
782 3955 858 3993 unus
873 3955 892 3993 a
910 3939 1042 4010 principe
1060 3939 1168 3994 missus
1181 3939 1247 3995 vice

137 4015 191 4084 ejus
202 4019 294 4073 etiam
308 4018 502 4080 acclamavit;
521 4027 551 4072 et
563 4034 601 4072 eo
614 4031 768 4072 momento
782 4018 960 4087 implebatur
971 4019 1184 4073 antithalamus
1198 4019 1246 4076 ilie

138 4093 208 4156 iumo
219 4097 400 4163 aromatico.
415 4097 497 4168 quod
510 4106 574 4152 erat
586 4096 705 4168 signum
720 4096 937 4153 beneditllonis
949 4115 966 4154 e
978 4099 1071 4154 caelo.
