2782 5026
176 430 219 512 78
526 441 709 494 nameus
730 440 960 493 stamme
1044 496 1051 505 ,

174 612 292 668 derium
306 613 430 668 vivendi
444 628 512 667 eum
529 629 590 667 una
603 613 669 668 solt
683 629 785 674 uxore,
799 623 832 669 et
849 613 910 668 boe
923 611 1108 668 desiderium
1121 622 1171 668 ea
1185 591 1325 668 bomin³

174 691 351 750 Christiarm
363 693 528 747 secundum
540 694 608 762 ejus
619 693 824 762 religionen?

231 771 344 827 Postea
365 773 481 826 indolui
502 773 619 843 spiritu.
638 773 721 843 quod
741 771 893 842 conjugis,
911 787 990 842 quse
1010 771 1042 825 iu
1064 770 1200 842 antiquis
1218 773 1332 827 sevit

173 849 366 906 uastissima
377 851 505 913 luerunt,
516 863 580 906 tam
594 852 712 921 perdite
723 867 870 905 convena
881 851 944 906 siut
956 851 986 904 iu
999 851 1160 905 adulteria.

231 930 271 985 Et
288 931 366 985 dixit
383 932 517 1002 angelus.
537 929 667 986 “Simile
681 941 729 985 est
748 946 819 985 cum
836 930 983 1002 religione
1000 931 1110 993 bodie;
1135 946 1207 986 uum
1225 930 1305 984 uicit

177 1007 336 1072 Dominus,

222 1121 297 1178 Quod
314 1120 563 1166 inconsummatione
578 1119 1303 1178 saeculiiutnrasitabominatiodesoiatiou'sspraedidixa

300 1182 410 1227 umere„
442 1181 1303 1240 uqmummnsrautmonagneansmrmaumuomu

298 1243 401 1302 (Matri.
413 1243 476 1288 xxiv.
490 1253 525 1299 ις,
538 1244 593 1300 ari:

176 1350 381 1408 'abominatio
398 1350 612 1405 desolationis'
629 1349 780 1422 significat
796 1349 1039 1407 falsificationem
1063 1361 1096 1406 et
1118 1350 1303 1421 deprivatio-

176 1448 246 1486 nem
264 1431 364 1486 omnis
379 1431 459 1491 veri:
478 1428 631 1485 ‘afflietio'
643 1429 794 1501 significat
805 1441 918 1485 statum
931 1431 1075 1486 ecclesiae
1088 1431 1267 1486 infestatum
1285 1447 1304 1486 a

177 1510 263 1565 malis
274 1521 306 1564 et
319 1508 417 1571 falsis:
436 1522 467 1564 et
477 1510 715 1564 ‘consummatio
727 1510 858 1571 saeculi·
868 1511 907 1565 de
919 1526 981 1581 quo
994 1511 1045 1564 illa
1057 1508 1140 1564 ditia
1152 1521 1234 1570 sunt
1245 1511 1303 1581 sig·

177 1589 280 1644 nificat
289 1590 429 1644 ultimum
439 1600 561 1658 ternpus
570 1605 622 1643 seu
632 1588 722 1644 finem
733 1589 885 1644 ecclesiae
923 1588 978 1643 Est
987 1605 1067 1644 nunc
1077 1589 1154 1650 finis.
1163 1591 1304 1661 quianon

175 1679 313 1740 superest
331 1685 445 1728 verum.
461 1668 543 1738 quod
563 1684 624 1723 non
643 1667 832 1722 falsificatum
851 1679 907 1731 est,
925 1684 961 1723 ac
986 1668 1157 1723 falsificatio
1175 1669 1240 1723 veri
1259 1681 1305 1724 est

175 1748 322 1803 scortatio
334 1748 506 1818 spiritualis,
519 1763 596 1817 quae
610 1764 705 1801 unum
720 1748 783 1819 agit
796 1763 865 1802 cum
881 1749 1065 1803 scortatione
1080 1747 1221 1811 naturali,
1234 1749 1306 1820 quia

176 1827 367 1882 cohaerent.”

231 1907 291 1964 81.
310 1904 387 1961 Cum
400 1905 439 1961 de
453 1905 500 1960 bis
514 1905 602 1960 nobis
614 1921 715 1960 sermo
726 1915 759 1960 et
770 1906 860 1961 dolor
873 1904 940 1966 luit.
950 1906 1052 1961 subito
1062 1907 1205 1976 apparuit
1216 1907 1306 1978 juber

176 1984 253 2040 lucis
267 1984 387 2040 iortiter
399 1985 549 2056 stringens
561 1985 667 2040 oculos
680 2001 781 2048 meos;
799 2002 892 2057 quare
904 1986 1024 2055 suspexi
1035 1994 1047 2039 ε’
1063 1996 1094 2040 et
1113 2002 1186 2040 ecce
1205 1997 1305 2041 totum

176 2065 293 2120 caelum
303 2081 393 2134 super
402 2065 489 2119 nobis
498 2064 637 2134 apparuit
647 2064 839 2126 luminosum.
849 2076 881 2120 et
892 2065 932 2119 ab
943 2065 1061 2120 oriente
1074 2065 1103 2118 in
1113 2066 1305 2120 occidentem

178 2143 219 2198 ibi
238 2144 269 2198 in
288 2145 379 2215 longa
393 2145 470 2198 serie
482 2144 586 2198 audita
597 2155 645 2198 est
658 2145 848 2214 Glorrficate'o.

233 2223 271 2278 Et
289 2223 367 2278 dixit
385 2223 459 2278 mihi
474 2225 607 2295 angelus.
623 2223 838 2278 “Gloriticatio
853 2223 904 2277 illa
921 2233 968 2278 est
983 2222 1163 2295 glorificatio
1180 2222 1307 2278 Domini

178 2312 301 2374 pmpter
310 2304 474 2358 adventum
489 2303 595 2374 Ipsius,
605 2319 682 2374 quae
694 2302 729 2356 fit
741 2303 780 2356 ab
797 2302 912 2374 angelis
923 2303 998 2357 oaeli
1011 2302 1169 2358 orientalis
1181 2314 1215 2358 et
1227 2304 1308 2359 occi·

178 2381 337 2437 dentalis?

233 2463 258 2517 Ε
276 2462 360 2517 caelo
374 2461 562 2517 meridionali
580 2471 613 2516 et
630 2460 859 2532 septentrionali
873 2476 934 2515 non
947 2460 1126 2514 audiebatur
1138 2460 1198 2517 nisi
1213 2478 1306 2533 quam

178 2532 309 2588 facetum
324 2549 466 2587 murmur.

232 2612 270 2666 Et
282 2613 354 2684 quia
365 2612 490 2683 angelus
504 2611 652 2665 intellexit
664 2609 775 2671 omnia.
789 2610 867 2664 dixit
880 2609 954 2663 mihi
965 2610 1104 2679 primurn,
1115 2610 1200 2680 quod
1210 2601 1307 2682 glori·

178 2690 334 2745 ficationes
345 2702 376 2745 et
389 2691 607 2745 celebrationes
619 2689 742 2743 Domini
754 2688 828 2743 fiant
840 2706 877 2744 ex
887 2689 997 2750 Verbo,
1007 2689 1079 2759 quia
1091 2700 1166 2743 tunc
1177 2689 1256 2744 fiunt
1270 2707 1308 2745 ex

179 2769 321 2829 Domino.
334 2770 482 2824 Dominus
491 2770 571 2823 enim
582 2780 628 2824 est
638 2768 780 2827 Verbum.
792 2768 850 2823 hoc
857 2779 914 2830 ost,
924 2769 1022 2838 ipsum
1035 2767 1180 2823 Divinum
1191 2769 1308 2834 Verum

180 2848 230 2903 ibi.
263 2849 300 2904 Et
313 2850 398 2911 dixit,
410 2857 425 2878 ¹¹
436 2847 462 2902 N
465 2865 523 2902 unc
537 2849 566 2902 in
579 2848 679 2919 specie
688 2848 858 2919 glorificant
871 2859 902 2902 et
914 2848 1066 2903 celebrant
1078 2847 1245 2903 Dominum
1257 2866 1309 2920 per

178 2927 261 2989 baec,
274 2944 351 2999 quae
365 2943 420 2998 per
432 2927 590 2982 Danielem
607 2927 785 2998 prophetam
799 2925 880 2981 dista
891 2937 978 2982 sunt:

225 3038 325 3085 ‘Vidisti
336 3038 423 3084 serrum
435 3038 536 3083 mixtum
547 3051 603 3084 erun
611 3039 695 3096 argilis
704 3038 755 3090 luti.
763 3039 953 3084 commiscebant
961 3051 987 3084 se
996 3052 1040 3098 per
1049 3051 1132 3084 semen
1142 3038 1257 3093 hominis.
1266 3041 1309 3087 sed

300 3113 351 3145 uon
366 3100 530 3144 cohaerebunt
538 3132 609 3145 .....
637 3099 728 3143 Verum
744 3101 769 3144 iu
786 3099 872 3145 diebus
883 3099 942 3146 iliis.
952 3134 959 3146 .
969 3113 1081 3157 ,surgere
1091 3099 1161 3145 faciet
1174 3100 1243 3146 Deus
1255 3115 1309 3146 ese·

300 3160 379 3205 lorum
386 3172 495 3217 regnum.
502 3160 570 3217 quod
577 3159 601 3203 in
610 3159 706 3203 saecula
711 3172 761 3204 nou
769 3160 869 3216 peribit;
882 3167 1052 3206 ....oouteret
1059 3167 1083 3205 et
1090 3168 1220 3206 consumet
1226 3162 1309 3207 omnia

300 3221 342 3266 illa
351 3233 428 3278 regna
438 3220 525 3279 ipsum,
534 3227 616 3265 autem
625 3220 698 3265 stabit
708 3221 733 3265 iu
743 3219 851 3269 ιωοιιιι·
862 3218 876 3238 ”
888 3220 967 3278 (Das.
977 3221 1002 3267 ii.
1013 3234 1051 3279 43.
1062 3222 1113 3279 44).

234 3326 309 3384 Post
322 3328 397 3383 haec
409 3326 510 3382 audivi
528 3328 606 3382 sicut
618 3342 723 3382 vocem
737 3338 852 3390 cantus,
864 3339 897 3382 et
915 3327 1046 3398 penitius
1065 3329 1095 3383 in
1112 3329 1232 3384 oriente
1244 3330 1309 3384 vidi

179 3422 336 3463 coruscum
356 3408 430 3463 lucis
450 3407 541 3478 priori
560 3406 777 3477 splendentius,
796 3418 828 3481 et
852 3408 986 3479 quaesivi
1005 3409 1145 3480 angelum
1165 3408 1241 3479 quid
1268 3409 1309 3464 ibi

176 3486 359 3560 glorificant.

235 3564 319 3621 Dixit
332 3565 413 3637 quod
428 3563 512 3620 “Per
524 3564 599 3619 baec
611 3565 691 3635 apud
707 3564 872 3628 Danielem,

226 3680 333 3727 Videas
343 3677 402 3723 iui'
396 3690 421 3723 ιιι
436 3676 567 3722 visionibus
575 3675 661 3732 noetis,
670 3684 694 3722 et
708 3690 765 3723 eooe
780 3690 837 3730 eum
847 3677 952 3724 nubibus
962 3677 1021 3724 meli
1038 3677 1100 3724 sicut
1110 3677 1192 3733 Filius
1203 3677 1309 3725 hminis

301 3738 359 3784 tult-
353 3772 424 3792 ,,,,,
434 3744 458 3783 et
467 3737 533 3783 liure
541 3738 624 3782 datum
633 3744 668 3782 est
676 3737 825 3784 dominium
834 3745 873 3784 et
881 3751 991 3796 regnum
997 3745 1022 3785 et
1031 3750 1117 3784 omnes
1123 3726 1208 3797 popuii
1217 3746 1242 3784 et
1251 3753 1310 3798 gen·

301 3806 352 3844 tes
360 3798 460 3856 .1psum
470 3798 563 3852 colent;
579 3798 713 3843 dominium
723 3797 801 3855 ipsius
808 3798 942 3844 dominium
953 3798 1042 3844 saenuli
1044 3799 1126 3856 quod
1132 3812 1183 3844 uon
1191 3801 1311 3855 venibit,

301 3867 327 3906 et
336 3871 438 3918 reguum
451 3859 529 3917 Ipsius
539 3859 606 3916 quod
616 3870 666 3903 nou
676 3857 774 3916 peribit
784 3857 864 3917 (Du.
874 3859 914 3907 rii.
926 3869 964 3918 ¹³·
975 3864 1025 3919 14).

183 3968 307 4029 Praeter
319 3968 377 4031 illa,
387 3967 539 4023 celebrant
550 3965 715 4022 Dominum
728 3982 766 4021 ex
779 3967 866 4022 bisin
879 3967 1061 4039 Apocahpsr',

233 4072 294 4139 Jesu
313 4068 423 4116 Christo
432 4068 461 4113 sit
479 4065 556 4127 gloria
571 4072 595 4112 et
610 4065 730 4114 robur...
741 4067 897 4119 :eccerenit
915 4081 971 4114 eum
984 4065 1111 4122 nubibus!
1123 4067 1181 4128 lpse
1198 4074 1253 4116 ert
1262 4071 1309 4118 nl·

302 4130 353 4190 pbn
367 4136 391 4175 et
409 4127 512 4198 Ornega
526 4126 670 4184 Principium
689 4134 713 4173 et
733 4127 805 4181 Finis,
818 4127 911 4174 Primus
929 4135 953 4173 et
972 4129 1116 4182 intimus...
1127 4130 1185 4187 ,qui
1204 4138 1249 4184 est
1263 4132 1307 4190 qui

303 4190 354 4243 init.
366 4197 390 4235 et
407 4189 448 4246 qui
467 4194 582 4233 venturus
593 4194 636 4240 ert.
647 4188 808 4246 omnipotens.
840 4189 1086 4266 FgoJohanum3„
1097 4190 1195 4236 audin
1211 4191 1261 4238 boe
1276 4206 1308 4239 ex

302 4252 366 4299 Filio
376 4249 479 4296 hominis
489 4262 503 4294 e
514 4249 594 4294 rnedio
604 4256 695 4306 septem
707 4250 926 4297 candelabromm''
938 4250 1042 4310 (Αροι.Ι
1036 4263 1052 4296 ι.
1064 4259 1095 4308 5-
1098 4261 1121 4306 7.
1130 4249 1165 4311 [8
1172 4251 1208 4311 91.
1219 4265 1308 4310 10-133

304 4326 357 4370 cap.
370 4310 426 4355 xxii.
440 4322 483 4367 13:
502 4316 595 4354 turnex
608 4309 696 4354 Mutela.
709 4311 771 4356 xxiv.
784 4323 821 4369 30,
830 4308 880 4369 31).

238 4419 398 4494 Spediavi
391 4429 498 4474 iterum
513 4417 543 4472 in
556 4417 672 4473 caelum
682 4418 836 4482 orientale,
848 4429 880 4475 et
894 4420 991 4476 illuxit
1004 4437 1022 4475 a
1034 4421 1126 4476 latere
1139 4422 1258 4486 dextro,
1271 4437 1307 4478 ac
