2782 5026
360 442 910 511 DEAMORECONJUGIAL1.-N.
931 448 1002 516 399.
1176 451 1239 519 309

108 613 295 680 sedetiam
308 612 398 679 ultra
409 615 453 679 ad
468 615 678 698 vegetabilia
693 626 728 681 et
745 616 920 682 mineralia
934 615 982 702 (n.
1000 617 1076 702 389)
1092 641 1099 686 :
1124 629 1237 684 trans·

108 711 135 776 it
160 712 269 776 etiam
299 713 334 774 in
358 712 468 793 ipsam
492 723 630 788 terram,
655 734 741 796 quae
764 715 914 778 omnium
934 715 1177 798 vegetabilium
1201 726 1238 782 et

108 806 329 870 mineralium
349 815 461 871 mater
479 818 554 886 est;
577 807 664 871 haec
684 811 775 872 enim
794 818 950 891 tempore
973 811 1062 874 veris
1083 811 1119 873 in
1140 822 1238 875 statu

108 913 323 983 praeparato
345 901 389 964 ad
412 903 647 983 receptionem
670 904 837 966 seminum
860 905 956 987 quasi
985 906 1019 968 in
1049 915 1148 969 utero
1170 918 1237 982 est,

108 1017 149 1061 ac
171 1016 251 1060 cum
270 998 410 1078 recepit,
427 998 524 1079 quasi
543 998 704 1079 concipit,
722 998 781 1062 illa
799 999 904 1074 fovet,
921 1010 1049 1082 gestat,
1067 1001 1236 1079 excludit,

108 1089 234 1166 lad'tat,
255 1092 371 1165 nutrit,
390 1093 519 1166 amicit,
540 1091 676 1168 educat,
696 1094 860 1169 custodit,
877 1105 914 1158 et
932 1096 1029 1177 quasi
1047 1104 1140 1158 amat
1158 1116 1237 1178 pro·

108 1188 252 1269 geniem
271 1207 317 1249 ex
340 1186 417 1262 illis,
438 1198 474 1250 et
497 1189 544 1250 sic
565 1208 676 1268 porro
722 1187 807 1252 Cum
827 1189 973 1269 sphaera
991 1191 1238 1273 procreationis

108 1282 181 1346 illic
198 1281 306 1357 vadit,
323 1282 404 1365 quid
423 1292 504 1345 tunc
522 1303 590 1346 non
608 1283 651 1346 ad
668 1284 779 1346 omnis
795 1285 931 1365 generis
946 1285 1117 1360 animalia,
1132 1306 1237 1367 usque

108 1377 155 1440 ad
175 1377 335 1440 vermes?
380 1375 482 1459 Quod
501 1379 588 1440 sicut
609 1388 701 1441 terra
719 1380 910 1457 communis
929 1392 1039 1444 mater
1058 1381 1237 1462 vegetabi-

108 1471 195 1535 lium
215 1482 282 1546 est,
302 1472 406 1535 etiam
426 1473 471 1535 sit
490 1474 680 1536 communis
699 1484 810 1537 mater
828 1493 930 1557 apum
952 1475 987 1537 in
1006 1476 1127 1558 quovis
1145 1474 1238 1539 alve-

109 1569 172 1642 ari,
193 1568 229 1629 in
248 1566 431 1648 explorato
449 1575 514 1631 est.
803 1626 806 1631 ,

174 1661 281 1744 398.
305 1661 372 1743 (x.)
400 1660 497 1738 Quod
515 1661 550 1724 in
575 1683 611 1724 ea
628 1662 744 1743 gradu
766 1662 803 1726 in
825 1684 888 1745 qua
909 1663 1032 1727 recedit
1053 1664 1237 1728 r’rrnocentia

111 1756 209 1838 apud
213 1757 372 1836 infantes,
384 1757 484 1819 etr'am
493 1757 686 1820 remittatur
695 1757 827 1840 affatim
836 1769 868 1822 et
875 1759 1064 1842 commatico,
1075 1769 1106 1821 et
1118 1758 1236 1823 idsuc·

111 1852 238 1914 cessim
248 1871 350 1933 usque
364 1850 414 1914 ad
424 1852 826 1933 separationem—Quod
843 1875 864 1916 a
880 1856 1078 1935 parentibus
1095 1855 1236 1918 recedat

111 1966 211 2009 amor
233 1946 411 2019 infantum,
436 1967 495 2009 seu
518 1956 648 2028 storge,
673 1948 861 2010 secundum
885 1951 1113 2012 recessionem
1136 1950 1235 2012 inno·

112 2042 249 2105 centiae
282 2041 326 2103 ab
358 2041 435 2116 illis,
467 2051 503 2104 et
536 2042 627 2124 quod
661 2041 801 2105 recedat
834 2063 939 2126 usque
975 2045 1019 2107 ad
1052 2044 1235 2107 liberorum
1272 2046 1275 2055 ¹

111 2136 366 2218 separationem
396 2156 416 2198 a
438 2135 542 2200 domo
565 2137 654 2217 apud
682 2136 850 2213 homines,
874 2147 910 2201 et
934 2159 1039 2220 usque
1061 2139 1106 2202 ad
1128 2137 1234 2219 rejec-

111 2232 246 2296 tionem
276 2251 297 2294 a
328 2231 531 2311 praesentia,
556 2242 591 2294 et
621 2231 665 2293 ad
696 2231 903 2295 oblivionem
932 2233 1023 2315 quod
1053 2254 1099 2296 ex
1127 2234 1234 2314 stirpe

109 2346 173 2390 sua
203 2326 284 2399 sint,
309 2325 399 2405 apud
427 2325 556 2387 bestias
586 2335 622 2388 et
651 2346 744 2400 aves,
769 2337 888 2389 notum
912 2337 984 2390 est:
1019 2348 1065 2390 ex
1094 2327 1171 2402 hoc,
1196 2336 1234 2391 ut

108 2442 157 2485 ex
180 2420 306 2483 indicio
329 2418 542 2494 confirmato,
563 2420 667 2483 etiam
690 2432 850 2485 constare
873 2431 1001 2502 potest,
1021 2423 1111 2503 quod
1134 2423 1233 2485 inno-

108 2516 229 2580 centia
250 2515 407 2597 utrinque
436 2514 578 2578 influens
601 2535 753 2579 amorem
776 2526 894 2598 storge
917 2527 1079 2580 vocatum
1105 2518 1232 2601 produ·

109 2621 180 2674 cat.

174 2719 280 2787 399.
305 2700 382 2787 (xi.)
409 2702 507 2781 Quod
525 2714 636 2768 status
659 2705 842 2769 ratr'analis
863 2706 1066 2770 innocentiae
1086 2716 1118 2769 et
1134 2705 1232 2788 pacis

108 2799 207 2881 apud
216 2809 376 2879 parentes
391 2820 473 2880 erga
488 2800 645 2878 infantes,
660 2800 707 2863 sit
721 2799 813 2881 quad
826 2799 915 2862 nihil
929 2800 1037 2864 sciam
1053 2812 1085 2864 et
1098 2801 1234 2882 possint

108 2916 153 2959 ex
167 2914 212 2969 se,
230 2892 293 2956 sed
303 2914 346 2955 ex
359 2893 450 2968 aliis,
467 2894 637 2974 imprimis
654 2915 697 2956 ex
709 2904 812 2974 patre
825 2904 858 2957 et
874 2904 982 2958 matre
988 2917 1004 2969 ,·
1026 2906 1057 2958 et
1074 2894 1233 2977 quoditie

108 2999 222 3055 status
239 2989 420 3053 successive
434 2989 571 3065 recedat,
585 2990 670 3053 sicut
685 2991 793 3052 sciunt
808 2999 841 3053 et
853 2999 997 3072 possunt
1010 3012 1053 3053 ex
1067 3012 1103 3054 se
1119 3001 1151 3054 et
1168 3011 1231 3054 nan

108 3106 153 3148 ex
169 3082 398 3164 illis—Quod
418 3085 562 3164 sphaera
578 3086 703 3147 amoris
718 3085 895 3159 infantum,
913 3086 957 3150 sit
977 3086 1121 3169 sphaera
1137 3096 1231 3149 tuta·

109 3180 216 3243 tionis
242 3189 278 3242 et
308 3180 572 3242 sustentationis
594 3179 728 3242 illorum
756 3180 812 3262 qui
841 3181 1045 3262 semetipsos
1069 3182 1173 3244 tutari
1194 3189 1231 3245 et

110 3283 306 3337 sustentare
326 3285 510 3355 nequeunt,
530 3294 632 3355 supra
654 3275 688 3336 in
712 3294 773 3337 suo
790 3274 933 3338 articulo
951 3277 998 3356 (n.
1020 3275 1095 3357 391)
1112 3286 1231 3339 osten-

110 3387 185 3431 sum
205 3378 279 3446 est;
303 3369 394 3449 quod
412 3368 497 3431 haec
518 3389 620 3431 causa
639 3369 683 3432 sit
702 3368 806 3432 modo
825 3389 927 3433 causa
945 3370 1120 3433 rationalis
1139 3370 1230 3452 apud

109 3462 296 3537 hominem,
320 3483 389 3526 non
419 3474 534 3527 autem
564 3465 638 3545 ipsa
671 3484 773 3526 causa
798 3465 923 3528 amoris
952 3464 1042 3545 apud
1072 3463 1161 3539 illos,
1184 3465 1231 3527 ibi

110 3559 215 3622 etiam
235 3568 461 3621 memoratum
484 3568 559 3621 est:
588 3559 661 3639 ipsa
679 3559 861 3639 originaria
880 3578 981 3621 causa
999 3558 1086 3621 illius
1105 3559 1230 3621 amoris

109 3663 166 3717 est
187 3653 385 3717 innocentia
406 3673 427 3717 a
456 3652 617 3727 Domino,
641 3674 727 3736 quae
751 3654 925 3716 nesciente
948 3653 1085 3716 homine
1108 3653 1228 3727 influit,

110 3758 146 3813 et
165 3766 303 3811 causam
326 3747 420 3810 illam
443 3747 646 3810 rationalem
671 3748 849 3830 producit;
879 3768 983 3830 quare
1009 3748 1096 3810 sicut
1121 3748 1231 3828 prima

110 3862 213 3906 causa
227 3842 309 3906 iacit
325 3843 551 3906 recessionem
568 3844 611 3905 ab
627 3862 742 3906 amore
758 3842 829 3917 illo,
847 3843 896 3905 ita
911 3841 1009 3905 simul
1026 3862 1129 3905 causa
1142 3841 1228 3905 haec

110 3938 282 4016 secunda;
306 3958 366 4000 seu
381 3937 473 4021 quod
492 3939 582 4001 idem
598 3948 663 4013 est,
681 3938 769 4001 sicut
785 3937 1049 4001 communicatio
1064 3938 1229 4001 innocen·

110 4034 179 4097 tiae
197 4033 338 4106 recedit,
359 4033 408 4096 ita
426 4054 559 4116 quoque
578 4033 672 4096 illam
692 4034 876 4097 comitatur
893 4034 982 4096 ratio
1000 4031 1227 4114 persuadens:

109 4139 146 4192 at
162 4129 228 4193 hoc
245 4127 284 4192 fit
300 4127 411 4191 solum
427 4128 516 4209 apud
532 4128 718 4205 hominem,
735 4140 772 4192 ut
788 4128 845 4192 ille
861 4149 907 4192 ex
924 4128 1031 4191 libero
1043 4128 1228 4190 secundum

109 4227 278 4291 rationem
297 4235 380 4306 agat
399 4224 490 4308 quod
513 4225 596 4307 agit,
617 4235 652 4289 et
676 4246 721 4288 ex
745 4224 821 4302 hac,
841 4234 878 4288 ut
901 4245 946 4288 ex
970 4224 1048 4306 lege
1070 4222 1229 4287 rationali

108 4332 145 4386 et
164 4319 264 4383 simul
281 4319 401 4382 morali
420 4320 619 4402 progeniem
635 4339 731 4383 suam
747 4319 901 4383 adultam
916 4326 1087 4382 sustentet
1105 4336 1227 4381 secun-

110 4417 191 4481 dum
208 4415 436 4479 necessitates
451 4435 491 4479 ac
508 4414 697 4495 utilitates;
720 4413 805 4479 haec
817 4414 968 4478 secunda
980 4433 1081 4477 causa
1092 4420 1228 4476 nonest
