2782 5026
345 115 394 166 nn
417 99 985 180 AMORECONJUGIAL1.-N.285.
1158 113 1221 178 ²²3

89 288 178 353 sicut
196 287 297 352 salus
313 286 490 351 societatis
507 305 655 368 magnae
667 284 842 368 dependet
859 305 904 349 ex
914 283 1049 357 ordine,
1062 282 1112 346 ita
1128 281 1221 345 salus

87 385 274 448 societatis
298 381 396 463 hujus
419 402 545 464 parvae
567 402 613 445 ex
637 381 776 445 ordine:
804 400 907 463 quare
930 378 1220 462 quemadmodum

86 480 241 544 interest
266 478 422 561 personis
445 477 670 558 magistratus
693 475 862 558 dispicere
892 484 928 539 et
953 475 1158 556 prospicere,
1183 483 1221 537 ut

85 574 137 637 sit
154 582 192 637 et
211 581 372 635 servetur
387 571 473 635 ordo
491 571 525 634 in
542 570 713 634 societate
732 570 936 651 composita,
954 569 1003 632 ita
1019 566 1222 650 conjugibus

83 668 125 732 in
146 667 315 749 singulari
335 686 405 756 sua.
450 664 519 730 Sed
538 666 592 729 hic
609 666 694 730 ordo
714 684 783 729 non
803 665 926 727 dabilis
945 674 1011 741 est,
1031 665 1059 728 si
1079 665 1222 729 maritus

83 774 126 827 et
153 783 244 825 uxor
266 763 390 825 animis
412 762 593 837 dissident,
617 781 678 844 per
700 761 734 825 id
760 761 851 825 enim
875 770 993 823 mutua
1016 759 1161 823 consilia
1184 768 1220 822 et

84 858 225 922 auxilia
244 859 278 919 in
298 858 469 920 diversum
493 857 687 931 trahuntur,
707 839 747 920 a‘c
772 856 970 919 dividuntur
992 855 1081 918 sicut
1104 853 1219 927 animi,

83 965 127 1018 et
150 955 199 1017 sic
224 952 429 1015 discinditur
451 953 559 1015 forma
582 972 708 1034 parvae
732 952 930 1028 societatis;
954 971 1058 1034 quare
1077 950 1121 1013 ad
1149 970 1221 1013 ser·
1306 1013 1308 1017 ,

83 1050 247 1113 vandum
271 1048 437 1121 ordinem,
461 1057 497 1111 et
521 1067 581 1129 per
603 1046 699 1110 illum
722 1047 765 1110 ad
796 1046 1070 1129 prospiciendum
1097 1044 1161 1108 sibi
1184 1054 1220 1108 et

82 1143 197 1208 simul
216 1144 344 1217 domui,
365 1153 424 1207 aut
444 1143 559 1206 domui
576 1152 611 1206 et
628 1141 728 1205 simul
751 1142 827 1216 sibi,
848 1162 890 1204 ne
914 1142 946 1204 in
970 1161 1106 1223 pessum
1125 1150 1218 1215 eant,

80 1250 128 1304 et
149 1240 185 1302 in
206 1238 392 1321 perniciem
411 1248 524 1312 ruant,
547 1239 738 1301 necessitas
761 1236 917 1319 postulat
942 1246 979 1298 ut
1003 1235 1161 1299 dominus
1183 1245 1220 1299 et

79 1336 236 1398 domina
256 1333 481 1406 concordent,
498 1352 538 1394 ac
557 1350 660 1395 unum
684 1331 833 1409 laciant;
857 1333 948 1414 quod
969 1331 996 1393 si
1014 1351 1081 1394 non
1102 1340 1220 1412 potest

76 1428 166 1492 fieri
185 1438 328 1510 propter
346 1428 529 1490 discrimen
550 1427 728 1500 mentium,
749 1447 854 1509 usque
874 1435 911 1489 ut
935 1426 1022 1488 bene
1042 1427 1097 1501 sit,
1118 1446 1219 1508 opor·

78 1534 146 1589 tet
168 1534 206 1587 et
225 1544 360 1606 quoque
379 1524 481 1587 decet
501 1532 538 1586 ut
561 1523 594 1585 id
618 1521 678 1587 fiat
702 1542 762 1603 per
784 1522 1115 1603 repraesentativam
1134 1521 1220 1585 ami·

76 1620 213 1683 citiam
244 1618 496 1700 conjugialem;
530 1618 621 1700 quod
651 1618 730 1681 inde
763 1617 969 1680 concordiae
1000 1618 1032 1680 in
1062 1615 1220 1680 domibus

76 1715 351 1778 consarciantur
364 1723 505 1797 propter
518 1713 746 1776 necessitates
759 1722 795 1777 et
811 1713 890 1776 inde
906 1712 1084 1788 utilitates,
1098 1722 1218 1776 notum

75 1819 157 1873 est.

157 1904 257 1988 284.
289 1901 391 1986 (xiii.)
418 1899 515 1978 Quod
526 1902 596 1966 sint
607 1911 748 1985 propter
763 1924 877 1966 curam
893 1901 1072 1983 infantum,
1085 1911 1118 1966 et
1131 1924 1220 1984 erga

71 1999 226 2074 liberos,
250 1997 597 2079 unicordem—Quod
625 1998 862 2062 simulationes
885 1997 1106 2080 conjugiales,
1131 2018 1218 2080 quae

70 2105 173 2159 sunt
191 2095 417 2177 apparentiae
435 2096 561 2158 amoris
580 2104 616 2158 et
636 2094 818 2168 amicitiae,
839 2096 947 2158 instar
966 2115 1045 2158 vere
1064 2093 1219 2176 conjugi·

69 2192 209 2264 alium,
227 2200 367 2272 propter
386 2188 533 2253 inlantes
552 2198 588 2252 et
608 2188 733 2252 liberos
749 2190 839 2253 inter
857 2188 1021 2270 conjuges
1040 2189 1119 2262 sint,
1140 2209 1217 2270 per·

67 2304 196 2368 quam
216 2294 336 2347 notum
356 2293 430 2360 est;
454 2283 646 2346 communis
664 2282 785 2345 horum
805 2302 902 2346 amor
923 2283 1015 2356 lacit,
1034 2291 1070 2345 ut
1090 2282 1217 2363 conjux

64 2377 230 2462 spedtet
243 2378 425 2460 conjugem
442 2379 592 2459 benigne
608 2387 644 2442 et
660 2378 826 2442 laventer.
871 2376 982 2441 Amor
995 2377 1163 2441 infantum
1180 2390 1216 2442 et

67 2473 279 2539 liberorum
302 2474 393 2556 apud
416 2484 563 2537 matrem
587 2483 623 2538 et
647 2485 781 2557 patrem
811 2495 848 2537 se
879 2473 1103 2555 conjungunt,
1128 2475 1216 2541 sicut

63 2590 149 2634 cor
169 2579 206 2632 et
224 2569 341 2651 pulmo
359 2570 393 2632 in
412 2566 572 2652 pedlore;
597 2590 693 2633 amor
716 2569 850 2632 illorum
874 2571 963 2652 apud
988 2579 1134 2634 matrem
1162 2579 1217 2634 est

64 2666 180 2729 sicut
206 2684 266 2727 cor
289 2664 344 2738 ibi,
369 2673 405 2726 et
427 2683 525 2727 amor
547 2684 630 2745 erga
652 2664 730 2728 illos
758 2665 849 2747 apud
879 2675 1014 2747 patrem
1043 2675 1098 2729 est
1126 2665 1216 2730 sicut

64 2760 210 2843 pulmo
226 2759 291 2822 ibi:
317 2779 420 2822 causa
437 2760 704 2840 comparationis
720 2769 785 2834 est,
800 2761 877 2842 quia
893 2780 952 2823 cor
967 2761 1214 2842 correspondet

61 2855 211 2927 amori,
226 2863 262 2917 et
279 2854 397 2935 pulmo
416 2851 615 2928 intellectui,
630 2864 665 2918 et
682 2873 778 2919 amor
794 2875 839 2918 ex
856 2854 1037 2918 voluntate
1054 2864 1107 2918 est
1124 2856 1214 2937 apud

63 2959 252 3023 xnatrem,
273 2959 308 3012 et
332 2968 428 3012 amor
450 2969 495 3012 ex
520 2946 698 3012 intellectu
721 2959 775 3012 est
801 2949 890 3031 apud
918 2959 1063 3031 patrem.
1109 2949 1214 3032 Apud

61 3041 249 3109 laomines
277 3043 472 3126 spirituales
499 3053 553 3107 est
583 3041 777 3124 conjundtio
804 3043 1005 3125 conjugialis
1033 3063 1092 3125 per
1118 3044 1214 3108 illum

60 3158 245 3204 amorem
261 3159 307 3201 ex
323 3137 454 3220 justitia
471 3149 506 3203 et
521 3138 668 3220 judicio;
693 3160 739 3202 ex
754 3138 895 3220 justitia,
913 3139 991 3221 quia
1009 3149 1119 3203 mater
1135 3159 1214 3221 ges·

63 3242 228 3299 taverat
248 3232 327 3296 illos
350 3243 459 3307 utero,
480 3233 698 3298 cumdolore
721 3244 901 3317 pepererat
923 3233 1012 3309 illos,
1033 3243 1069 3297 et
1093 3244 1216 3316 postea

59 3348 169 3394 tura
182 3328 354 3392 indelessa
368 3326 484 3403 lactat,
498 3330 617 3403 nutrit,
632 3329 786 3405 mundat,
801 3330 917 3393 amicit
935 3339 971 3393 et
984 3329 1109 3392 educat
1126 3328 1213 3391 illos.

152 3424 252 3506 285·
285 3422 387 3506 (xiv.)
415 3421 512 3498 Quod
525 3424 595 3486 sint
607 3433 750 3505 propter
763 3433 879 3505 pacem
897 3424 932 3487 in
950 3422 1212 3487 doma-Simu·

59 3513 241 3583 lationes
259 3517 471 3599 conjugiales
487 3539 547 3582 seu
564 3519 734 3583 amicitiae
751 3530 919 3583 externae
936 3528 1076 3601 propter
1091 3538 1212 3600 pacem

55 3626 121 3680 et
140 3612 434 3696 tranquillitatem
454 3614 558 3688 domi,
579 3623 659 3678 sunt
679 3615 861 3697 praecipue
879 3615 971 3690 viris,
992 3616 1037 3677 ob
1056 3613 1213 3679 naturale

57 3706 395 3775 characteristicon
423 3708 569 3782 illorum,
593 3709 685 3791 quod
708 3729 755 3772 ex
777 3706 958 3772 intellectu
988 3718 1096 3790 agant
1120 3709 1212 3792 quod

59 3813 219 3888 agunt3
242 3824 283 3868 ac
300 3801 508 3879 intellectus,
521 3803 600 3886 quia
616 3813 669 3867 est
687 3804 858 3885 cogitans,
871 3814 987 3868 versat
1004 3805 1107 3880 varia,
1124 3822 1212 3887 quae

62 3902 240 3964 animum
257 3900 406 3963 reddunt
425 3900 624 3982 inquietum,
642 3899 850 3975 distrahunt,
868 3909 903 3964 ct
920 3899 1082 3977 turbant;
1106 3919 1211 3982 quare

65 3997 115 4058 si
145 3996 238 4059 domi
261 3996 350 4059 foret
373 3995 652 4078 intranquillitas,
676 3994 786 4071 fieret,
810 3996 901 4079 quod
924 3996 1048 4060 vitales
1074 3994 1209 4058 illorum

69 4093 225 4175 spiritus
244 4092 540 4174 elanguescerent,
558 4111 597 4155 ac
617 4092 758 4156 interior
776 4091 912 4156 illorum
931 4092 1002 4155 vita
1022 4091 1117 4175 quasi
1137 4089 1219 4156 leto‘
