2850 5026
404 461 456 512 os
479 460 614 512 amona
637 461 957 528 comumnes-n.
976 464 1028 532 79.
1243 467 1285 536 73

159 640 221 687 tras
236 630 362 687 interius
378 647 468 702 quam
489 630 518 685 in
537 631 702 695 vestibula;
721 641 752 686 et
767 630 838 701 quia
852 641 899 686 est
914 632 1003 695 zelus,
1018 633 1109 688 etiam
1125 643 1171 689 est
1186 651 1287 691 amor:

159 712 258 782 quoad
276 712 365 772 idola,
382 728 442 766 non
458 712 620 766 adoramus
640 711 697 773 illa,
719 711 772 766 sed
795 728 855 765 non
872 713 992 782 quimus
1007 713 1140 784 cogitare
1159 714 1197 770 de
1220 715 1286 771 Deo

159 791 298 853 universi,
312 791 369 846 nisi
383 808 437 861 per
448 791 563 861 species
576 791 692 846 oblatas
705 791 800 846 oculis
813 791 940 853 nostris;
960 809 1020 846 non
1034 793 1115 848 enim
1126 810 1286 863 possumus
1367 820 1369 824 ·

159 871 275 926 elevare
288 871 490 944 cogitationes
503 887 594 942 supra
606 871 756 926 sensualia
768 871 911 942 corporis,
928 873 1010 927 etde
1025 871 1091 927 Deo
1103 889 1195 944 supra
1203 875 1286 929 visu·

159 951 217 1005 alia
229 951 322 1022 ejus.”
629 969 634 980 ·

210 1030 297 1085 Tunc
311 1030 419 1084 iterum
432 1029 577 1101 quaesivi,
588 1028 730 1084 “Suntne
741 1029 821 1084 idola
830 1042 932 1085 vestra
943 1031 1183 1088 diversilormia?
1201 1031 1285 1105 Quo·

158 1110 251 1164 modo
264 1120 393 1180 possunt
407 1110 458 1164 illa
470 1109 579 1164 inferre
591 1109 740 1165 visionem
751 1111 840 1164 unius
855 1109 949 1165 Dei?’'

211 1189 259 1244 Ad
275 1189 349 1244 haec
360 1189 525 1259 respondit,
539 1188 635 1244 “Hoc
649 1190 808 1261 mysticum
823 1190 910 1245 nobis
923 1199 987 1254 ests
1004 1189 1079 1245 latet
1093 1190 1206 1262 aliquid
1220 1192 1282 1247 cul·

156 1278 207 1323 tus
221 1268 278 1323 Dei
292 1268 322 1323 in
332 1268 437 1340 quavis
449 1268 572 1323 iorma.”

211 1348 249 1403 Et
262 1348 334 1410 dixi,
349 1348 437 1404 “Vos
446 1348 519 1403 estis
533 1364 613 1403 mere
626 1349 779 1403 sensuales
791 1348 946 1418 corporei;
965 1364 1027 1402 non
1037 1348 1123 1403 vobis
1139 1358 1185 1403 est
1197 1365 1284 1405 amor

158 1425 223 1489 Dei,
237 1444 294 1482 nec
313 1444 400 1482 amor
414 1428 553 1498 conjugis
568 1428 693 1482 trahens
708 1428 820 1499 aliquid
836 1444 873 1483 ex
888 1428 1053 1497 spirituali:
1071 1438 1102 1483 et
1117 1428 1147 1482 hi
1164 1444 1282 1485 amores

155 1507 243 1563 simul
257 1507 389 1562 formant
402 1507 566 1569 hominem,
581 1517 611 1561 et
625 1508 708 1561 illum
722 1507 879 1562 asensuali
895 1507 1009 1561 faciunt
1021 1507 1210 1563 caelestem.”

208 1585 287 1642 Cum
303 1587 361 1640 hoc
379 1586 451 1649 dixi,
466 1597 550 1642 trans
566 1597 684 1657 portam
700 1586 840 1657 apparuit
855 1587 933 1641 sicut
949 1587 1062 1658 lulgur;
1087 1597 1118 1642 et
1136 1587 1279 1660 quaesivi,

156 1663 263 1738 “Quid
278 1664 378 1721 hoc?''

209 1744 302 1807 Dixit,
319 1745 417 1799 “Tale
436 1743 538 1816 fulgur
555 1754 602 1799 est
621 1745 709 1800 nobis
724 1745 842 1816 signum
868 1746 951 1816 quod
969 1755 1114 1801 venturus
1132 1745 1174 1800 sit
1191 1745 1282 1803 Auti-

155 1839 231 1896 quus
246 1841 284 1879 ex
300 1823 433 1885 Oriente,
447 1824 499 1895 qui
515 1840 571 1879 nos
587 1825 677 1878 docet
693 1824 731 1878 de
748 1823 822 1885 Deo,
837 1826 918 1894 quod
934 1825 974 1879 sit
990 1841 1075 1886 unus,
1088 1826 1171 1881 solus
1184 1826 1282 1880 omni·

155 1914 271 1976 potens,
291 1903 343 1974 qui
362 1915 409 1958 est
428 1903 547 1958 Primus
563 1914 594 1958 et
610 1903 757 1967 Ultimus;
784 1904 833 1958 ille
848 1904 938 1958 etiam
959 1916 1071 1966 monet,
1088 1921 1125 1959 ne
1144 1906 1280 1961 colamus

155 1983 244 2046 idola,
263 1984 317 2037 sed
337 1983 430 2037 modo
450 1982 622 2037 intueamur
641 1983 698 2045 illa,
718 1992 752 2036 ut
772 1983 916 2053 imagines
936 1985 1204 2053 repraesentativas
1222 1984 1281 2040 vir-

153 2072 254 2116 tutum
274 2063 501 2133 procedentium
521 2077 558 2117 ex
577 2079 639 2116 uno
659 2061 733 2125 Deo,
749 2078 826 2133 quae
845 2063 934 2116 simul
953 2063 1144 2118 coniormant
1162 2064 1279 2118 cultum

155 2140 268 2212 Ipsius:
293 2142 343 2196 hic
362 2141 515 2212 Antiquus
532 2152 579 2196 est
598 2142 733 2212 Angelus
753 2152 863 2203 noster,
879 2158 969 2212 quem
986 2158 1165 2204 reveremur,
1181 2152 1212 2197 et
1230 2143 1279 2198 cui

153 2222 374 2284 auscultamus;
392 2222 477 2275 venit
490 2221 528 2275 ad
543 2237 607 2281 nos,
620 2237 656 2274 ac
668 2221 756 2290 erigit
771 2237 835 2283 nos,
848 2222 921 2275 dum
934 2221 1063 2276 labimur
1072 2222 1102 2276 in
1115 2224 1278 2278 obscurum

153 2301 268 2355 cultum
284 2300 340 2355 Dei
354 2316 391 2355 ex
404 2300 563 2371 phantasia
575 2300 614 2354 de
627 2300 820 2355 simulacris.”

208 2379 265 2435 His
277 2380 397 2442 auditis,
410 2379 557 2434 exivimus
570 2380 662 2434 domo
677 2390 708 2433 et
724 2380 804 2441 urbe.
818 2389 849 2434 et
871 2379 900 2433 in
916 2379 965 2434 via
986 2396 1023 2433 ex
1044 2379 1117 2434 visis
1139 2380 1169 2434 in
1187 2380 1279 2437 caelis

153 2459 355 2513 conclusimus
373 2460 412 2514 de
431 2458 543 2514 circulo
561 2470 593 2514 et
611 2459 650 2513 de
670 2459 878 2530 progressione
892 2459 1002 2514 amoris
1017 2459 1212 2530 conjugialis:
1237 2460 1277 2515 de

152 2537 273 2600 circulo,
286 2539 369 2608 quod
383 2538 555 2592 transiverit
568 2539 606 2592 ab
619 2538 734 2593 oriente
747 2538 777 2591 in
794 2538 959 2599 meridiem,
971 2539 1010 2592 ab
1023 2538 1080 2592 hac
1093 2539 1123 2592 in
1136 2539 1277 2593 occiden-

152 2627 222 2680 tem,
237 2627 270 2672 ct
284 2617 394 2672 abhinc
410 2618 440 2670 in
456 2618 709 2687 septentrionem:
728 2619 766 2671 de
783 2617 999 2688 progressione,
1013 2617 1094 2688 quod
1110 2618 1278 2672 decreverit

152 2697 317 2751 secundum
330 2697 565 2758 circulationem,
579 2697 695 2750 scilicet
709 2697 790 2767 quod
808 2697 838 2750 in
853 2697 969 2750 oriente
983 2696 1072 2750 luerit
1084 2697 1230 2758 caelestis,
1244 2697 1274 2752 in

152 2775 276 2830 meridie
289 2776 461 2845 spiritualis,
476 2776 505 2829 in
521 2775 679 2831 occidente
693 2776 844 2837 naturalis,
858 2785 889 2829 et
909 2775 938 2829 in
955 2776 1159 2846 septentrione
1171 2792 1276 2831 seusu-

151 2854 219 2918 alis;
238 2865 270 2910 et
281 2871 402 2926 quoque
414 2855 496 2926 quod
510 2855 675 2909 decreverit
689 2856 718 2908 in
732 2854 822 2908 simili
835 2854 929 2925 gradu
943 2872 1011 2909 cum
1025 2871 1127 2910 amore
1148 2865 1180 2909 et
1191 2855 1274 2910 cultu

154 2931 218 2988 Dei.
252 2934 295 2989 Ex
317 2935 425 3006 quibus
447 2934 482 2987 fit
504 2934 562 2988 hoc
575 2935 760 2995 conclusum,
774 2935 855 3004 quod
870 2935 920 2988 ille
932 2950 1018 2989 amor
1039 2934 1069 2988 in
1089 2935 1187 3004 primo
1199 2951 1276 2990 aevo

152 3011 240 3067 luerit
254 3013 333 3068 sicut
351 3030 464 3075 aurum,
482 3013 511 3067 in
531 3014 665 3067 secundo
681 3014 758 3068 sicut
776 3024 943 3085 argentum,
960 3014 989 3067 in
1008 3014 1099 3070 tertio
1117 3014 1196 3069 sicut
1214 3030 1275 3078 aes,

151 3093 222 3146 etin
236 3103 345 3163 quarto
358 3094 436 3147 sicut
449 3092 570 3155 lerrum,
583 3102 615 3146 et
628 3093 710 3162 quod
723 3092 845 3147 tandem
860 3094 992 3147 desierit.

206 3170 244 3226 Et
262 3182 336 3225 tunc
351 3173 427 3226 dixit
446 3172 571 3242 angelus
590 3171 698 3226 dudior
716 3182 747 3227 et
766 3188 867 3227 comes
887 3189 979 3233 meus,
995 3171 1163 3226 “Attamen
1178 3170 1279 3227 ladior·

149 3266 210 3322 spe,
224 3253 305 3322 quod
321 3251 370 3305 ille
383 3268 499 3306 amora
513 3251 579 3308 Deo
591 3252 675 3315 caeli,
688 3253 739 3324 qui
753 3262 800 3307 est
815 3251 970 3315 Dominus,
984 3252 1186 3314 resuscitetur,
1199 3252 1271 3323 quia
1349 3296 1354 3301 .

150 3331 364 3387 resuscitabilis
377 3331 450 3386 est.’'
682 3332 684 3336 ’

149 3472 220 3543 79·
243 3459 410 3542 Quintum
431 3460 658 3524 Memorabile
671 3481 725 3523 :-

202 3583 290 3640 Prior
301 3586 432 3656 angelus,
449 3585 499 3655 qui
517 3602 600 3641 meus
613 3583 720 3639 dudior
732 3595 763 3639 et
778 3599 879 3638 comes
895 3576 991 3638 luerat
1006 3584 1043 3638 ad
1059 3583 1207 3654 antiquos,
1220 3583 1271 3655 qui

149 3662 178 3716 in
190 3675 320 3735 quatuor
331 3665 465 3725 saeculis,
479 3681 580 3725 aureo,
593 3675 743 3735 argenteo,
757 3679 876 3733 cupreo,
889 3674 920 3718 et
933 3662 1037 3726 ferreo,
1051 3664 1195 3726 vixerant,
1209 3680 1272 3716 rur·

148 3757 197 3796 sus
207 3742 310 3798 aderat
321 3754 351 3797 et
363 3744 435 3798 mihi
447 3744 531 3805 dixit,
541 3743 618 3798 “Vis
629 3744 730 3797 videre
741 3743 892 3797 saeculum
902 3753 970 3812 post
984 3743 1034 3797 illa
1043 3743 1173 3812 antiqua,
1184 3742 1271 3812 quale

149 3820 213 3879 luit.
227 3833 257 3877 et
276 3823 375 3878 adhuc
393 3834 456 3884 est;
481 3835 511 3878 et
533 3840 658 3894 sequere
673 3839 729 3885 me,
745 3833 775 3877 et
794 3821 927 3876 videbis:
945 3832 1015 3876 sunt
1037 3822 1087 3884 illi,
1103 3822 1141 3877 de
1161 3821 1271 3892 quibus

150 3897 255 3956 Daniel
269 3903 462 3972 prophetavit
475 3903 557 3964 haec,

191 4001 279 4062 Surget
294 4016 396 4061 regnum
408 4010 462 4060 post
478 4003 519 4047 illa
534 4008 645 4060 quatuor,
657 4002 681 4047 in
697 4015 747 4059 quo
766 4001 852 4046 serrum
869 4000 913 4046 erit
928 4000 1029 4046 mixtum
1041 4013 1097 4046 cum
1112 3998 1196 4056 argilla
1210 3997 1270 4053 luti:

268 4064 474 4107 'commiscebunt
492 4077 518 4108 se
538 4076 582 4120 per
599 4076 681 4107 semen
698 4062 809 4114 hominis,
820 4063 862 4107 sed
881 4075 930 4107 non
948 4062 1110 4107 cohaerebunt
1121 4073 1196 4104 unum
1214 4072 1271 4105 cum

267 4124 568 4181 altero.quemadmodum
585 4123 675 4169 serrum
694 4137 745 4168 non
762 4124 931 4169 commiscetur
948 4135 1004 4168 cum
1022 4119 1144 4180 argillam
1156 4121 1234 4177 (Dan.
1245 4119 1270 4168 il.

268 4183 364 4244 41-43)·

149 4288 186 4345 Et
210 4291 294 4353 dixit,
315 4291 398 4346 “Per
417 4299 534 4347 ‘semen
554 4291 704 4354 hominis,’
724 4308 778 4362 per
794 4291 875 4363 quod
894 4289 1138 4346 commiscebitur
1156 4287 1268 4343 ferrum

146 4383 214 4503 {um
224 4370 336 4441 argilla,
347 4382 378 4425 et
388 4388 481 4443 usque
492 4388 552 4426 non
563 4372 774 4434 cohaerebunt,
786 4371 964 4442 intelligitur
972 4386 1075 4425 verum
1086 4367 1177 4423 Verbi
1187 4366 1268 4423 falsi·

169 4449 298 4506 catum.”
