2782 5026
138 432 179 481 10
485 430 668 481 DELICIAE
691 430 919 481 SAPIENTIAE

133 617 202 657 cum
218 599 340 672 Jacobo,
357 609 465 671 quarto
480 617 548 655 cum
566 600 665 662 Petro,
679 601 787 672 quinto
802 617 870 655 cum
885 599 1006 672 Jacobo,
1020 612 1108 658 sexto
1123 619 1192 659 cum
1206 603 1250 676 Jo-

134 681 241 742 hanne,
252 680 381 750 septimo
393 696 461 734 cum
478 679 580 742 Paulo,
594 692 624 734 et
637 697 705 735 cum
719 681 839 751 reliquis
853 681 883 734 in
896 682 1000 736 ordine
1013 699 1109 752 usque
1120 685 1159 737 ad
1172 685 1250 754 quin·

133 761 283 815 decimum
300 760 389 820 diem,
404 775 423 814 a
440 776 502 829 quo
520 760 627 814 iterum
648 761 678 813 in
696 760 786 814 simili
806 760 911 823 ordine
926 762 1156 818 comissationes
1170 779 1251 818 reno·

132 849 238 895 vatent
250 839 394 893 variando
407 839 503 900 sedes,
516 850 547 893 et
560 839 603 893 sic
616 839 646 892 in
660 850 825 894 aeternum.

187 918 261 973 Post
280 919 353 973 haec
368 919 492 989 angelus
507 919 687 972 convocavit
705 919 785 972 viros
803 919 945 980 cohortis,
961 929 992 973 et
1011 919 1088 973 dirit
1107 921 1174 983 illis,
1190 920 1251 976 “Hi

131 1014 245 1060 omnes,
259 1013 335 1068 quos
347 998 465 1052 vidistis
481 998 519 1052 ad
540 1014 665 1058 mensas.
680 997 710 1050 in
727 998 817 1051 simili
831 999 1014 1069 cogitatione
1030 999 1206 1070 imaginaria
1217 1003 1251 1056 de

130 1078 249 1149 gaudiis
261 1077 344 1138 caeli,
354 1088 386 1132 et
396 1078 466 1132 inde
476 1076 620 1131 felicitate
629 1088 752 1131 aeterna
761 1093 829 1130 cum
840 1078 926 1132 vobis
936 1077 1070 1139 fuerant:
1092 1090 1124 1133 et
1134 1092 1254 1150 propter

131 1156 230 1219 finem,
245 1166 278 1210 ut
292 1156 347 1226 ipsi
360 1157 483 1210 videant
492 1157 642 1210 vanitates
655 1157 788 1210 idearum
802 1172 931 1217 suarum,
942 1167 972 1211 et
984 1158 1022 1211 ab
1037 1157 1095 1211 illis
1105 1159 1252 1213 abdumn·

130 1247 188 1298 tur,
204 1236 361 1290 institutae
378 1247 457 1298 sunt,
473 1246 537 1290 eta
558 1234 690 1290 Domino
706 1235 876 1305 permissae,
892 1237 967 1290 tales
986 1237 1124 1305 epulares
1136 1254 1250 1293 scenae.

133 1314 282 1370 Primores
299 1315 349 1377 illi,
362 1331 439 1385 quos
451 1314 570 1370 vidistis
582 1314 621 1369 ad
633 1315 734 1385 capita
747 1331 925 1376 mensarum,
939 1326 1023 1369 eraut
1037 1317 1191 1385 personati
1206 1335 1251 1372 se·

131 1411 192 1456 nes,
206 1395 340 1464 plerique
355 1411 392 1449 ex
408 1395 518 1449 rustica
532 1405 632 1464 gente,
645 1394 696 1464 qui
712 1394 837 1455 barbati,
851 1404 882 1448 et
900 1411 937 1447 ex
952 1395 1081 1465 quadam
1098 1397 1252 1465 opulentia

131 1490 201 1543 prae
213 1475 320 1528 ceteris
333 1473 467 1535 fastuosi,
481 1474 589 1544 quibus
604 1472 726 1527 inducta
740 1484 787 1527 est
803 1474 969 1542 phantasia,
983 1474 1065 1543 quod
1080 1477 1191 1529 vetusti
1212 1476 1252 1530 illi

131 1564 230 1623 patres
243 1563 352 1607 essent
390 1552 449 1608 Sed
463 1553 622 1623 sequimini
637 1568 684 1606 me
699 1552 728 1605 in
742 1553 805 1606 vias
818 1552 916 1606 exitus
929 1568 946 1606 e
960 1553 1109 1622 palaestra
1122 1555 1205 1609 hac.''

186 1632 224 1685 Et
236 1633 331 1686 secuti
344 1641 423 1694 sunt,
436 1643 467 1686 et
482 1632 625 1686 videbant
636 1631 854 1702 quinquaginta
868 1631 916 1686 hic
929 1642 959 1686 et
972 1632 1191 1704 quinquaginta
1204 1635 1250 1695 ibi,

130 1711 180 1781 qui
195 1710 373 1766 farciverant
385 1723 505 1766 ventres
520 1712 639 1765 cibariis
653 1727 748 1780 usque
763 1711 799 1764 ad
821 1726 954 1771 nauseas,
968 1720 999 1764 et
1014 1713 1252 1783 concupiverunt

130 1791 227 1845 redire
240 1791 277 1844 ad
292 1790 449 1844 familiaria
459 1791 603 1844 domuum
617 1806 747 1849 suarum,
758 1790 880 1859 quidam
894 1791 932 1844 ad
946 1807 1000 1844 sua
1010 1791 1120 1852 munia,
1131 1792 1252 1863 quidam

129 1871 168 1924 ad
184 1886 239 1924 sua
253 1870 382 1940 negotia,
398 1880 429 1923 et
447 1870 569 1940 quidam
589 1870 627 1923 ad
647 1885 716 1923 suas
735 1885 857 1939 operas,
879 1879 911 1923 at
930 1869 1016 1923 multi
1038 1887 1057 1924 a
1077 1872 1252 1926 custodibus

130 1949 261 2003 nemoris
274 1949 383 2003 retenti
396 1959 426 2002 et
440 1948 614 2018 interrogati
628 1949 667 2002 de
677 1948 782 2002 diebus
795 1949 976 2017 epulationis
991 1950 1117 2011 illorum.
1130 1962 1162 2005 et
1181 1968 1251 2005 num

130 2029 229 2082 adhuc
243 2028 280 2082 ad
302 2044 419 2082 mensas
435 2044 503 2082 cum
522 2027 612 2081 Petro
627 2038 658 2081 et
677 2044 745 2082 cum
764 2027 859 2081 Paulo
874 2028 1069 2089 comederint,
1085 2030 1156 2084 etsi
1173 2031 1253 2100 prius

129 2108 252 2169 exirent,
270 2108 336 2168 hoc,
352 2107 423 2176 quia
438 2106 580 2161 indecens
599 2117 653 2167 est,
668 2107 801 2160 futurum
822 2107 880 2161 illis
899 2108 1023 2177 pudori:
1048 2109 1101 2161 sed
1121 2109 1253 2181 plerique

130 2188 360 2257 respondebant,
373 2194 389 2215 ⁴⁰
398 2186 590 2255 Explevimus
600 2186 711 2256 gaudia
724 2198 834 2247 nostra
848 2187 906 2240 cibi
921 2184 991 2240 laeli
1004 2198 1075 2241 sunt
1086 2188 1173 2243 nobis
1184 2188 1253 2243 insi·

129 2266 200 2336 pidi,
219 2282 255 2320 ac
278 2277 385 2336 gustus
402 2266 543 2328 torridus,
563 2264 679 2320 fastidit
698 2266 766 2320 illos
785 2266 968 2328 stomachus,
988 2283 1049 2320 non
1071 2267 1254 2322 sustinemus

129 2345 221 2400 libare
230 2345 313 2408 illos;
328 2345 528 2415 protraximus
537 2344 723 2415 aliquotdies
733 2356 764 2399 et
775 2343 878 2399 nodles
890 2344 919 2398 ln
928 2345 1043 2399 luxurie
1052 2345 1110 2407 illa,
1119 2346 1253 2417 impense

130 2441 270 2495 rogamus
283 2434 317 2478 ut
329 2424 536 2479 emittamur:”
554 2441 590 2480 ac
605 2424 730 2487 dimissi,
745 2425 856 2479 anhelo
869 2425 976 2495 spiritu
991 2436 1023 2480 et
1038 2424 1151 2480 festino
1165 2442 1252 2482 cursu

129 2503 309 2575 aufugerunt
321 2504 456 2559 domum.

184 2582 257 2638 Post
277 2585 351 2638 haec
369 2585 493 2655 angelus
506 2585 626 2638 vocavit
646 2583 727 2638 viros
739 2581 882 2644 cohortis,
895 2592 926 2639 et
946 2582 975 2636 in
994 2582 1043 2637 via
1062 2572 1167 2637 docfrit
1186 2584 1252 2639 illos

129 2662 203 2717 haec
218 2664 256 2717 de
274 2664 376 2717 caelo:
400 2670 415 2692 ‘⁴
427 2663 461 2717 ln
477 2664 560 2718 caelo
576 2680 670 2734 aeque
686 2664 764 2717 sicut
784 2663 814 2716 in
830 2664 943 2717 mundo
955 2673 1025 2717 sunt
1038 2662 1097 2716 cibi
1110 2674 1141 2717 et
1155 2674 1252 2733 potus,

129 2751 199 2796 sunt
212 2742 441 2797 comissationes
458 2753 489 2797 et
504 2743 659 2805 convivia,
684 2753 715 2796 et
731 2742 812 2812 apud
832 2743 977 2812 primores
996 2742 1035 2795 ibi
1049 2753 1120 2796 sunt
1134 2758 1253 2797 mensae

129 2837 219 2889 super
227 2821 335 2891 quibus
344 2831 414 2874 sunt
424 2822 542 2891 opimae
554 2822 653 2891 dapes,
663 2822 808 2892 cupediae
821 2832 852 2875 et
864 2821 1007 2882 lautitiae,
1021 2821 1128 2891 quibus
1141 2822 1253 2875 exhila-

130 2910 233 2952 rantur
245 2910 276 2954 et
292 2911 464 2954 recreantur
479 2900 590 2963 animi;
615 2911 647 2955 et
665 2912 736 2954 sunt
752 2917 871 2970 quoque
887 2900 949 2954 ludi
966 2911 997 2954 et
1015 2898 1202 2970 speflaculaz
1222 2911 1253 2954 et

129 2989 199 3033 sunt
210 2978 364 3033 musicalia
377 2990 408 3033 et
418 2979 549 3042 cantica;
568 2990 599 3034 et
612 2981 714 3034 omnia
727 2980 776 3034 illa
790 2980 819 3033 in
833 2996 951 3034 summa
964 2977 1163 3050 perfectione:
1182 2981 1254 3033 talia

129 3068 199 3112 sunt
213 3057 271 3112 illis
285 3058 377 3112 etiam
394 3058 423 3111 in
440 3058 557 3129 gaudia,
571 3059 623 3114 sed
640 3075 701 3113 non
718 3059 747 3112 in
764 3058 954 3121 felicitatem
974 3060 1048 3113 haec
1062 3058 1119 3112 erit
1135 3058 1166 3112 in
1181 3074 1252 3129 gau-

129 3136 194 3196 diis,
205 3147 236 3191 et
247 3137 317 3191 inde
325 3154 361 3191 ex
371 3137 504 3207 gaudiis:
519 3137 646 3192 felicitas
655 3138 684 3191 in
695 3138 814 3208 gaudiis
824 3138 895 3192 lacit
904 3149 937 3191 ut
945 3138 1054 3209 gaudia
1063 3137 1125 3192 sint
1134 3138 1251 3208 gaudia,

129 3216 244 3285 opimat
255 3216 312 3278 illa,
323 3227 354 3270 et
366 3226 516 3271 sustentat
529 3234 567 3272 ne
576 3217 721 3271 vilescant
731 3229 762 3272 et
774 3217 983 3280 fastidiantur;
999 3228 1029 3271 et
1043 3218 1117 3271 haec
1127 3217 1252 3271 felicitas

128 3304 176 3349 est
190 3295 286 3349 cuivis
304 3311 342 3349 ex
362 3311 416 3350 usu
437 3295 467 3350 ln
486 3312 541 3351 sua
559 3294 722 3352 fundlione.
761 3297 813 3351 Est
829 3297 929 3367 aliqua
946 3312 1023 3350 vena
1043 3296 1072 3351 in
1092 3295 1252 3351 afleflione

130 3375 295 3429 voluntatis
311 3375 443 3445 cujusvis
459 3376 556 3446 angeli
572 3377 677 3437 latens,
692 3393 770 3446 quae
789 3377 915 3430 attrahit
930 3388 1062 3430 mentem
1081 3377 1119 3429 ad
1139 3376 1251 3446 aliquid

128 3452 298 3507 faciendum
310 3471 317 3515 ;
333 3471 417 3510 mens
427 3470 480 3524 per
490 3455 547 3509 hoc
557 3455 731 3525 tranquillat
740 3471 781 3516 se.
792 3467 824 3509 et
833 3454 978 3510 satisfacit
988 3456 1062 3517 sibi;
1083 3456 1156 3509 haec
1166 3456 1252 3509 satis·

129 3530 220 3586 laelio
233 3543 263 3586 et
277 3532 328 3586 illa
339 3534 540 3604 tranquillitas
553 3533 667 3588 faciunt
679 3544 790 3588 statum
806 3535 915 3589 mentis
925 3535 1127 3604 receptibilem
1141 3534 1252 3588 amoris

130 3627 201 3667 usus
214 3628 232 3665 a
246 3611 394 3675 Domino:
412 3630 450 3667 ex
463 3614 636 3684 receptione
650 3614 740 3684 hujus
755 3625 801 3668 est
816 3613 942 3668 felicitas
955 3614 1100 3676 caelestis,
1115 3631 1191 3684 quae
1206 3626 1252 3669 est

129 3691 191 3745 vita
205 3691 322 3746 illorum
336 3693 523 3762 gaudiorum,
536 3709 613 3764 quae
627 3692 708 3762 prius
722 3704 888 3747 memorata
897 3704 975 3747 sunt.
1013 3693 1105 3748 Cibus
1115 3695 1252 3749 caelestis

130 3769 160 3822 in
179 3787 233 3825 sua
252 3773 383 3826 essentia
402 3788 457 3826 nec
475 3772 555 3826 aliud
576 3782 622 3826 est
640 3789 729 3843 quam
745 3788 837 3835 amor,
850 3772 998 3842 sapientia
1016 3783 1047 3826 et
1069 3789 1139 3828 usus
1155 3774 1251 3835 simul,

130 3848 188 3904 hoc
206 3861 261 3912 est,
281 3867 353 3905 usus
374 3867 426 3920 per
445 3850 622 3920 sapientiam
642 3868 679 3906 ex
697 3868 814 3914 amore;
841 3854 1035 3921 quamobrem
1055 3852 1203 3908 unicuivis
1222 3853 1251 3906 in

129 3929 212 3983 caelo
225 3930 314 3983 datur
326 3930 411 3985 cibus
426 3947 481 4000 pro
493 3946 619 4000 corpore
631 3932 796 3985 secundum
810 3947 896 3985 usum
914 3947 1002 4000 quem
1017 3942 1156 4001 praestat,
1170 3948 1252 4002 mag·

129 4007 236 4063 nificus
249 4009 307 4063 illis
320 4009 372 4079 qui
389 4009 418 4063 in
435 4010 587 4064 eminente
600 4027 655 4063 usu
668 4019 747 4070 sunt,
762 4010 898 4064 modicus
911 4011 963 4064 sed
980 4010 1119 4080 exquisiti
1135 4012 1252 4080 saporis

130 4086 188 4142 illis
207 4088 258 4158 qui
278 4087 307 4141 in
328 4088 418 4142 medii
432 4090 542 4159 gradus
554 4105 610 4144 usu
625 4099 704 4151 sunt,
718 4099 749 4143 et
760 4089 829 4143 vilis
843 4089 900 4144 illis
915 4090 966 4159 qui
987 4089 1017 4143 in
1035 4091 1085 4144 vili
1102 4106 1157 4145 usu
1171 4101 1251 4152 sunt,

129 4176 161 4220 at
174 4168 275 4221 nullus
288 4168 492 4222 socordibus.''

183 4256 218 4316 7.
244 4246 319 4300 Post
338 4247 412 4300 haec
429 4247 467 4301 ad
487 4263 520 4302 se
538 4246 659 4301 vocavit
674 4246 831 4301 cohortem
847 4247 1016 4317 sapientum
1036 4247 1078 4302 ita
1093 4246 1251 4311 diflorum,

130 4325 181 4396 qui
194 4326 304 4395 gaudia
316 4326 463 4385 caelestia,
474 4337 504 4381 et
518 4343 554 4380 ex
568 4327 614 4380 his
628 4325 801 4382 felicitatem
813 4337 973 4389 aeternam,
985 4329 1013 4380 in
1028 4330 1252 4397 supereminen-

128 4405 210 4460 tibus
229 4405 379 4470 dominiis,
395 4420 430 4461 ac
448 4405 684 4476 opulentissimis
702 4407 791 4477 gazis,
806 4406 894 4476 inque
919 4408 1091 4479 superregia
1113 4408 1251 4480 magnifi-
