2782 5026
351 113 404 166 DE
426 111 562 174 attolus
583 101 973 184 couJuG1AL1.-u.78.
1177 115 1221 185 71

137 278 212 336 Post
223 278 314 337 baec
325 281 412 344 dixit,
424 281 615 353 “Sequimini
627 298 677 338 me
688 283 727 338 ad
739 282 974 338 cimeliarcbium
984 283 1149 340 nostrum.”
1183 285 1222 340 Et

91 360 174 415 secuti
187 376 315 423 sumus,
330 371 364 416 et
377 363 554 416 monstravit
568 363 655 418 nobis
666 363 828 433 scripturas
840 363 1125 434 antiquissimorum.
1138 365 1220 436 quod

91 448 183 494 esent
197 455 301 511 super
316 440 430 496 tabulis
443 441 551 512 ligneis
568 451 600 496 et
618 441 753 511 lapideis,
768 453 800 497 et
819 452 925 513 postea
942 459 1033 513 super
1047 444 1221 500 caudicibus

90 515 239 590 levigatis3
268 529 303 575 et
322 520 407 590 quod
425 521 558 576 secunda
575 532 660 576 aetas
677 522 844 577 exaraverit
861 539 932 578 suas
950 523 1112 593 scripturas
1130 539 1222 594 super

87 599 289 662 membranis;
308 610 341 654 et
356 600 484 655 adduxit
496 602 709 663 membranam,
721 617 812 672 super
826 617 885 672 qua
900 612 985 656 erant
999 603 1219 673 primaevorum

85 691 221 733 canones
233 679 381 749 exscripti
393 695 431 735 ex
448 681 559 737 tabulis
572 681 706 753 lapideis,
720 681 798 736 inter
809 697 885 753 quos
898 682 989 737 etiam
1002 692 1067 738 erat
1080 700 1219 755 praecep·

84 765 146 811 tum
160 759 204 812 de
216 758 383 829 conjugiis.

134 836 201 892 His
213 849 249 893 et
260 838 329 892 aliis
339 855 377 892 ex
390 838 454 908 ipsa
462 838 642 910 antiquitate
652 839 897 895 memorabilibus
905 839 986 902 visis,
994 840 1072 896 dixit
1083 842 1217 913 angelus.

80 921 95 942 '⁴
104 915 202 971 Nunc
214 929 267 972 est
279 918 368 972 nobis
380 928 501 989 tempus
509 920 639 973 abeundi
647 918 670 973 :''
689 931 721 974 et
733 929 806 974 tunc
816 918 927 990 hospes
936 921 1030 975 exivit
1044 921 1073 974 in
1087 922 1217 983 hortum,

75 1004 109 1049 et
124 996 307 1066 desumpsit
323 1013 363 1052 ex
376 997 482 1052 arbore
494 998 610 1068 aliquot
621 999 766 1060 termites,
778 1009 810 1054 et
825 999 928 1070 ligavit
943 999 974 1054 iu
990 997 1173 1063 fasciculum,
1186 1015 1218 1056 et

74 1073 225 1139 donavit,
244 1076 357 1138 dicens,
380 1076 447 1131 “Hi
471 1077 607 1131 termites
624 1088 696 1132 sunt
716 1094 754 1133 ex
777 1080 883 1134 arbore
901 1079 1003 1134 nativa
1023 1095 1075 1134 seu
1099 1080 1218 1149 propria

71 1155 183 1210 nostri
202 1155 290 1218 caeli,
306 1156 393 1226 cujus
411 1171 518 1210 succus
536 1155 648 1227 fragrat
671 1173 709 1211 ex
733 1157 893 1212 balsamo.”
933 1157 1024 1212 Hunc
1042 1158 1215 1213 fasciculum

69 1232 327 1305 deportavimus,
340 1245 372 1290 et
390 1251 444 1306 per
461 1235 540 1290 viam
552 1235 639 1306 juxta
650 1236 806 1298 orientem,
819 1252 896 1307 quae
909 1253 970 1291 non
984 1236 1042 1292 iuit
1054 1237 1214 1298 custodita.

68 1312 320 1369 descendimus:
343 1324 376 1369 et
393 1330 463 1369 ecce
475 1315 612 1369 termites
624 1315 700 1369 versi
715 1326 786 1369 sunt
799 1315 829 1369 in
840 1331 890 1370 aes
903 1316 1043 1379 nitidum,
1056 1326 1087 1372 et
1106 1316 1214 1374 summi

65 1394 190 1464 apices
203 1392 325 1448 illorum
345 1394 375 1448 in
388 1410 508 1457 aurum:
527 1394 557 1448 in
571 1394 689 1465 signum
705 1395 787 1466 quod
800 1395 880 1464 apud
900 1394 1008 1451 tertiae
1022 1395 1129 1452 aetatis
1141 1412 1214 1469 geu·

65 1481 154 1535 tem,
171 1488 253 1544 quae
266 1473 441 1528 nominatur
451 1490 470 1528 a
481 1490 575 1545 cupro
587 1489 640 1528 seu
653 1489 730 1537 aere,
743 1472 896 1538 fuerimus,

62 1643 152 1724 78.
187 1641 361 1726 Quartum
381 1643 605 1709 Memorabile
616 1663 670 1708 :—

135 1779 223 1836 Post
241 1780 364 1835 biduum
384 1780 493 1836 iterum
512 1797 629 1835 mecum
644 1780 763 1837 locutus
781 1791 829 1837 est
846 1781 978 1854 angelus,
996 1781 1107 1846 dicens,
1125 1782 1213 1840 “Ab-

59 1860 243 1916 solvamus
262 1860 417 1930 periodum
436 1869 587 1923 aetatum
615 1872 750 1930 superest
771 1872 853 1916 aetas
872 1862 985 1923 ultima
998 1878 1074 1933 quae
1095 1877 1113 1916 a
1134 1862 1213 1919 ferro

60 1947 297 2009 nuncupatur:
315 1940 445 2009 populus
456 1938 548 2010 hujus
559 1940 626 1995 aevi
639 1939 723 2011 degit
736 1941 766 1994 in
779 1941 983 2012 septentrione
996 1958 1014 1995 a
1026 1942 1119 1997 latere
1132 1942 1212 1997 occi·

61 2017 190 2074 dentis
209 2017 372 2072 introrsum
394 2035 447 2073 seu
474 2018 503 2072 in
523 2019 634 2082 latum:
659 2030 730 2074 sunt
747 2035 853 2075 omnes
871 2019 914 2075 illi
939 2037 977 2075 ex
1002 2021 1107 2092 priscis
1121 2016 1217 2077 Asiae'

62 2093 206 2159 incolis,
220 2097 300 2168 apud
313 2113 390 2168 quos
401 2096 498 2153 iuerat
510 2098 643 2152 Verbum
657 2097 829 2160 Vetustum,
843 2109 874 2153 et
893 2116 931 2154 ex
945 2098 996 2154 illo
1009 2101 1124 2164 cultus;
1143 2117 1210 2173 pro-

60 2173 155 2233 inde
175 2186 250 2231 ante
268 2177 429 2231 adventum
451 2176 572 2232 Domini
591 2177 686 2232 nostri
706 2178 736 2232 in
756 2178 912 2233 mundum.
950 2177 1018 2234 Hoc
1036 2190 1156 2236 constat
1173 2197 1211 2236 ex
1312 2217 1314 2221 -

57 2257 282 2327 antiquorum
294 2256 422 2325 scriptis,
431 2256 462 2310 in
474 2257 583 2327 quibus
592 2267 730 2328 tempora
740 2257 790 2312 illa
803 2258 846 2312 ita
855 2258 1059 2314 nominantur.
1097 2259 1210 2316 Eadem

58 2331 160 2392 haec
178 2350 257 2391 aeva
276 2334 484 2406 intelliguntur
501 2353 555 2407 per
572 2347 703 2392 statuam
720 2336 986 2393 Nebuchadnezari
1005 2339 1108 2402 visam,
1124 2340 1210 2411 cujus

59 2425 181 2487 caput
200 2430 240 2470 ex
257 2430 339 2476 auro,
352 2413 458 2485 petius
470 2424 501 2469 et
519 2416 642 2471 brachia
659 2433 697 2472 ex
714 2428 849 2488 argento,
868 2429 974 2473 venter
991 2429 1024 2474 et
1041 2418 1157 2474 femora
1173 2436 1210 2475 ex

56 2506 162 2555 tere,
174 2509 266 2550 mure
277 2510 315 2549 ex
327 2493 415 2557 terro,
427 2510 464 2550 ac
476 2495 569 2566 pedes
581 2512 618 2551 ex
631 2495 710 2552 ierro
721 2507 753 2552 et
765 2513 886 2570 quoque
899 2497 1006 2571 argilla
1019 2499 1110 2566 (Dan.
1124 2499 1153 2556 ii.
1166 2513 1209 2570 32,

131 2651 225 2710 Haec
236 2651 314 2707 dixit
329 2652 403 2707 mihi
416 2652 539 2725 angelus
553 2653 583 2709 in
595 2655 652 2717 via,
666 2671 744 2726 quae
756 2653 911 2712 contraiis
923 2665 954 2712 et
966 2656 1133 2728 anticipata
1144 2668 1209 2714 erat

56 2744 135 2801 per
154 2731 298 2789 indutias
310 2733 494 2788 mutationes
512 2743 610 2789 status
630 2735 780 2791 mentibus
797 2736 908 2793 nostris
921 2732 1087 2792 secundum
1103 2739 1208 2810 genios

55 2808 292 2869 habitatorum
310 2827 387 2882 quos
405 2813 614 2876 transivimus;
639 2830 708 2868 nam
727 2815 824 2885 spatia
847 2825 879 2871 et
903 2815 974 2873 inde
993 2816 1153 2873 distantiae
1178 2818 1208 2874 in

54 2891 198 2948 mundo
207 2891 354 2960 spirituali
368 2901 439 2947 sunt
451 2893 644 2962 apparentiae
653 2892 818 2948 secundum
830 2905 926 2951 status
937 2897 1092 2952 mentium,
1130 2896 1206 2954 Cum

51 2970 269 3028 elevavimus
279 2971 393 3033 oculos,
406 2987 476 3026 eece
488 2989 606 3028 eramus
619 2973 649 3026 in
662 2973 738 3028 silva
749 2990 787 3028 ex
799 2973 883 3046 fagis,
897 2975 1024 3032 aesculis
1037 2988 1068 3032 et
1081 2994 1207 3048 quercu·

53 3044 322 3113 buseonstante;
336 3061 368 3105 et
375 3066 444 3105 cum
452 3051 725 3122 circumspeximus,
732 3052 788 3107 visi
799 3066 870 3108 sunt
879 3054 918 3109 ibi
927 3055 988 3110 ursi
996 3057 1032 3110 ad
1043 3057 1206 3120 sinistrum,

55 3141 108 3185 et
135 3129 274 3200 leopardi
293 3130 331 3184 ad
351 3130 498 3185 dextrum.
542 3128 632 3201 Quod
652 3146 720 3185 cum
742 3132 867 3188 miratus
885 3151 959 3197 sum,
979 3135 1055 3189 dixit
1073 3136 1207 3207 angelus,

57 3211 94 3239 '⁴
104 3208 178 3265 Non
191 3219 264 3264 sunt
279 3209 339 3264 ursi
355 3225 410 3263 nec
425 3209 568 3279 leopardi,
581 3210 635 3264 sed
649 3221 720 3265 sunt
735 3212 882 3276 homines,
892 3214 943 3285 qui
959 3215 1134 3269 custodiunt
1149 3215 1206 3272 hos

63 3283 198 3344 incolas
210 3287 443 3359 septentrionis:
461 3298 584 3359 captant
596 3290 717 3346 naribus
730 3291 872 3361 sphaeras
883 3292 964 3347 vitae
977 3294 1205 3359 transeuntium,

63 3379 115 3424 ac
125 3368 245 3422 irruunt
259 3368 288 3421 in
302 3384 407 3422 omnes
420 3368 471 3438 qui
484 3368 654 3438 spirituales
664 3379 742 3431 sunt,
754 3369 824 3440 quia
834 3370 949 3426 incolae
959 3383 1029 3427 sunt
1040 3375 1206 3431 naturales:

68 3442 123 3503 illi
135 3446 189 3519 qni
203 3446 335 3503 Verbum
347 3448 438 3503 modo
446 3448 558 3518 legunt,
571 3456 602 3503 et
615 3448 689 3502 nihil
703 3447 859 3506 doetrinae
872 3451 941 3506 inde
954 3451 1103 3516 hauriunt,
1113 3469 1205 3525 appa·

68 3537 149 3583 rent
162 3542 182 3582 e
196 3526 365 3597 longinquo
379 3526 459 3581 sicut
473 3527 549 3590 ursi;
567 3538 599 3582 et
613 3527 665 3598 qui
681 3527 756 3583 ialsa
775 3528 844 3584 inde
859 3529 1046 3595 confirmant,
1059 3545 1205 3604 apparent

73 3607 159 3662 sicut
171 3605 335 3677 leopardi.”
371 3605 432 3661 Sed
446 3606 496 3668 illi,
509 3607 596 3662 nobis
608 3607 690 3670 visis,
702 3617 876 3664 averterunt
887 3626 929 3672 se,
941 3620 973 3665 et
985 3612 1186 3668 transivimus.

135 3685 208 3741 Post
223 3686 331 3741 silvam
351 3696 553 3755 apparuerunt
571 3687 702 3748 dumeta.
718 3698 749 3743 et
769 3699 874 3758 postea
892 3689 989 3760 campi
1008 3691 1152 3761 graminei
1172 3692 1203 3746 iu

79 3777 162 3822 arcas
174 3766 273 3828 divisi,
283 3762 488 3820 circumcintii
502 3766 599 3821 buxo:
618 3777 686 3837 post
699 3768 755 3822 hos
767 3778 848 3823 terra
857 3768 1025 3824 declinabat
1038 3770 1159 3841 oblique
1172 3771 1202 3826 in

82 3845 194 3908 vanem,
203 3861 297 3916 super
307 3854 461 3915 quaerant
471 3847 560 3901 urbes
571 3856 602 3901 et
615 3848 719 3911 urbes:
738 3865 794 3903 nos
802 3849 1029 3919 praeterivimus
1038 3850 1161 3921 aliquas,
1171 3862 1203 3906 et

85 3920 114 3977 in
130 3942 217 3981 unam
235 3941 379 3997 magnam
396 3924 519 3996 ingressi
535 3943 648 3981 sumus,
687 3927 780 3982 Erant
798 3928 863 3997 ejus
880 3928 996 3999 plateae
1014 3929 1203 4000 irregularem

88 4003 184 4063 domus
198 4006 357 4068 similiter;
376 4005 431 4061 hae
447 4004 638 4062 construdiae
653 4023 690 4062 ex
709 4008 858 4071 lateribus,
875 4007 1039 4077 interiectis
1055 4010 1155 4081 tignis,
1171 4021 1202 4065 et

92 4096 270 4147 mutatae.
