2782 5026
346 438 397 490 na
420 437 556 489 suone
578 434 940 488 scortationis—n.
957 439 1030 506 477.
1175 425 1249 529 ὶ363

127 612 262 676 binatus
282 610 342 675 ille
361 611 405 674 sit
423 611 528 674 modo
545 607 801 673 circumvelatio
817 608 943 673 amoris
961 608 1175 692 conjugialis,
1196 623 1250 676 est

126 709 203 790 quia
225 725 324 770 amor
346 706 596 769 concubinatus
626 715 680 769 est
709 704 885 780 naturalis,
910 714 946 768 et
973 725 1069 768 amor
1100 704 1250 787 conjugii

125 801 321 884 spiritualis,
342 821 381 864 ac
402 800 567 864 naturalis
587 818 683 863 amor
702 800 842 864 obvelat
863 800 1075 883 spiritualem
1094 801 1175 864 dum
1195 802 1249 865 hic

125 897 364 978 intercipitur;
392 896 484 978 quod
507 896 556 958 ita
578 896 634 970 sit,
660 897 771 958 nescit
794 905 938 970 amator,
963 897 1042 978 quia
1064 896 1250 977 spiritualis

125 1012 223 1056 amor
245 1011 314 1055 non
340 993 488 1055 sentitur
510 1012 555 1054 ex
578 1011 626 1066 se,
644 993 705 1054 sed
730 1012 790 1074 per
814 991 1017 1066 naturalem,
1038 1011 1077 1054 ac
1102 993 1249 1056 sentitur

126 1096 164 1151 ut
176 1087 363 1168 jucundum
382 1087 416 1148 in
433 1107 501 1168 quo
516 1096 571 1150 est
586 1087 727 1150 beatum
744 1109 763 1151 e
779 1085 896 1163 caelo;
921 1096 957 1149 at
975 1086 1141 1150 naturalis
1154 1107 1251 1151 amor

125 1200 243 1263 perse
262 1182 410 1244 sentitur
426 1180 531 1244 modo
547 1190 585 1244 ut
600 1182 797 1262 jucundum.
844 1181 918 1266 (iv.)
945 1181 1048 1264 Quod
1061 1181 1134 1245 ·h0c
1154 1182 1249 1246 vela·

126 1295 206 1340 men
221 1275 394 1339 auferatur
406 1287 487 1357 post
502 1287 661 1352 mortem,
676 1288 729 1340 est
746 1278 824 1360 quia
840 1288 923 1340 tunc
940 1278 1046 1340 homo
1065 1297 1085 1339 a
1101 1276 1250 1340 naturali

115 1371 165 1435 nt
181 1371 380 1455 spiritualis,
395 1382 430 1435 et
448 1392 510 1454 pro
526 1391 669 1454 corpore
686 1373 855 1437 materiali
872 1374 1001 1454 gaudet
1015 1373 1248 1450 substantiali,

126 1468 160 1531 in
183 1487 252 1550 quo
271 1466 458 1548 jucundum
477 1467 634 1531 naturale
657 1488 703 1531 ex
726 1469 903 1551 spirituali,
923 1469 957 1530 in
981 1488 1041 1531 sua
1061 1468 1250 1532 eminentia

126 1564 292 1627 sentitur:
316 1563 407 1644 quod
427 1563 476 1625 ita
492 1564 547 1637 sit,
561 1585 609 1626 ex
624 1565 937 1628 communicatione
953 1584 1030 1628 cum
1047 1564 1250 1646 quibusdam

126 1659 160 1722 in
177 1658 305 1721 mundo
318 1657 498 1740 spirituali;
524 1660 628 1722 etiam
645 1680 666 1721 a
682 1660 820 1740 regibus
835 1660 881 1722 ibi
897 1661 953 1741 qui
969 1660 1002 1722 in
1016 1659 1249 1723 concubinatu

126 1775 170 1818 ex
190 1755 301 1817 causis
320 1755 464 1817 sonticis
479 1754 627 1818 realibus
650 1756 684 1818 in
708 1754 837 1817 mundo
856 1754 1003 1818 naturali
1023 1755 1167 1829 fuerant,
1187 1775 1247 1818 au·

128 1847 206 1912 divi.
1168 1884 1171 1900 ·

188 1934 288 2017 476.
314 1930 404 2016 (xii.)
431 1932 529 2012 Quod
539 1933 671 2016 quando
686 1932 739 1997 laic
753 1932 983 1996 concubinatus
995 1942 1139 2014 perstat,
1153 1935 1247 1997 aliu·

126 2027 192 2091 alis
210 2028 390 2113 coryicnliio
412 2049 484 2091 cum
506 2050 609 2092 uxore
637 2049 700 2091 non
730 2029 821 2092 licz'ta
848 2027 1062 2092 sit-Causa
1085 2039 1149 2104 est,
1170 2030 1249 2111 quia

127 2132 210 2187 tunc
239 2142 335 2186 amor
359 2123 574 2205 conjugialis,
598 2126 654 2206 qui
687 2124 721 2186 in
752 2145 789 2187 se
820 2135 873 2187 est
897 2122 1094 2205 spiritualis,
1118 2134 1247 2199 castus,

127 2238 239 2300 purus,
260 2227 296 2281 et
315 2216 464 2295 sanftus,
485 2218 523 2282 fit
547 2219 724 2294 naturalis,
745 2221 1010 2294 contaminatur,
1032 2229 1067 2283 et
1091 2220 1248 2284 obsoles-

127 2316 185 2389 cit,
205 2323 241 2378 et
261 2315 309 2376 sic
330 2315 438 2396 perit;
462 2335 566 2397 quare
586 2326 623 2379 ut
647 2315 701 2378 hic
721 2335 818 2378 amor
837 2325 1070 2390 conservetur,
1091 2316 1246 2397 expedit,

128 2421 164 2475 ut
186 2410 437 2474 concubinatus
460 2431 505 2474 ex
529 2412 641 2473 causis
659 2413 802 2475 sonticis
826 2411 973 2475 realibus
994 2409 1042 2494 (n.
1060 2427 1134 2492 472,
1153 2411 1246 2496 473),

127 2504 186 2570 fiat
204 2526 283 2570 cum
303 2525 380 2582 una,
400 2515 437 2569 et
456 2525 524 2569 non
545 2525 622 2569 cum
642 2507 774 2569 duabus
792 2505 903 2570 simul.

126 2727 220 2800 477·
251 2714 316 2779 His
334 2715 512 2797 adjicietur
530 2714 597 2778 hoc
619 2715 846 2780 Memorabile
860 2735 911 2780 :-

179 2839 292 2894 Audivi
301 2840 450 2909 quendam
459 2840 598 2911 spiritum
609 2856 625 2895 e
635 2841 749 2894 mundo
758 2851 917 2902 recentem,
926 2841 1077 2912 juvenem,
1084 2840 1248 2913 iactantem

129 2934 160 2973 se
170 2935 206 2973 ex
220 2919 464 2979 scortationibus.
475 2931 506 2974 et
521 2918 714 2975 affectantem
727 2922 887 2992 aucupium
902 2921 1007 2983 laudis,
1018 2923 1099 2992 quod
1113 2921 1158 2976 vir
1171 2939 1249 2977 mas·

126 2997 210 3053 culus
226 3014 296 3067 prae
312 2999 377 3053 aliis
394 3009 489 3061 esset:
511 3009 542 3053 et
561 2999 641 3054 inter
654 2998 827 3070 jactationis
843 3001 1018 3057 insolentias
1033 3001 1124 3056 etiam
1142 3001 1249 3056 etiudit

127 3076 216 3132 baec:
235 3076 342 3150 “Quid
356 3078 473 3132 tristius
486 3089 534 3132 est
546 3096 635 3150 quarn
649 3080 832 3134 incarcerare
844 3096 978 3135 amorem
992 3097 1088 3142 suum,
1101 3093 1132 3135 et
1146 3081 1249 3136 vivere

127 3157 207 3212 solus
218 3173 285 3210 cum
297 3157 380 3212 sola?
396 3157 509 3229 etquid
519 3159 681 3228 jucundius
689 3175 779 3229 quam
789 3159 1001 3214 manumittere
1012 3159 1166 3216 amorem?
1182 3162 1249 3231 quis

128 3252 188 3290 non
210 3236 377 3291 delassatur
394 3254 430 3292 ex
450 3254 517 3298 una,
533 3249 564 3292 et
583 3241 783 3293 exsuscitatur
800 3255 836 3293 ex
856 3239 1011 3310 pluribus?
1038 3240 1111 3310 quid
1131 3240 1248 3295 dulcius

127 3332 216 3386 quam
233 3317 402 3387 promiscua
415 3317 546 3378 libertas,
560 3319 697 3379 varietas,
711 3318 934 3379 deflorationes,
948 3320 1125 3373 maritorum
1138 3320 1249 3375 elusio·

128 3412 188 3457 nes,
202 3411 238 3450 ac
256 3395 430 3468 hypocrises
445 3396 663 3451 scortatoriae?
688 3414 801 3451 numne
822 3398 872 3452 illa
890 3414 966 3469 quae
978 3399 1106 3462 astutiis,
1120 3399 1199 3455 dolis
1218 3408 1250 3454 et

128 3474 214 3530 lurtis
227 3477 402 3531 obtinentur
414 3474 566 3530 delectent
580 3476 686 3530 intima
699 3476 846 3531 mentis?”

181 3555 239 3611 His
250 3555 361 3611 auditis
374 3555 528 3610 adstantes
542 3556 690 3616 dicebant,
701 3562 716 3584 ‘⁶
727 3555 753 3609 N
756 3573 772 3610 e
785 3557 906 3625 loquere
921 3556 978 3618 ita;
998 3573 1058 3612 non
1071 3556 1130 3611 seis
1143 3557 1194 3611 ubi
1207 3574 1248 3620 es.

127 3644 158 3690 et
169 3650 238 3689 cum
249 3635 356 3706 quibus
365 3652 411 3695 es:
432 3651 527 3704 nuper
536 3634 596 3689 huc
608 3635 733 3696 venisti:
753 3645 799 3689 est
812 3636 868 3689 sub
881 3636 1008 3705 pedibus
1021 3637 1080 3690 tuis
1092 3635 1248 3700 infernum,

127 3724 157 3768 et
169 3731 260 3785 super
271 3715 370 3784 eapite
382 3725 437 3769 tuo
449 3716 582 3777 caelum:
601 3732 633 3770 es
648 3732 728 3769 nunc
744 3716 774 3769 in
789 3716 902 3770 mundo
915 3717 966 3787 qui
981 3717 1096 3771 medius
1109 3727 1155 3770 est
1171 3717 1249 3771 inter

129 3794 178 3848 illa
192 3795 262 3856 duo,
275 3804 307 3849 et
320 3804 447 3848 vocatur
460 3795 590 3849 mundus
603 3795 763 3865 spirituum
775 3813 781 3856 ;
801 3795 850 3849 hic
862 3796 1036 3857 adveniunt,
1047 3807 1078 3849 et
1091 3795 1150 3850 huc
1162 3797 1248 3851 colli·

127 3883 240 3943 guntur
248 3890 354 3928 ornnes
367 3874 418 3944 qui
431 3890 448 3928 e
462 3875 575 3928 mundo
586 3875 744 3934 decedunt,
754 3885 786 3928 et
798 3875 992 3944 explorantur
1005 3876 1108 3946 quales
1121 3885 1199 3936 sunt,
1213 3891 1249 3930 ac

128 3964 344 4024 praeparantur
353 3954 422 4007 mali
435 3954 473 4008 ad
487 3952 634 4007 internum
646 3964 676 4008 et
689 3954 760 4007 boni
772 3954 810 4007 ad
824 3954 957 4009 caelum:
976 3954 1054 4008 iorte
1064 3971 1100 4008 ex
1110 3955 1249 4008 sacerdo·

128 4032 207 4088 tibus
223 4033 253 4086 in
270 4032 383 4087 mundo
396 4044 482 4087 tenes
498 4034 605 4094 adhuc,
618 4033 700 4103 quod
716 4044 899 4088 scortatores
913 4044 945 4088 et
960 4033 1132 4089 meretrices
1145 4033 1248 4103 dejici·

128 4121 217 4166 antur
229 4112 259 4165 in
274 4110 432 4173 infernum,
446 4123 477 4167 et
490 4113 572 4183 quod
584 4112 659 4166 casti
672 4113 818 4182 conjuges
831 4113 987 4168 eleventur
999 4113 1028 4167 in
1042 4112 1188 4168 caelum.”

179 4190 229 4247 Ad
250 4190 326 4245 haec
342 4191 474 4245 novitius
491 4192 539 4245 ille
555 4191 629 4253 risit,
642 4191 755 4253 dicens,
769 4189 875 4262 “Quid
891 4193 1005 4247 caelum
1020 4201 1053 4246 et
1068 4191 1141 4262 quid
1157 4191 1247 4247 inler-

130 4269 220 4326 num?
245 4280 331 4325 estne
345 4270 460 4324 caelum
476 4271 527 4323 ubi
546 4270 614 4340 quis
633 4281 679 4324 est
698 4270 780 4332 liber,
796 4281 827 4325 et
845 4280 931 4325 estne
951 4271 1000 4325 ille
1017 4270 1093 4324 liber
1110 4271 1159 4325 cui
1178 4271 1248 4327 licet

130 4363 227 4405 amare
239 4359 316 4419 quot
329 4348 431 4404 lubet?
466 4349 504 4404 Et
517 4359 602 4403 estne
617 4348 764 4404 infernum
778 4351 829 4404 ubi
842 4350 909 4420 quis
922 4359 968 4404 eat
981 4349 1103 4405 servus?
1118 4359 1150 4406 et
1162 4360 1247 4407 estne

131 4425 176 4484 ille
188 4446 302 4490 servus,
316 4445 405 4499 quem
419 4439 542 4499 oportet
554 4429 715 4484 adhaerere
728 4429 779 4483 uni
788 4428 819 4484 ?''
