2782 5026
288 114 339 164 nn
362 108 499 166 suone
522 115 841 184 minumum-n.
862 123 932 189 373.
1111 127 1170 194 ²91

44 283 201 373 jugialr’s
219 283 403 363 dividatur,
423 296 456 350 et
472 286 521 350 sic
536 287 811 369 pereat-Omni
831 291 938 355 amori
960 291 1049 356 inest
1069 294 1173 358 timor

48 391 85 445 et
108 381 229 460 dolor;
252 383 354 445 timor
372 403 415 446 ne
436 393 566 464 pereat,
586 395 621 449 et
645 386 744 449 dolor
766 389 792 451 si
816 389 923 470 perit:
955 390 1063 454 simile
1082 391 1173 456 inest

49 477 158 540 amori
174 475 376 559 conjugiali;
400 479 461 541 sed
478 480 580 543 timor
596 490 631 544 et
648 480 746 545 dolor
762 482 832 562 ejus
849 493 992 546 vocatur
1004 484 1095 547 zelus
1111 495 1172 550 aut

50 568 234 654 zelotypia.
280 570 381 653 Quod
405 573 498 636 zelus
521 574 579 638 ille
601 575 692 657 apud
715 576 889 658 conjuges,
914 579 969 660 qui
993 599 1029 642 se
1053 588 1171 644 tenere

49 677 179 743 amant,
200 669 245 731 sit
264 666 375 748 justus
398 678 433 732 et
463 690 508 732 ex
539 689 623 733 sana
646 672 789 746 ratione,
810 683 863 735 est
894 674 972 754 quia
995 674 1094 737 simul
1117 685 1171 740 est

50 764 155 825 timor
176 783 239 844 pro
257 761 389 844 jaelura
408 774 570 828 aeternae
589 764 771 842 felicitatis,
792 788 860 831 non
881 768 985 832 modo
1005 789 1085 833 suae
1108 771 1170 834 sed

46 857 156 921 etiam
174 857 339 941 conjugis,
360 869 396 922 et
418 860 496 943 quia
514 861 618 924 etiam
639 872 692 925 est
716 870 873 927 tutamen
894 874 1016 928 contra
1034 866 1170 930 adulte·

45 953 147 1016 rium.
190 952 293 1035 Quod
318 955 461 1036 primum
485 956 625 1030 attinet,
650 955 742 1038 quod
769 959 814 1021 sit
843 957 954 1039 justus
977 961 1079 1024 timor
1109 981 1171 1042 pro

39 1044 178 1126 jactura
200 1059 362 1112 aeternae
385 1048 558 1114 felicitatis
581 1071 661 1114 suae
695 1060 731 1115 et
762 1052 925 1134 conjugis.
951 1057 1101 1136 sequitur
1124 1077 1169 1118 ex

40 1145 218 1218 omnibus,
243 1164 330 1227 quae
354 1144 397 1208 de
427 1164 543 1208 amore
567 1165 647 1210 vere
670 1145 852 1228 conjugiali
875 1147 1040 1212 haetenus
1063 1149 1172 1213 allata

39 1248 154 1316 sunt3
176 1249 211 1303 et
231 1261 276 1303 ex
295 1238 358 1314 his,
379 1241 469 1322 quod
489 1262 535 1304 ex
554 1240 614 1304 illo
632 1261 747 1305 amore
766 1244 810 1306 sit
829 1245 1016 1307 animarum
1036 1245 1171 1307 illorum

37 1327 238 1410 beatitudo,
254 1336 422 1399 mentium
439 1335 574 1399 illorum
586 1336 756 1408 iaustitas,
771 1335 946 1418 petitorum
960 1339 1167 1420 jucunditas,
1252 1417 1260 1428 .

36 1434 88 1488 et
113 1449 284 1512 corporum
303 1430 483 1512 voluptas;
506 1441 543 1495 et
562 1432 640 1514 quia
659 1431 743 1496 haec
763 1433 828 1496 illis
847 1435 879 1496 in
900 1445 1076 1498 aeternum
1098 1455 1170 1499 ma·

36 1535 146 1601 nent,
164 1536 217 1590 est
237 1527 340 1589 timor
355 1526 529 1608 utriusque
546 1526 719 1591 felicitatis
738 1539 910 1592 aeternae.
956 1527 1057 1610 Quod
1078 1530 1170 1593 zelus

36 1609 116 1682 ille
134 1620 174 1683 sit
194 1620 323 1701 justum
341 1629 498 1684 tutamen
522 1631 644 1685 contra
663 1621 842 1697 adulteria,
863 1634 981 1704 patet;
1013 1624 1090 1687 inde
1114 1634 1170 1688 est

37 1706 139 1779 sicut
160 1718 249 1797 ignis
272 1726 394 1780 contra
417 1710 638 1779 riolationem
659 1717 852 1799 efflagrans,
873 1727 908 1782 et
932 1729 1053 1783 contra
1076 1719 1169 1782 illam

37 1816 89 1865 Se
116 1819 235 1875 tutans.
281 1810 338 1873 Ex
361 1810 413 1874 his
437 1820 586 1887 constat,
607 1813 698 1895 quod
717 1814 773 1895 qui
796 1824 914 1877 tenere
936 1823 1030 1877 amat
1054 1814 1169 1895 conju·

37 1910 141 1996 gem,
163 1907 270 1970 etiam
300 1905 481 1988 zelotypus
510 1906 565 1981 sit,
589 1915 626 1970 at
656 1908 844 1971 secundum
874 1909 1078 1991 sapientiam
1108 1910 1169 1973 viri

35 2004 156 2066 iustus
173 2010 209 2064 et
230 2020 342 2063 sanus.

116 2111 204 2180 372.
231 2093 370 2160 Dictum
383 2105 447 2171 est,
459 2097 549 2180 quod
563 2098 669 2162 amori
682 2096 863 2180 conjugiali
877 2100 996 2163 insitus
1011 2100 1054 2162 sit
1067 2099 1171 2162 timor

40 2195 100 2251 sse
119 2193 297 2266 dividatur,
321 2211 360 2255 ac
384 2192 483 2255 dolor
510 2212 553 2256 ne
576 2204 706 2276 pereat,
731 2203 766 2256 et
789 2194 880 2275 quod
905 2193 997 2256 zelus
1020 2193 1090 2274 ejus
1120 2195 1167 2259 sit

41 2276 139 2352 Sicut
149 2289 244 2370 ignis
263 2297 385 2350 contra
404 2286 636 2351 violationem.
683 2289 735 2351 De
758 2287 811 2350 his
830 2289 1002 2370 quondam
1022 2289 1170 2354 medita·

43 2374 119 2456 tus,
132 2381 340 2464 interrogavi
357 2381 499 2463 angelos
516 2382 646 2445 zelotes
662 2383 705 2445 de
718 2382 801 2445 sede
818 2383 1020 2464 zelotypiae.
1059 2383 1170 2447 Dixe-

45 2482 140 2553 runt,
153 2477 245 2562 quod
259 2478 303 2541 sit
315 2477 349 2539 in
361 2475 539 2540 intelletlu
551 2478 622 2550 viri,
637 2477 693 2559 qui
705 2477 826 2558 recipit
839 2497 990 2540 amorem
1004 2477 1169 2559 conjugis,

49 2576 91 2632 et
111 2573 276 2646 redamat,
297 2580 332 2635 et
355 2572 447 2654 quod
470 2571 618 2653 qualitas
641 2570 712 2652 ejus
735 2571 780 2634 ibi
804 2572 848 2634 sit
871 2572 1056 2635 secundum
1081 2574 1171 2654 sapi·

52 2670 179 2733 entiam
210 2667 318 2731 illius:
353 2666 548 2749 inquierunt
576 2667 694 2741 etiam,
718 2667 814 2749 quod
844 2667 1016 2749 zelotypia
1046 2667 1172 2749 aliquid

56 2773 232 2826 commune
252 2762 379 2825 habeat
398 2780 475 2824 cum
495 2758 635 2836 honore,
656 2761 712 2844 qui
731 2762 834 2824 etiam
854 2761 943 2824 inest
962 2762 1068 2824 amori
1087 2781 1171 2825 con-

57 2848 178 2941 iugiali,
210 2876 291 2920 nam
320 2857 376 2940 qui
406 2866 502 2919 amat
533 2854 725 2938 conjugem,
754 2856 857 2919 etiam
888 2855 1035 2919 honorat
1065 2856 1170 2920 illam.

61 2947 153 3033 Quod
178 2952 271 3016 zelus
293 2951 384 3033 apud
406 2951 513 3013 virum
537 2951 570 3013 in
594 2948 773 3015 intelledlu
796 2949 866 3031 ejus
889 2951 1049 3025 resideat,
1070 2952 1171 3015 dixe·

61 3058 129 3112 runt
158 3047 249 3112 hanc
279 3065 428 3121 causam,
452 3046 531 3128 quia
559 3065 656 3109 amor
678 3044 879 3127 conjugialis
903 3055 1012 3109 semet
1037 3054 1171 3109 tutatur

60 3161 112 3223 per
125 3139 351 3215 intellectum,
365 3141 451 3204 sicut
468 3141 595 3203 bonum
612 3160 672 3223 per
687 3159 825 3216 verum;
845 3140 893 3202 ita
909 3159 997 3203 uxor
1013 3139 1070 3202 illa
1085 3160 1172 3222 quae

59 3255 127 3302 cum
143 3238 217 3300 viro
233 3236 427 3300 communia
442 3243 533 3310 sunt,
551 3256 611 3316 per
627 3234 805 3311 maritum;
825 3243 860 3297 et
880 3233 970 3316 quod
987 3234 1064 3297 ideo
1080 3233 1172 3296 zelus

57 3332 172 3398 insitus
199 3332 289 3405 viris,
313 3350 353 3393 ac
382 3351 441 3411 per
463 3330 554 3393 viros
578 3339 613 3393 et
641 3339 780 3411 propter
806 3329 896 3391 viros
925 3328 1067 3390 seminis.
1112 3326 1172 3390 Ad

56 3427 359 3509 interrogationem
377 3425 411 3488 in
430 3446 497 3507 qua
516 3425 654 3506 regione
674 3424 798 3487 mentis
817 3423 907 3504 apud
923 3424 1014 3486 viros
1032 3422 1171 3495 residet,

53 3524 303 3605 responderunt
325 3521 359 3582 in
382 3521 495 3583 anima
524 3518 669 3591 illorum,
690 3518 767 3600 quia
797 3519 901 3581 etiam
930 3526 984 3580 est
1014 3526 1171 3580 tutamen

54 3629 173 3683 contra
189 3616 369 3690 adulteria,
384 3623 419 3678 et
438 3614 516 3698 quia
531 3612 615 3676 haec
633 3611 864 3694 principaliter
880 3612 1060 3674 destruunt
1076 3630 1172 3673 amo-

51 3729 122 3775 rem
143 3706 395 3792 conjugialem;
418 3708 510 3792 quod
529 3704 724 3771 intellectus
747 3707 808 3770 viri
831 3707 864 3769 in
888 3704 1045 3787 periculis
1064 3703 1172 3767 viola-

50 3806 157 3873 tionis
174 3806 383 3875 indurescat.
403 3812 439 3867 et
457 3800 516 3867 fiat
535 3802 622 3866 sicut
641 3821 746 3865 cornu
765 3800 886 3865 seriens
905 3799 1109 3863 adulterum.

114 3913 213 3981 373·
245 3896 314 3981 (x.)
348 3897 445 3975 Quod
468 3896 632 3978 zelotypia
657 3894 753 3977 apud
776 3896 939 3978 conjuges,
967 3894 1083 3976 quise
1110 3913 1174 3956 non

47 4005 178 4070 amant,
187 3994 237 4059 sit
246 4003 390 4077 propter
395 3992 512 4074 plures
524 4011 644 4055 causas
651 4013 667 4065 ,·
689 4000 728 4053 at
737 3990 833 4071 apud
840 3989 1001 4072 quosdam
1018 4010 1061 4052 ex
1071 3988 1174 4052 varia

45 4090 262 4174 aegritudine
280 4087 598 4163 mentia-Causae,
619 4095 760 4169 propter
778 4106 861 4169 quas
880 4083 1043 4167 conjuges
1061 4085 1116 4168 qui
1135 4104 1173 4148 se
