2782 5026
361 453 411 504 ua
428 452 565 506 attona
585 454 904 523 conmotam-u.
923 442 994 505 262.
1174 457 1233 524 205

114 623 139 679 hi
150 636 305 681 vocantur
318 625 455 697 discipuli
473 625 612 681 Domini:
630 627 812 682 emittuntur
826 627 896 683 inde
909 626 1037 699 prlmum
1052 627 1081 682 in
1095 626 1236 684 occiden-

113 715 217 767 temet
231 705 278 760 illi
289 705 344 776 qui
357 706 397 760 ibi
410 722 470 761 non
481 717 611 769 manent.
621 707 651 761 in
665 707 830 769 meridiem,
840 717 871 762 et
881 707 1002 777 quidam
1017 723 1070 778 per
1079 708 1234 764 meridiem

114 783 139 838 in
156 784 320 848 orientem,
335 795 367 841 et
385 786 617 841 introducuntur
632 786 662 841 in
680 786 841 842 societates
856 787 907 840 ubi
927 787 1098 842 mansiones
1116 787 1234 841 illorum

113 876 204 921 emnt.

159 943 338 1017 Quondam,
350 959 419 999 cum
432 945 596 1001 meditatus
609 961 675 1000 sum
689 944 728 999 de
740 945 824 1000 caelo
836 955 867 999 et
883 943 1007 1005 inlerno,
1018 945 1104 1014 coepi
1117 944 1237 1000 deside·

113 1036 171 1079 tare
185 1024 397 1095 cognitionem
413 1024 611 1079 universalem
624 1025 663 1078 de
682 1034 763 1079 statu
782 1024 953 1094 utriusque:
972 1024 1070 1079 sciens
1082 1024 1164 1095 quod
1183 1025 1234 1095 qui

113 1104 290 1159 universalia
303 1104 368 1166 scit.
382 1114 488 1174 postea
506 1104 603 1174 possit
615 1103 872 1174 comprehendere
887 1103 1058 1174 singularia,
1071 1103 1142 1174 quia
1160 1102 1234 1158 haec

113 1183 223 1238 suntin
238 1183 306 1244 illis.
319 1182 398 1238 sicut
411 1194 511 1253 partes
523 1195 594 1237 sunt
613 1183 643 1237 in
659 1183 821 1238 communi.
860 1182 894 1237 ln
914 1183 973 1237 hoc
987 1182 1138 1237 desiderio
1150 1198 1235 1252 spec·

112 1262 166 1316 tavi
181 1263 221 1316 ad
235 1260 365 1316 trat'tum
376 1262 460 1316 illum
475 1263 504 1316 in
518 1262 606 1333 plaga
618 1262 843 1332 septentrionali
858 1278 951 1332 prope
963 1261 1001 1316 ad
1014 1264 1172 1323 orientem,
1182 1261 1233 1316 ubi

111 1337 171 1395 loca
186 1340 398 1396 instruilionis
410 1352 503 1402 erant.
513 1352 545 1396 et
558 1343 697 1412 perviam
712 1341 785 1395 mihi
798 1352 872 1396 tunc
883 1351 1016 1412 apertam
1031 1342 1101 1396 illuc
1110 1342 1188 1402 vadi.
1199 1357 1234 1395 sc

109 1416 217 1475 intravi
230 1421 261 1474 in
271 1435 365 1474 unum
376 1421 545 1491 collegium,
554 1421 605 1475 ubi
615 1433 700 1475 erant
709 1421 765 1475 viri
778 1421 912 1491 juvenes.
945 1421 982 1474 Et
991 1421 1071 1475 adivi
1086 1421 1125 1474 ibi
1136 1420 1235 1475 archi-

104 1498 280 1555 didascalos
293 1500 344 1570 qui
360 1500 556 1561 instruebant,
568 1511 600 1554 et
615 1500 748 1570 quaesivi
768 1500 842 1562 illos.
856 1517 928 1554 num
943 1500 1040 1555 sciant
1055 1500 1235 1555 universalia

100 1577 138 1635 de
153 1579 247 1634 caelo
260 1589 292 1634 et
305 1578 430 1634 inferno.

156 1659 200 1714 Et
217 1659 447 1729 responderunt,
460 1657 542 1728 quod
555 1657 653 1712 sciant
665 1657 777 1728 aliquid
792 1674 913 1728 parum:
932 1658 1008 1713 “sed
1024 1658 1049 1712 si
1062 1655 1233 1727 speilamus

89 1746 209 1795 versus
227 1738 376 1792 orientem
391 1737 429 1792 ad
446 1736 618 1798 Dominum,
632 1737 848 1792 illustrabimur
861 1747 892 1792 et
907 1737 1063 1793 sciemus.''
1101 1737 1139 1792 Et
1154 1737 1233 1793 lece·

85 1828 173 1874 nant
190 1818 244 1880 ita.
258 1828 289 1872 et
304 1817 452 1879 dixerunt.
466 1816 679 1872 “Universalia
695 1816 801 1871 inferni
817 1827 888 1871 sunt
903 1817 968 1877 tria.
981 1818 1033 1871 sed
1054 1817 1233 1871 universalia

78 1889 215 1954 interni
230 1905 303 1951 sunt
316 1896 490 1951 ediametro
503 1895 643 1966 opposita
654 1895 872 1951 universalibus
884 1896 975 1951 caeli:
994 1896 1175 1951 universalia
1188 1897 1232 1950 in·

72 1970 180 2034 ferni
205 1986 280 2031 sunt
300 1975 330 2029 hi
349 1986 411 2030 tres
430 1991 679 2037 amores-amor
697 1976 873 2030 dominandi
894 1992 932 2030 ex
950 1991 1052 2030 amore
1074 1976 1129 2038 sui,
1147 1992 1233 2030 amor

71 2054 286 2121 possidendi
308 2054 433 2110 aliorum
455 2056 535 2110 bona
555 2071 592 2109 ex
613 2070 716 2109 amore
736 2055 849 2117 mundi,
871 2066 902 2109 et
923 2071 1009 2110 amor
1025 2055 1231 2111 scortatorius.

69 2129 300 2191 Universalia
308 2133 382 2189 caeli
394 2134 451 2188 illis
459 2134 599 2204 opposita
608 2145 679 2189 sunt
689 2134 720 2188 hi
730 2145 792 2189 tres
800 2151 1046 2197 amores-amor
1054 2134 1229 2189 dominandi

62 2226 129 2271 ex
144 2229 262 2271 amore
273 2230 351 2276 usus,
362 2229 447 2268 amor
456 2214 630 2284 possidendi
643 2214 723 2268 bona
736 2214 840 2268 mundi
852 2231 889 2269 ex
902 2230 1003 2269 amore
1016 2213 1144 2268 laciendi
1158 2229 1230 2269 usus

62 2307 150 2362 per
167 2294 233 2354 illa,
246 2303 278 2347 et
290 2309 374 2348 amor
385 2309 454 2348 vere
467 2293 671 2364 conjugialis.”

153 2373 220 2429 His
232 2370 328 2434 ditiis,
338 2382 408 2443 post
417 2373 552 2426 votivum
566 2373 655 2442 pacis,
665 2371 724 2427 abii
737 2382 768 2427 et
781 2372 854 2428 redii
865 2374 998 2428 domum.
1035 2370 1134 2444 Quum
1146 2371 1229 2426 domi

57 2466 196 2514 eram.
210 2450 325 2506 dietum
338 2451 411 2505 mihi
426 2462 474 2506 est
485 2467 503 2506 e
515 2452 607 2513 caelo,
622 2452 753 2507 “Lustra
769 2452 818 2507 illa
833 2453 891 2506 tria
904 2452 1082 2506 universalia
1094 2468 1183 2522 supra
1198 2463 1230 2507 et

58 2529 190 2593 inira,
201 2542 235 2586 et
247 2541 353 2602 postea
360 2531 530 2586 videbimus
544 2531 594 2586 illa
607 2531 636 2585 in
650 2548 739 2586 manu
753 2532 832 2586 tua.''
870 2530 1033 2586 Dicebatur
1042 2539 1057 2560 ‘¹
1067 2531 1097 2585 in
1111 2531 1230 2594 mauu‚”

55 2614 174 2686 quia
187 2611 293 2666 omnia
305 2626 382 2680 quae
394 2610 487 2666 homo
504 2609 656 2666 intelleftu
676 2611 791 2673 lustrat,
804 2621 948 2682 apparent
960 2611 1075 2683 angelis
1087 2611 1165 2667 sicut
1185 2613 1229 2667 iu·

55 2694 219 2763 scripta
232 2690 377 2744 manibus.
919 2702 922 2719 ·

152 2771 251 2828 262.
278 2769 350 2823 Post
370 2769 444 2823 haec
463 2769 587 2824 lustravi
606 2768 734 2839 primum
753 2786 886 2825 amorem
899 2769 1098 2825 universalem
1112 2769 1229 2832 instrui,

56 2852 149 2925 qui
167 2859 237 2904 erat
249 2864 335 2903 amor
346 2848 522 2903 dominandi
538 2864 575 2903 ex
587 2864 689 2903 amore
702 2849 756 2910 sui.
770 2860 801 2904 et
819 2860 925 2920 postea
939 2850 979 2904 illi
992 2851 1230 2921 corresponden-

55 2936 162 2987 tem
179 2944 315 2983 amorem
329 2928 527 2982 universalem
541 2929 625 2989 caeli.
638 2928 690 2999 qui
709 2939 773 2984 erat
787 2946 872 2983 amor
884 2930 1059 2983 dominandi
1075 2945 1113 2984 ex
1127 2945 1229 2985 amore

57 3019 232 3070 usuum:
251 3006 405 3062 nonenim
420 3007 493 3061 mihi
506 3007 591 3061 licuit
603 3024 695 3062 unum
710 3024 843 3062 amorem
858 3010 971 3078 absque
984 3009 1080 3064 altero
1095 3010 1228 3070 lustrare.

59 3090 175 3163 quia
189 3085 361 3142 intelleilus
371 3103 431 3142 non
445 3087 571 3157 percipit
580 3103 713 3142 amorem
724 3104 817 3141 unum
830 3089 942 3158 absque
952 3089 1055 3147 altero.
1065 3099 1136 3143 sunt
1148 3088 1228 3144 enim

60 3165 257 3241 oppositi:
276 3182 368 3237 quare
382 3177 417 3221 ut
432 3177 558 3236 uterque
574 3167 762 3237 percipiatur,
776 3167 922 3222 sistentur
937 3168 966 3221 in
985 3168 1135 3238 opposito,
1152 3184 1229 3223 unus

62 3257 214 3304 eontra
226 3247 370 3307 alterum:
388 3245 479 3301 iacies
491 3247 572 3301 enim
588 3247 713 3317 pulchra
727 3256 758 3301 et
777 3245 909 3301 formosa
923 3247 1022 3302 elucet
1036 3263 1073 3302 ex
1088 3247 1229 3317 opposita

67 3323 140 3383 ini
157 3324 239 3382 facie
251 3325 419 3396 impulchra
430 3336 462 3380 et
474 3325 610 3382 deformi.
647 3325 724 3382 Cum
739 3326 883 3381 ventilavi
903 3342 1034 3381 amorem
1051 3327 1227 3382 dominandi

66 3421 134 3463 ex
151 3421 261 3461 amore
276 3405 331 3467 sui.
347 3406 450 3460 datum
467 3417 513 3460 est
532 3406 682 3477 percipere
697 3407 778 3476 quod
795 3406 845 3461 hic
859 3422 944 3461 amor
957 3417 1037 3461 esset
1051 3422 1168 3461 summe
1184 3406 1229 3460 in-

68 3485 236 3546 fernalis,
255 3495 287 3538 et
304 3484 374 3539 inde
393 3485 473 3554 apud
492 3485 560 3540 illos
578 3485 629 3556 qui
651 3486 681 3540 in
702 3484 936 3556 profundissimo
956 3484 1073 3540 inferno
1091 3495 1178 3547 sunt:
1196 3495 1228 3539 et

71 3566 186 3638 quod
203 3579 290 3618 amor
308 3563 483 3618 dominandi
502 3580 539 3618 ex
557 3580 659 3620 amore
678 3581 784 3619 usuum
805 3575 884 3620 esset
901 3582 1017 3619 summe
1035 3564 1180 3625 caelestis.
1196 3574 1228 3618 et

79 3643 174 3700 inde
188 3643 270 3714 apud
286 3642 354 3697 illos
366 3643 417 3713 qui
434 3643 462 3696 in
479 3660 619 3713 supremo
633 3644 717 3699 caelo
732 3654 810 3698 sunt.
847 3642 937 3715 Quod
953 3661 1038 3699 amor
1050 3643 1226 3698 dominandi

76 3740 137 3780 ex
151 3738 259 3778 amore
274 3721 320 3776 sui
335 3737 453 3776 summe
469 3721 620 3777 infernalis
635 3722 682 3783 sit,
698 3732 744 3777 est
759 3723 829 3793 quia
844 3723 992 3778 dominari
1011 3741 1048 3778 ex
1063 3738 1165 3779 amore
1181 3723 1226 3777 sui

80 3813 149 3860 est
161 3819 201 3857 ex
215 3801 344 3873 proprio,
357 3817 393 3856 ac
405 3802 556 3872 proprium
573 3801 704 3856 hominis
716 3819 734 3856 a
747 3802 905 3857 nativitate
923 3813 969 3857 est
989 3803 1085 3872 ipsum
1104 3802 1225 3863 malum.

82 3893 132 3939 et
152 3882 253 3952 ipsum
270 3881 381 3934 malum
399 3890 447 3935 est
465 3882 643 3936 ediametro
658 3892 763 3936 contra
780 3881 958 3944 Dominum:
977 3891 1160 3952 quapropter
1175 3881 1225 3942 illi,

84 3976 165 4034 quo
186 3961 255 4031 plus
277 3959 308 4013 in
330 3959 403 4014 illud
421 3961 531 4015 malum
549 3961 786 4032 progrediuntur,
802 3977 839 4016 eo
858 3962 924 4032 plus
939 3970 1052 4031 negant
1074 3959 1171 4014 Deum
1194 3972 1226 4015 et

86 4038 208 4097 sanila
220 4038 372 4113 ecclesiae,
382 4051 413 4094 et
423 4040 549 4095 adorant
559 4057 591 4095 se
604 4050 635 4095 et
648 4050 800 4102 naturam:
821 4040 870 4101 illi.
881 4040 931 4110 qui
947 4041 976 4094 in
991 4040 1042 4094 illo
1055 4039 1133 4093 malo
1146 4050 1225 4098 sunt.

90 4120 262 4191 explorent
275 4134 388 4190 quaeso
401 4118 430 4174 id
448 4119 477 4173 in
490 4134 531 4180 se.
544 4128 575 4174 et
587 4120 742 4176 videbunt.
779 4120 876 4175 Amor
884 4119 974 4174 etiam
988 4118 1037 4173 hic
1049 4118 1118 4173 talis
1127 4128 1181 4179 est
1191 4130 1225 4172 ut

93 4209 251 4270 quantum
264 4197 292 4252 ei
311 4198 483 4253 relaxantur
497 4197 588 4260 irena,
603 4199 685 4270 quod
704 4198 739 4253 fit
754 4199 825 4254 dum
842 4197 1024 4269 impossibile
1039 4212 1099 4252 non
1115 4197 1224 4257 obstat.

93 4288 223 4333 tantum
243 4287 312 4332 ruat
329 4293 347 4332 e
361 4278 455 4349 gradu
476 4278 505 4332 in
521 4279 655 4350 gradum,
668 4289 699 4333 et
714 4294 808 4348 usque
822 4278 860 4333 ad
876 4293 1043 4339 summum:
1062 4286 1093 4331 et
1109 4276 1148 4330 ibi
1168 4291 1224 4332 nec

99 4356 291 4418 terminatur,
303 4356 356 4411 sed
369 4358 394 4411 si
408 4372 468 4412 non
487 4357 578 4412 datur
588 4358 699 4429 gradus
716 4357 859 4428 superior.
872 4358 957 4412 dolet
974 4367 1005 4411 et
1023 4355 1125 4427 gemit.
1164 4354 1223 4411 llic

102 4450 190 4492 amor
200 4435 282 4509 apud
298 4435 436 4509 politicos
451 4436 587 4492 aseendit
599 4453 693 4509 usque
707 4447 741 4492 ut
753 4437 847 4494 velint
860 4452 924 4493 esse
944 4452 1029 4508 reges
1047 4445 1077 4492 et
1097 4435 1224 4507 impera·
