2782 5026
208 459 253 528 70
558 458 741 510 DELICIAE
764 459 992 511 SAPIENTIAB

209 628 299 683 etiam
313 626 462 698 significat
480 628 594 682 bonum
611 628 754 690 naturale,
768 627 837 683 ideo
856 629 1016 689 saeculum,
1030 626 1060 682 in
1079 643 1142 700 quo
1159 632 1303 692 vixerant,
1315 633 1381 688 a

209 707 315 778 priscis
327 717 468 762 vocatum
480 718 527 761 est
539 723 557 761 a
569 723 681 777 cupro:
700 720 770 762 sunt
780 725 900 779 quoque
914 708 963 763 hic
975 709 1066 764 aedes
1079 725 1185 766 sacrae
1198 727 1235 766 ex
1248 711 1381 782 ligni&

209 787 268 842 olei
281 783 458 848 exstruflae,
468 796 500 841 et
511 787 540 840 in
551 789 652 843 medio
662 788 779 842 illamm
792 799 837 842 est
848 786 1059 850 sandiuarium,
1070 789 1121 843 ubl
1136 789 1165 843 in
1176 806 1247 845 arca
1258 791 1381 861 jaced

209 865 342 921 Verbum
361 867 466 921 datum
482 866 589 922 incolis
604 867 696 922 Asiae
711 879 782 922 ante
797 867 929 922 Verbum
947 867 1153 930 israeliticum,
1165 871 1255 940 cuius
1270 864 1381 925 libr!

209 947 344 1001 historici
353 957 501 1001 vocantur
508 945 591 1000 Bella
598 946 734 1019 Jekovae,
743 959 775 1002 et
784 948 951 1018 prophetici
960 948 1137 1009 Enuntrbta,
1146 958 1276 1020 utraque
1284 967 1381 1004 no·-

210 1027 324 1080 minata
336 1041 354 1080 a
369 1025 454 1081 Mose
467 1027 569 1095 (Num.
582 1026 641 1081 xxi.
654 1042 730 1081 vers.
747 1041 786 1092 14,
804 1039 843 1095 15,
856 1036 888 1082 et
899 1041 976 1082 vers.
990 1028 1105 1096 27-3o);
1127 1029 1188 1083 hoc
1200 1028 1292 1083 bodie
1306 1029 1334 1084 in
1356 1040 1381 1078 J

210 1105 310 1178 regnis
319 1105 410 1160 Asiae
418 1106 607 1176 deperditum
617 1117 710 1168 est,et
720 1108 812 1161 modo
823 1107 853 1161 in
860 1106 1335 1178 TartariaMagnareservatum,”
1354 1103 1381 1121 ¹

264 1185 302 1240 Et
316 1196 390 1240 tunc
402 1187 527 1256 angelus
542 1186 628 1240 duxit
644 1202 692 1241 me
707 1186 744 1240 ad
761 1202 851 1240 unam
865 1188 980 1248 aedem,
994 1201 1029 1241 ac
1044 1187 1290 1258 introspeximus,
1304 1198 1334 1243 et

208 1264 340 1319 vidimus
351 1264 380 1318 in
391 1265 493 1319 medio
502 1266 568 1336 ejus
577 1264 779 1320 sanctuarium
790 1266 871 1328 illud,
879 1276 978 1321 totum
990 1267 1019 1319 in
1029 1266 1247 1322 candidissima
1256 1267 1335 1327 luce:

208 1354 240 1400 et
252 1344 329 1398 dixit
341 1343 475 1416 angelus,
490 1352 508 1374 ‘⁴
521 1345 584 1400 Lux
597 1344 648 1400 illa
660 1356 706 1400 est
719 1360 756 1400 ex
768 1356 891 1401 vetusto
904 1346 956 1400 illo
969 1346 1106 1401 Asiatico
1118 1345 1231 1410 Verbo,
1244 1362 1333 1402 omne

208 1424 289 1479 enim
305 1423 448 1479 Divinum
462 1423 576 1479 Verum
589 1425 619 1479 in
632 1426 723 1480 caelis
736 1425 843 1480 lucet.”

264 1503 416 1559 Exeuntes
435 1521 472 1558 ex
491 1505 565 1559 aede
581 1505 760 1565 audivimus,
774 1505 855 1575 quod
869 1504 1040 1559 nuntiatum
1054 1504 1094 1560 sit
1110 1504 1140 1558 in
1156 1505 1241 1568 urbe,
1254 1504 1334 1577 quod

209 1582 272 1638 duo
285 1584 433 1655 peregrini
448 1584 488 1639 ibi
501 1585 572 1646 sint,
584 1594 616 1640 et
628 1586 710 1655 quod
721 1585 921 1646 examinandi,
930 1585 1011 1640 unde
1026 1585 1076 1647 illi,
1089 1594 1121 1640 et
1134 1586 1210 1656 quid
1222 1586 1333 1656 negotii

209 1659 274 1726 hic;
295 1673 327 1719 et
345 1665 474 1719 accurrit
491 1680 509 1719 e
527 1665 610 1719 curia
628 1665 755 1727 satelles,
768 1675 799 1719 et
818 1665 973 1719 mandavit
992 1679 1047 1719 nos
1062 1666 1100 1719 ad
1118 1665 1285 1735 judicium:
1305 1674 1335 1720 et

208 1743 247 1797 ad
268 1743 533 1815 interrogationem
553 1744 633 1798 unde
652 1761 763 1807 sumus,
777 1745 892 1814 etquid
913 1745 1026 1816 negotii
1042 1744 1100 1806 hic,
1114 1745 1334 1814 respondimus,

209 1830 225 1853 ⁸·
234 1823 441 1878 Transivimus
455 1840 563 1878 nemus
573 1825 747 1894 palmarum,
761 1836 793 1878 et
807 1840 927 1895 quoque
940 1824 1093 1878 domicilia
1105 1824 1274 1896 gigantum,
1284 1825 1334 1896 qui

208 1914 281 1958 sunt
295 1904 437 1958 custodes
451 1904 544 1959 vestri
560 1903 643 1964 caeli,
656 1916 687 1958 et
702 1915 807 1974 postea
822 1905 973 1974 regionem
989 1904 1145 1966 villarum
1169 1920 1208 1958 ex
1227 1905 1335 1975 quibus

209 1983 337 2054 potestis
353 1984 540 2045 concludere,
557 1983 639 2055 quod
659 2000 719 2037 non
739 1999 757 2037 a
775 1984 871 2045 nobis,
887 1984 940 2038 sed
955 1984 1037 2054 quod
1057 1999 1075 2037 a
1095 1982 1161 2038 Deo
1176 1984 1261 2044 eseli,
1278 1984 1336 2037 huc

209 2063 447 2133 pervenerimus:
465 2073 497 2118 et
510 2064 674 2134 negotium,
686 2074 808 2133 propter
817 2062 908 2134 quod,
917 2075 963 2117 est
975 2074 1009 2117 ut
1023 2063 1207 2117 instruamur
1218 2063 1259 2119 de
1271 2073 1335 2119 ves·

208 2142 265 2197 tris
277 2143 434 2213 conjugiis,
448 2160 520 2197 num
530 2144 591 2198 sint
604 2143 822 2214 monogamica,
835 2144 883 2197 vel
897 2159 968 2196 num
983 2142 1199 2213 polygamica.''

264 2221 303 2277 Et
316 2223 543 2293 responderunt,
557 2221 661 2294 “Quid
676 2221 883 2294 polygamica?
902 2232 1011 2276 suntne
1020 2222 1097 2284 ,haec
1110 2222 1292 2277 scortatoris
1299 2221 1329 2277 ?''

264 2301 303 2357 Et
321 2312 394 2357 tunc
408 2303 559 2374 judicialis
577 2303 626 2358 hic
644 2312 749 2357 coetus
768 2303 916 2372 ablegavit
932 2318 1024 2355 unum
1042 2302 1270 2372 intelligentem,
1284 2302 1334 2373 qui

209 2399 266 2438 nos
278 2382 308 2435 in
322 2383 414 2437 domo
427 2384 530 2437 suade
546 2384 605 2437 hoc
621 2382 744 2452 negotio
758 2382 933 2442 instrueret;
952 2390 982 2436 et
998 2381 1047 2435 hic
1063 2381 1092 2435 in
1108 2381 1202 2436 domo
1214 2396 1271 2436 sua
1284 2382 1336 2436 ad·

207 2463 308 2534 junxit
321 2463 378 2517 sibi
388 2473 560 2524 uxoremet
573 2463 691 2516 locutus
704 2472 750 2516 est
764 2462 853 2516 haec:
873 2469 888 2490 “
900 2461 943 2515 Er
957 2461 1115 2531 primaevis
1125 2477 1178 2514 seu
1188 2462 1335 2532 antiquis-

208 2542 299 2605 simis,
309 2543 361 2613 qui
372 2543 402 2596 in
413 2559 514 2597 amore
523 2558 591 2596 vere
599 2542 770 2611 conjugiali,
779 2552 809 2596 et
820 2542 889 2596 inde
900 2557 969 2611 prae
977 2540 1084 2595 ceteris
1095 2540 1124 2594 in
1135 2540 1215 2595 illius
1225 2541 1336 2595 amoris

207 2623 321 2678 virtute
334 2633 364 2677 et
380 2622 516 2693 potentia
532 2622 560 2675 in
578 2623 691 2675 mundo
704 2622 831 2683 fuerant,
844 2632 875 2676 et
891 2637 971 2674 nunc
987 2621 1017 2674 in
1032 2621 1116 2674 caelo
1131 2636 1187 2674 suo
1202 2621 1286 2691 quod
1306 2621 1336 2674 in

207 2703 324 2757 oriente
336 2713 391 2763 est,
403 2702 432 2755 in
443 2701 617 2756 beatissimo
627 2711 707 2755 statu
717 2711 796 2762 sunt,
808 2710 966 2771 praecepta
976 2700 1014 2754 de
1023 2699 1173 2770 conjugiis
1186 2698 1269 2770 apud
1281 2716 1336 2755 nos

208 2792 358 2836 reservata
369 2781 521 2835 habemus.
559 2779 622 2834 Nos
633 2796 736 2834 sumus
746 2780 906 2850 posteritas
914 2780 1041 2841 illomm,
1049 2790 1080 2834 et
1091 2779 1132 2833 illi
1143 2780 1224 2833 sicut
1235 2789 1337 2850 patres

208 2861 296 2915 nobis
309 2870 344 2914 ut
359 2859 428 2914 liliis
446 2860 595 2914 dederunt
613 2875 745 2914 canones
757 2861 844 2921 vitae,
862 2860 940 2914 inter
953 2875 1030 2930 quos
1046 2859 1084 2913 de
1098 2859 1251 2929 conjugiis
1265 2868 1336 2914 sunt

210 2940 299 2994 haec:
346 2940 390 2993 ‘F
388 2940 445 3001 ilr'r',
457 2941 488 2992 si
495 2939 589 2992 vultrs
598 2956 700 2992 amare
712 2941 806 2992 Deum
819 2946 847 2993 e!
853 2944 1034 3009 promittam,
1045 2944 1073 2992 et
1084 2941 1115 2992 ss'
1122 2939 1215 2992 vultis
1226 2943 1335 3009 superer

207 3025 237 3074 et
246 3019 352 3090 felices
369 3036 426 3072 esse
447 3022 479 3071 in
503 3025 662 3079 aeternum,
681 3019 856 3072 consulimus
873 3019 951 3072 vobis
969 3024 1003 3072 ut
1019 3021 1132 3071 orbatis
1149 3021 1337 3089 monogami:

206 3102 238 3153 ss'
246 3099 282 3152 ab
294 3096 346 3151 hoc
352 3101 507 3168 praecepto
516 3100 697 3158 recesseritis,
703 3100 810 3169 fugiet
820 3114 870 3151 vos
881 3100 973 3151 omm‘s
984 3098 1113 3151 caelestis
1125 3114 1218 3158 amor,
1230 3104 1259 3152 et
1270 3107 1335 3152 cum

207 3178 390 3232 lectisternia
403 3181 559 3247 sapr'entrb,
572 3184 601 3230 et
612 3178 902 3232 extermt‘nabr'mim'.'
949 3176 1030 3231 Huic
1042 3187 1202 3247 praecepto
1215 3185 1336 3247 patruni

208 3267 381 3312 nostrorum
397 3257 588 3311 obedivimus
607 3265 641 3310 ut
660 3256 721 3319 filii,
738 3268 769 3311 et
788 3257 976 3327 percepimus
990 3257 1146 3312 veritatem
1168 3256 1243 3326 ejus,
1259 3264 1338 3327 quae

207 3348 263 3396 est.
277 3338 356 3407 quod
370 3346 516 3407 quantum
529 3336 597 3407 quis
610 3348 692 3391 amat
705 3337 866 3407 conjugem
880 3337 984 3396 solam,
994 3346 1112 3390 tantum
1127 3334 1180 3389 liat
1193 3335 1337 3391 caelestis

208 3427 239 3472 et
253 3417 402 3478 internus;
421 3426 452 3471 et
462 3417 543 3487 quod
558 3426 704 3487 quantum
719 3416 786 3486 quis
800 3433 859 3470 non
874 3426 955 3469 amat
968 3416 1129 3486 conjugem
1142 3416 1249 3477 solam,-
1262 3425 1331 3470 tan-

208 3508 273 3550 tum
288 3495 340 3550 fiat
353 3496 497 3550 naturalis
512 3506 542 3550 et
555 3507 711 3558 extemus3
733 3508 763 3550 et
783 3496 832 3549 hic
847 3512 907 3549 non
922 3505 1002 3556 amat
1015 3495 1071 3549 nisi
1088 3510 1120 3549 se
1138 3503 1169 3549 et
1188 3495 1337 3566 imagines

209 3577 319 3630 mentis
331 3591 411 3637 suae.
425 3586 456 3629 et
469 3575 518 3630 hic
530 3582 577 3630 est
590 3590 694 3630 vecors
707 3585 738 3630 et
750 3575 869 3629 stultus.
909 3574 953 3628 Ex
967 3575 1013 3629 his
1026 3584 1079 3637 est,
1092 3575 1172 3644 quod
1185 3590 1294 3630 omnes
1305 3575 1335 3629 in

209 3655 267 3709 hoc
280 3656 364 3710 caelo
375 3655 546 3726 monogami
556 3655 664 3709 simus:
683 3666 714 3709 et
727 3655 797 3724 quia
810 3655 885 3708 tales
896 3670 1007 3714 sumus,
1017 3654 1086 3708 ideo
1096 3668 1202 3708 omnes
1211 3654 1335 3709 termlnl

208 3734 304 3790 nostri
319 3735 393 3790 caeli
413 3751 430 3789 a
449 3735 624 3806 polygamis
638 3734 790 3795 adulteris,
804 3743 834 3788 et
851 3734 1075 3794 scortatoribus,
1088 3734 1234 3787 custoditi
1250 3744 1336 3789 sunt:

208 3815 233 3869 si
242 3815 392 3886 polygami
403 3814 557 3875 invadunt,
566 3814 727 3884 ejiciuntur
735 3814 764 3866 in
772 3814 910 3868 tenebras
918 3812 1147 3883 septentrionis:
1163 3812 1187 3867 si
1197 3813 1336 3874 adulteri.

208 3895 370 3964 ejiciuntur
385 3896 413 3948 in
430 3895 514 3949 locos
529 3884 708 3956 occidentis:
733 3905 764 3949 et
782 3894 807 3948 ei
826 3904 1013 3955 scortatores,
1027 3893 1188 3963 ejiciuntur
1207 3893 1238 3946 in
1254 3894 1337 3948 luces

208 3973 306 4029 latuas
319 3974 480 4030 meridiel.”

264 4052 321 4109 llis
334 4054 446 4108 auditis
458 4053 601 4125 quaesivi,
616 4053 691 4123 quid
706 4068 758 4123 per
770 4052 910 4108 tenebras
922 4051 1143 4123 septentrionis,
1157 4049 1244 4108 locos
1256 4052 1336 4108 occi·

208 4133 316 4195 dentis,-
330 4143 360 4189 et
374 4133 456 4188 luces
469 4133 567 4188 laruas
581 4132 715 4187 meridiei
731 4132 881 4202 intelligit.

264 4212 440 4283 Respondit,
448 4213 529 4284 quod
538 4214 679 4268 tenebrae
690 4212 902 4281 septentrionis
910 4211 971 4266 sint
981 4209 1208 4266 [¹1hebetudines
1217 4213 1335 4272 mentis,

207 4306 243 4345 ac
257 4292 442 4362 ignorantiae
452 4293 630 4354 veritatum;
649 4292 730 4362 quod
744 4291 803 4346 loci
817 4291 983 4345 occidentis
993 4291 1053 4345 sint
1066 4306 1184 4344 amores
1198 4292 1286 4353 mali:
1304 4302 1336 4346 et

207 4372 289 4440 quod
303 4372 385 4427 luces
398 4371 499 4426 fatuae
509 4371 643 4427 meridiei
656 4372 718 4426 sint
731 4371 953 4426 falsificationes
967 4370 1044 4433 veri;
1064 4370 1120 4425 hae
1133 4381 1204 4425 sunt
1219 4378 1334 4427 scorta·

212 4451 311 4506 tiones
324 4451 502 4523 spirituales.
795 4451 798 4456 ’
