2782 5026
140 461 179 530 52
483 459 665 511 DELICIAE
688 455 916 510 SAPIENTIAE

136 629 235 693 tlonis,
249 639 280 685 et
294 628 344 685 hic
358 629 448 686 intrat
461 631 581 702 penitus
596 641 627 686 et
641 630 812 702 conjungit:
837 640 868 685 et
886 627 1061 700 conjunctio
1076 626 1129 683 illa
1145 636 1192 682 est
1207 627 1248 681 ille

135 725 235 773 amor;
253 719 285 764 at
299 708 472 780 conjunctio
487 712 631 765 mentium
648 721 679 765 et
694 726 755 764 non
771 709 858 764 simul
872 725 1039 778 corporum,
1053 724 1107 762 seu
1123 707 1205 761 nisus
1217 707 1249 760 ad

137 788 217 843 illam
226 787 470 859 conjunclionem
481 790 583 852 solam,
593 800 639 844 est
648 805 733 844 amor
742 789 909 859 spiritualis,
919 799 950 842 et
964 788 1034 841 inde
1047 802 1134 841 amor
1142 796 1250 846 castus:

136 879 167 923 et
180 867 229 922 hic
242 884 326 923 amor
332 869 428 922 solum
439 869 616 939 daturapud
632 868 757 939 illosqui
772 869 801 923 in
815 884 916 922 amore
925 877 995 922 vere
1003 865 1169 937 conjugiali
1179 874 1251 926 sunt,

135 958 168 1002 et
183 949 254 1003 inde
267 947 296 1001 in
310 947 461 1002 eminente
474 950 617 1018 potentia,
630 949 700 1019 quia
713 949 744 1002 hi
757 959 880 1018 propter
890 947 1060 1001 castitatem
1074 962 1136 1000 non
1150 944 1252 999 admit·

134 1038 205 1081 tunt
218 1027 361 1081 influxum
375 1027 484 1082 amoris
499 1043 516 1082 e
530 1043 655 1097 corpore
670 1028 745 1082 alius
758 1027 886 1082 leminae
898 1042 987 1096 quam
1003 1041 1041 1079 ex
1056 1040 1130 1079 suae
1143 1023 1253 1083 uxoris:

134 1116 165 1161 et
184 1106 254 1177 quia
273 1106 302 1160 in
322 1107 562 1176 supereminente
581 1107 717 1177 potentia
735 1117 814 1168 sunt,
834 1121 895 1160 non
915 1115 1041 1176 possunt
1060 1104 1151 1158 aliter
1167 1119 1253 1174 quam

133 1201 232 1240 amare
247 1201 359 1247 sexum,
373 1197 404 1240 et
422 1185 509 1240 simul
524 1186 651 1240 aversari
668 1187 831 1241 incastum:
850 1185 919 1239 inde
934 1195 980 1238 est
995 1184 1054 1238 illis
1068 1199 1157 1238 amor
1171 1198 1255 1237 sexus

133 1273 241 1326 castus,
254 1264 305 1335 qul
321 1265 350 1319 in
367 1280 398 1319 se
413 1264 564 1335 spectatus
576 1275 621 1320 est
634 1265 766 1320 amicitia
778 1264 902 1320 interior
914 1263 1086 1333 spiritualis,
1101 1278 1179 1333 quae
1192 1277 1255 1316 sua·

134 1343 256 1397 vitatem
277 1359 360 1402 suam
375 1345 459 1398 ducit
478 1361 515 1398 ex
533 1345 683 1400 eminente
699 1345 842 1415 potentia,
858 1344 909 1398 sed
929 1354 1025 1405 casta;
1047 1342 1188 1412 potentia
1202 1340 1256 1394 illis

133 1423 267 1476 eminens
286 1433 332 1477 est
351 1439 388 1478 ex
414 1424 501 1478 totali
521 1424 711 1478 abdicatione
730 1423 936 1486 scortationis;
960 1433 991 1476 et
1008 1422 1081 1492 quia
1100 1421 1167 1475 sola
1184 1435 1257 1474 uxor

132 1512 257 1563 amatur,
271 1512 317 1556 est
335 1511 424 1556 casta.
462 1502 558 1563 Nunc.
572 1504 643 1574 quia
661 1504 711 1558 ille
729 1519 814 1557 amor
827 1503 907 1572 apud
927 1502 994 1555 illos
1013 1517 1075 1554 non
1097 1500 1256 1570 participat

133 1596 171 1634 ex
184 1595 272 1634 carne
285 1582 337 1634 sed
351 1582 443 1635 modo
458 1598 495 1637 ex
510 1583 624 1652 spiritu,
638 1593 684 1637 est
696 1593 811 1644 castus;
831 1592 862 1636 et
877 1581 948 1651 quia
961 1579 1161 1650 pulchritudo
1175 1578 1256 1633 lerni-

133 1674 189 1713 nae
201 1675 239 1714 ex
252 1659 341 1715 insita
353 1660 547 1716 inclinatione
559 1662 647 1716 simul
662 1661 751 1716 intrat
766 1662 795 1715 in
810 1671 949 1722 mentem,
962 1670 1009 1715 est
1021 1659 1152 1713 suavis}

188 1738 245 1793 His
259 1740 370 1794 auditis
386 1741 471 1794 multi
488 1756 525 1794 err
539 1741 726 1795 adstantibus
740 1742 891 1810 ponebant
904 1755 1010 1794 manus
1025 1739 1064 1792 ad
1081 1754 1153 1792 suas
1165 1753 1256 1796 aures.

133 1817 276 1880 dicentes,
293 1818 371 1873 “Illa
386 1818 466 1874 dic'ta
480 1820 603 1875 laedunt
618 1837 704 1875 aures
719 1831 842 1882 nostras,
858 1830 889 1875 et
908 1820 958 1873 illa
975 1833 1054 1888 quae
1074 1817 1171 1872 locuti
1187 1816 1258 1871 estis

133 1908 204 1952 sunt
217 1897 246 1951 in
261 1898 347 1952 nobis
360 1899 473 1952 nauci.'’
510 1898 602 1954 Erant
615 1899 728 1954 incasti.

187 1976 227 2031 Et
239 1986 311 2031 tunc
325 1977 432 2032 itemm
446 1978 566 2032 auditus
578 1989 624 2033 est
637 1989 742 2033 cantus
755 1979 804 2033 ille
819 1995 836 2032 e
848 1977 940 2038 caelo,
951 1987 982 2030 et
995 1990 1077 2029 nunc
1088 1974 1182 2045 priori
1194 1989 1259 2029 sua·

131 2055 212 2117 vion
231 2057 283 2110 sed
300 2056 349 2110 hic
361 2072 461 2112 coram
477 2057 598 2112 incastis
613 2058 671 2111 illis
683 2058 799 2127 crepuit
815 2057 856 2111 ita
869 2056 990 2116 discors,
1004 2064 1039 2108 ut
1052 2064 1182 2124 propter
1193 2053 1259 2107 stri·

132 2135 236 2189 dorem
251 2134 417 2190 discordiae
437 2136 580 2205 ejicerent
595 2152 626 2191 se
642 2154 679 2192 ex
693 2137 813 2190 theatro
828 2146 859 2190 et
873 2134 1062 2205 aufugerent.
1076 2132 1260 2188 remanenti·

131 2215 187 2268 bus
200 2213 310 2285 paucis,
323 2214 375 2286 qui
388 2231 425 2269 ex
441 2215 587 2285 sapientia
599 2216 768 2270 castitatem
781 2215 982 2286 conjugialem
996 2215 1153 2269 amabant.

131 2392 205 2476 56.
228 2389 389 2456 Alterum
409 2390 635 2455 Memorabile
646 2411 700 2454 :-

184 2533 346 2607 Quondam
361 2537 390 2590 in
401 2535 515 2589 mundo
524 2535 667 2605 spirituali
676 2550 744 2588 cum
752 2533 866 2605 angelis
876 2533 1003 2604 loquens
1013 2532 1182 2603 inspiratus
1195 2547 1260 2586 sum

129 2628 257 2668 amoena
275 2615 429 2685 voluptate
447 2614 570 2668 videndi
596 2614 742 2682 Templum
762 2615 938 2683 Sapientiae.
957 2613 1041 2683 quod
1061 2612 1159 2667 semel
1180 2611 1262 2682 prius

130 2692 278 2755 videram:
302 2703 333 2746 et
353 2693 531 2763 interrogavi
548 2693 614 2747 illos
629 2694 667 2747 de
681 2693 731 2747 via
747 2693 786 2747 ad
802 2692 885 2747 illud.
922 2691 1082 2754 Dixerunt,
1100 2690 1262 2762 “Sequere

129 2772 237 2832 lucem,
251 2781 281 2824 et
294 2771 454 2825 invenies.'’

186 2848 223 2902 Et
237 2849 306 2910 dixi,
321 2848 423 2920 “Quid
439 2850 505 2910 hoc,
518 2865 642 2919 sequere
654 2849 751 2903 lucem
761 2848 791 2904 ?''

185 2924 342 2987 Dixerunt,
353 2927 440 2981 “Lux
454 2938 555 2982 nostra
564 2929 716 2981 candescit
729 2928 795 2998 plus
808 2938 839 2981 et
852 2927 927 2996 plus,
938 2926 1018 2980 sicut
1030 2927 1263 2997 appropinqua·

129 3013 181 3058 tur
193 3005 230 3058 ad
245 3004 318 3058 illud
331 3005 495 3075 templum:
513 3022 604 3075 quare
613 3022 737 3075 sequere
750 3009 845 3061 lucem
859 3005 1025 3061 secundum
1037 3006 1185 3059 candoris
1197 3006 1263 3075 ejus

131 3084 365 3144 incrementum
384 3099 451 3136 nam
466 3084 517 3137 lux
528 3095 629 3138 nostra
641 3087 776 3154 procedit
786 3102 804 3139 a
818 3085 950 3139 Domino
964 3094 998 3138 ut
1011 3084 1086 3145 sole,
1098 3095 1131 3139 et
1145 3086 1219 3140 inde
1233 3085 1261 3138 in

129 3154 163 3216 s'e
177 3158 309 3230 spectata
321 3172 367 3214 est
382 3162 554 3230 sapientia.''

184 3238 269 3292 Tunc
282 3239 312 3292 ln
325 3239 469 3293 comitatu
480 3255 548 3293 cum
562 3240 639 3295 binis
651 3242 764 3312 angelis
772 3242 841 3296 vadi
855 3242 1021 3296 secundum
1034 3242 1263 3297 incrementum

121 3317 268 3393 ,candoris
281 3318 362 3378 lucis,
374 3330 404 3372 et
417 3320 537 3372 ascendi
551 3335 604 3389 per
613 3320 764 3374 tramitem
778 3322 922 3375 clivosum
937 3321 1085 3390 usquead
1100 3321 1264 3376 summita-

128 3407 192 3451 tem
206 3395 294 3450 unius
306 3396 399 3458 collis,
409 3397 460 3467 qui
474 3398 579 3451 eratin
594 3399 680 3469 plaga
690 3399 884 3460 meridionali,
894 3408 925 3453 et
940 3399 979 3453 ibi
993 3408 1059 3453 erat
1072 3411 1167 3469 porta
1180 3417 1264 3471 mag·

129 3473 234 3528 nilica:
252 3484 283 3527 et
295 3487 404 3534 custos.
418 3475 490 3529 visis
504 3492 618 3530 mecum
633 3478 755 3547 angelis,
765 3478 916 3547 aperiebat
930 3478 1028 3539 illam:
1048 3489 1080 3532 et
1091 3495 1166 3534 ecce
1180 3480 1265 3533 visus

128 3561 176 3607 est
189 3553 320 3621 porticus
333 3569 369 3607 ex
382 3554 487 3623 palmis
499 3564 529 3608 et
543 3555 681 3617 lantibus,
695 3556 858 3609 secundum
872 3573 962 3626 quem
976 3556 1134 3620 vadimus;
1154 3559 1265 3613 circui·

128 3632 182 3684 bat
198 3631 337 3699 porticus,
353 3641 384 3685 et
402 3632 617 3686 terminabatur
635 3633 665 3686 in
681 3634 811 3696 hortum,
829 3634 858 3687 in
877 3635 964 3705 cujus
980 3636 1084 3690 medio
1096 3647 1165 3692 erat
1182 3639 1266 3692 Tem·

123 3709 209 3781 plum
224 3709 397 3778 Sapientiae.

183 3785 259 3840 Cum
272 3787 312 3841 ibi
322 3788 524 3857 circumspexi.
532 3789 594 3843 vidi
604 3789 753 3844 aediculas
761 3790 973 3845 similitudines
981 3793 1098 3863 templi.
1109 3794 1142 3848 in
1150 3795 1266 3866 quibus

127 3875 215 3921 erant
225 3865 381 3934 sapientes.
418 3867 607 3922 Accessimus
619 3868 656 3922 ad
670 3883 768 3929 unam,
778 3878 809 3922 et
823 3870 852 3923 in
866 3870 946 3924 ostio
958 3870 1054 3925 locuti
1068 3889 1180 3929 sumus
1193 3891 1265 3929 cum

129 3943 250 4013 hospite
264 3944 312 4004 ibi,
326 3954 357 3998 et
370 3945 553 3998 narravimus
565 3961 684 4000 causam
697 3947 852 4009 adventus,
866 3957 898 4002 et
911 3949 1036 4003 modum
1050 3966 1215 4014 accessus:
1234 3963 1267 4007 et

128 4022 209 4077 dixit
223 4022 341 4091 hospes,
355 4030 371 4051 ‘⁸
382 4022 595 4085 Beneventote,
612 4024 728 4085 intrate,
745 4025 855 4087 sedete,
869 4036 901 4081 et
915 4029 1133 4085 consociemur
1147 4047 1267 4086 sermo·

130 4101 220 4155 nibus
233 4100 422 4170 sapientiae.”

184 4177 254 4232 Vidi
273 4178 437 4232 aediculam
457 4178 545 4239 intus,
561 4179 642 4249 quod
662 4191 740 4234 esset
759 4181 855 4236 divisa
875 4182 904 4235 in
926 4183 1009 4246 duas,
1023 4195 1056 4239 et
1076 4202 1179 4259 usque
1199 4199 1267 4245 erat

129 4273 207 4316 una:
226 4257 321 4311 divisa
333 4268 396 4312 erat
411 4257 440 4310 in
457 4257 530 4311 duas
550 4273 603 4326 per
616 4259 759 4327 parietem
774 4261 1000 4324 translucidum,
1015 4274 1048 4317 at
1063 4269 1212 4337 apparuit
1231 4279 1267 4323 ut

131 4351 192 4389 una
209 4351 246 4389 ex
264 4335 484 4396 translucentia,
499 4351 575 4406 quae
590 4347 653 4391 erat
668 4338 744 4392 sicut
764 4339 913 4408 purissimi
929 4343 1073 4412 crystalli.
1114 4345 1264 4418 Quaesivi

131 4429 185 4468 cur
198 4413 246 4467 ita
