2782 5026
212 383 275 465 396
543 395 792 450 VOLUPTATES
815 399 1001 452 INSANIAE

211 564 259 649 (n.
277 567 328 647 83,
346 565 446 652 seq.),
463 567 740 635 demonstratum
756 580 820 645 est,
837 573 929 654 quod
945 572 1029 637 illud
1047 573 1242 659 conjugium
1257 598 1319 644 cor·

208 662 418 743 respondeat
447 663 615 746 conjugiis
644 666 678 729 in
709 667 829 744 terris;
867 668 948 732 inde
976 671 1212 752 consequitur,
1241 673 1319 757 quod

207 757 353 822 violatio
384 758 476 822 illius
508 759 658 842 conjugii
690 763 962 843 correspondeat
993 766 1264 831 scortationibus
1290 777 1318 832 et

207 852 408 917 adulteriis:
439 854 531 938 quod
554 855 604 918 ita
627 856 683 931 sit,
703 857 887 922 manifeste
910 866 1009 940 patet
1032 879 1080 922 ex
1102 860 1181 943 ipso
1204 860 1316 938 Verbo,

207 948 299 1028 quod
323 947 368 1012 ibi
393 969 453 1031 per
473 951 761 1014 “scortationes”
784 961 820 1015 et
846 951 1049 1016 “adulteria
1058 952 1075 978 '⁹
1097 955 1317 1036 significentur

205 1040 464 1106 falsificationes
483 1045 553 1108 veri
573 1055 609 1108 et
633 1045 907 1109 adulterationes
925 1047 1018 1122 boni,
1039 1057 1077 1111 ut
1102 1050 1136 1113 in
1160 1051 1317 1116 evidentia

205 1135 314 1200 videri
333 1147 450 1218 potest
469 1159 515 1202 ex
539 1139 624 1202 locis
647 1161 666 1205 e
685 1139 804 1204 Verbo
822 1141 857 1204 in
875 1140 1086 1224 Apocalypsi
1099 1144 1263 1209 Revelato
1281 1145 1316 1228 (n.

210 1229 297 1312 134),
318 1232 351 1294 in
370 1233 470 1314 copia
488 1230 655 1296 adduciis.

268 1338 367 1407 519.
397 1327 555 1391 Violatio
568 1328 674 1392 Verbi
691 1326 728 1392 lit
745 1329 789 1393 ab
805 1330 868 1406 his,
883 1331 940 1414 qui
956 1331 990 1394 in
1007 1331 1171 1396 Ecclesia
1187 1333 1317 1399 Christi·

205 1445 272 1489 ana
290 1422 488 1491 adulterant
508 1423 600 1487 bona
617 1435 653 1487 et
672 1445 754 1488 vera
772 1424 864 1506 ejus;
895 1437 932 1491 et
954 1426 1003 1490 illi
1027 1426 1093 1490 hoc
1112 1428 1255 1504 iaciunt,
1274 1425 1320 1513 qui

204 1528 367 1604 separant
387 1538 504 1582 verum
523 1539 543 1583 a
562 1520 665 1594 bono,
686 1528 722 1584 et
741 1519 869 1584 bonum
887 1542 909 1585 a
927 1541 1029 1599 vero;
1053 1532 1128 1586 tum
1149 1525 1206 1606 qui
1225 1544 1321 1612 appa·

203 1615 335 1679 sentias
357 1613 428 1677 veri
453 1623 489 1677 et
519 1613 673 1677 fallacias
701 1634 764 1697 pro
786 1616 946 1696 genuinis
972 1616 1062 1680 veris
1085 1630 1266 1682 assumunt
1292 1625 1327 1682 et

204 1707 428 1784 confirmant;
452 1716 489 1770 ut
506 1716 555 1783 et,
572 1709 628 1790 qui
648 1729 730 1772 vera
748 1706 925 1774 doetrinae
943 1730 990 1774 ex
1009 1709 1130 1774 Verbo
1148 1713 1275 1787 sciunt,
1291 1718 1327 1776 et

204 1802 295 1868 male
307 1803 448 1881 vivunt;
469 1812 607 1884 praeter
619 1802 747 1867 similes
760 1803 857 1866 alios.
900 1804 977 1867 Hae
993 1804 1205 1869 violationes
1222 1802 1334 1870 Verbi

202 1907 239 1964 et
256 1896 423 1963 ecclesiae
435 1898 709 1981 correspondent
722 1897 885 1980 gradibus
898 1897 1080 1981 prohibitis
1095 1899 1219 1984 (Levit.
1231 1901 1331 1964 xviii.

202 1991 439 2074 enumeratis).
1164 2007 1177 2029 ·

264 2101 365 2170 sao.
395 2085 567 2168 Quoniam
580 2085 737 2150 naturale
752 2096 788 2151 et
804 2086 981 2169 spirituale
992 2088 1084 2170 apud
1100 2108 1337 2173 unumquem-

200 2181 253 2245 vis
272 2181 445 2245 hominem
465 2180 654 2245 cohaerent
673 2182 762 2245 sicut
781 2183 895 2246 anima
913 2192 950 2247 et
969 2201 1103 2265 corpus,
1121 2202 1203 2247 nam
1221 2184 1339 2269 homo

201 2276 330 2358 absque
346 2276 513 2358 spirituali
529 2276 620 2360 quod
639 2275 748 2349 influit
764 2285 800 2341 et
819 2275 971 2341 vivificat
987 2277 1144 2340 naturale
1163 2277 1236 2359 ejus
1256 2298 1326 2343 non

201 2382 256 2436 est
272 2370 389 2445 homo,
407 2371 486 2434 inde
503 2371 733 2453 consequitur,
747 2371 837 2454 quod
854 2371 911 2454 qui
929 2372 964 2434 in
980 2371 1143 2454 conjugio
1158 2372 1325 2455 spirituali

201 2476 256 2530 est
279 2467 385 2528 etiam
409 2465 453 2528 sit
487 2466 520 2528 in
544 2464 706 2546 conjugio
730 2465 877 2528 naturali
900 2463 1010 2544 lelici;
1047 2474 1084 2529 et
1113 2467 1190 2529 vice
1213 2486 1323 2542 versa,

199 2561 291 2645 quod
315 2562 371 2644 qui
394 2561 427 2623 in
450 2560 623 2624 adulterio
643 2560 809 2641 spirituali
828 2570 883 2624 est
902 2561 1006 2624 etiam
1025 2561 1071 2624 sit
1095 2560 1128 2623 in
1152 2561 1323 2625 adulterio

201 2655 359 2731 naturali,
389 2665 425 2719 et
456 2655 615 2718 vicissim.
661 2654 761 2718 Nunc
790 2656 868 2737 quia
897 2674 1017 2718 omnes
1044 2655 1100 2737 qui
1128 2655 1161 2717 in
1189 2654 1323 2719 inferno

199 2760 291 2826 sunt,
315 2751 350 2812 in
381 2750 552 2812 connubio
576 2747 657 2812 mali
687 2759 724 2812 et
753 2748 829 2812 salsi
852 2757 944 2823 sunt,
969 2757 1005 2813 et
1034 2748 1100 2812 hoc
1129 2759 1183 2812 est
1211 2750 1322 2832 ipsum

199 2845 404 2909 adulterium
424 2843 610 2928 spirituale,
629 2854 666 2908 et
684 2863 805 2907 omnes
824 2844 880 2925 qui
899 2844 933 2905 in
953 2842 1052 2908 caelo
1070 2853 1161 2916 sunt,
1182 2844 1217 2905 in
1238 2863 1319 2907 con·

195 2939 290 3023 jugio
308 2941 388 3003 boni
408 2950 444 3003 et
467 2940 538 3003 veri
557 2948 646 3012 sunt,
666 2949 702 3002 et
721 2938 786 3002 hoc
807 2948 861 3001 est
884 2939 994 3022 ipsum
1013 2936 1222 3019 conjugium,
1242 2938 1321 3002 ideo

198 3047 312 3102 totum
324 3035 490 3099 infernum
503 3044 647 3099 vocatur
658 3033 876 3109 adulterium,
890 3053 930 3097 ac
944 3042 1056 3097 totum
1069 3032 1204 3096 caelum
1216 3053 1321 3097 voca·

198 3141 253 3196 tur
271 3128 476 3211 conjugium.

697 3246 823 3262 —

196 3331 291 3403 521.
321 3317 385 3382 His
403 3317 582 3400 adjicietur
599 3319 667 3382 hoc
687 3315 912 3381 Memorabile
923 3335 977 3379 :-

251 3441 449 3512 Aper‘oebatur
468 3440 541 3494 mihi
560 3440 673 3506 oculus,
689 3450 720 3494 et
738 3439 800 3494 vidi
819 3440 924 3493 silvam
943 3453 1077 3508 opacam,
1089 3445 1121 3493 et
1140 3435 1181 3491 ibi
1200 3438 1322 3493 turbam

197 3532 373 3592 satyrorum.
411 3519 509 3591 Satyri
522 3531 609 3575 erant
621 3520 721 3591 quoad
737 3517 858 3590 pessora
868 3518 983 3579 hirsuti,
993 3527 1025 3571 et
1037 3517 1136 3588 quoad
1151 3516 1244 3586 pedes
1258 3516 1322 3586 qui·

197 3601 267 3656 dam
286 3601 364 3655 sicut
382 3599 478 3661 vituli,
491 3599 612 3670 quidam
632 3599 710 3654 sicut
729 3597 898 3667 pantherae,
914 3607 945 3651 et
963 3595 1084 3667 quidam
1104 3594 1182 3650 sicut
1201 3594 1274 3666 lupi,
1287 3599 1323 3650 ac'

196 3679 284 3734 ferini
295 3696 410 3750 ungues
422 3679 489 3733 loco
500 3678 662 3750 digitorum
676 3678 705 3731 in
717 3677 835 3747 plantis.
874 3674 914 3729 Hi
925 3675 1005 3730 sicut
1014 3674 1093 3728 ferae
1104 3673 1322 3737 discurrebant,

196 3757 403 3820 vociferantes,
416 3757 502 3813 “Ubi
517 3755 681 3812 leminaei''
711 3756 748 3809 Et
761 3767 833 3809 tunc
846 3755 909 3809 visa
921 3764 991 3808 sunt
1002 3763 1101 3808 scorta
1110 3768 1187 3822 quae
1196 3768 1322 3823 exspec-

196 3839 302 3892 tabant
328 3839 410 3893 illos:
437 3838 512 3892 haec
536 3853 656 3908 quoque
675 3835 875 3890 diversimode
896 3842 1064 3887 monstrosa
1088 3843 1184 3886 erant„
1222 3830 1323 3903 Satyri

196 3919 398 3978 accurrebant,
409 3928 440 3972 et
454 3918 519 3972 illas
528 3916 761 3986 prehendebant,
773 3914 965 3969 detrahentes
979 3911 1009 3965 in
1022 3926 1190 3973 cavemam‚
1199 3926 1278 3980 quae
1291 3910 1322 3965 in

198 3997 298 4051 medio
308 3998 399 4051 silvae
412 3997 472 4051 alte
486 3999 540 4051 sub
554 4007 633 4049 terra
645 4005 724 4056 erat;
743 4004 774 4047 et
787 4009 879 4063 supra
891 4003 1001 4046 terram
1014 3989 1209 4046 circumcirca
1221 4004 1323 4044 caver·

197 4092 266 4130 nam
278 4077 396 4146 jacebat
411 4092 537 4146 magnus
550 4091 672 4144 serpens
688 4073 784 4126 flexus
803 4072 833 4124 in
849 4071 969 4142 spiram,
982 4068 1033 4140 qui
1053 4069 1082 4122 in
1098 4082 1258 4125 cavernam
1278 4068 1323 4121 in·

197 4155 289 4209 flabat
307 4171 474 4216 venenum
502 4153 531 4207 in
555 4153 644 4207 ramis
667 4153 759 4207 silvae
779 4167 869 4220 supra
891 4158 1060 4218 serpentem
1082 4146 1271 4201 crocitnbant
1291 4155 1323 4201 et

197 4234 351 4291 ululabant
359 4249 429 4287 aves
437 4230 537 4287 noclis
545 4231 659 4286 letales.
697 4230 755 4286 Sed
767 4230 841 4283 haec
853 4244 912 4283 non
921 4227 1062 4282 viderunt
1071 4225 1162 4297 satyri
1171 4236 1203 4280 et
1212 4235 1321 4286 scona,

197 4314 268 4382 quia
282 4322 368 4367 erant
380 4311 665 4381 correspondentiae
680 4309 867 4365 lasciviarum
883 4308 1010 4369 illorum,
1023 4315 1054 4361 et
1069 4305 1113 4360 sic
1127 4304 1321 4376 apparentiae

196 4392 307 4448 solitae
320 4409 337 4447 e
350 4391 525 4463 longinquo.
