2782 5026
141 432 206 512 236
489 443 671 494 osricus
693 443 924 495 succurras

138 618 229 698 apud
253 637 291 680 se
309 615 509 691 deliberare,
530 625 716 698 antequam
735 617 923 691 consentit,
942 625 997 681 est
1016 635 1132 692 causa,
1150 637 1189 680 ne
1205 602 1310 680 ins

137 716 211 777 vita
229 713 357 776 teratur
376 710 418 772 ad
442 711 601 793 copulam
624 731 702 775 cum
721 713 794 774 viro
816 712 989 789 inamato;
1013 712 1062 775 sic
1081 713 1172 776 enim
1193 683 1320 775 nos

138 809 274 872 accedit
293 826 483 870 consensus
501 828 522 869 a
543 816 642 888 parte
664 806 746 886 ejus,
767 816 942 871 ettamen
965 806 1021 871 hic
1045 807 1128 870 facit
1147 802 1320 888 conju-f

138 905 244 986 glum,
268 923 308 965 ac
331 903 445 965 initiat
470 903 625 983 spiritum
648 902 720 984 ejus
741 903 776 965 in
798 921 953 965 amorem
971 901 1091 980 illum;
1116 921 1253 966 accon·
1297 908 1320 927 ⁴

138 1018 258 1061 sensus
273 997 400 1061 invitus
413 1017 472 1058 seu
485 1006 649 1059 extorsus
665 1016 733 1060 non
750 998 863 1060 initiat
879 998 1050 1078 spiritum,
1068 998 1129 1061 sed
1147 1006 1257 1080 potest
1312 993 1320 1037 ‘-

137 1113 280 1175 corpus3
303 1101 340 1154 et
360 1092 408 1153 sic
424 1092 529 1155 vertit
545 1093 754 1164 castitatem,
772 1111 858 1174 quae
877 1091 1008 1154 residet
1026 1092 1062 1155 in
1080 1093 1214 1174 spiritu,
1228 1091 1258 1153 in

137 1189 324 1263 libidinem,
348 1206 393 1249 ex
422 1207 489 1269 qua
515 1206 612 1250 amor
635 1186 837 1269 conjugialis
865 1186 900 1250 in
929 1187 1041 1268 primo
1063 1207 1128 1251 suo
1150 1186 1260 1251 calore

136 1284 289 1346 vitiatur.

166 1451 169 1458 ⁴
199 1391 307 1459 300·
338 1374 412 1458 (iv.)
440 1375 537 1453 Quod
544 1386 624 1457 post
637 1377 893 1440 declaratronenr
907 1397 1097 1451 consensus,
1107 1376 1261 1459 pignora

136 1471 251 1534 danda
278 1470 466 1534 sint-Per
495 1472 640 1553 pignora
669 1471 912 1554 intelliguntur
938 1473 1043 1546 dona,
1067 1492 1158 1553 quae
1185 1482 1262 1553 post

135 1585 322 1629 consensus
341 1576 422 1629 sunt
441 1565 733 1642 confirmationes,
753 1565 1028 1641 testificationes,
1048 1567 1151 1648 primi
1169 1567 1261 1629 savo·

135 1682 201 1734 res,
222 1669 257 1724 et
279 1661 445 1724 laetitiae.
491 1660 594 1743 Quod
617 1662 711 1725 dona
732 1661 793 1724 illa
815 1663 885 1726 sint
907 1661 1187 1744 confirmationes,
1210 1671 1262 1724 est

135 1756 213 1838 quia
232 1765 311 1818 sunt
331 1765 485 1819 tesserae
503 1775 754 1834 consensuum;
776 1777 881 1837 quare
899 1757 1035 1830 dicitur,
1051 1757 1136 1818 dum
1156 1756 1260 1819 utrin-

134 1871 200 1934 que
218 1851 262 1913 ad
281 1850 406 1932 aliquid
425 1853 651 1926 consentitur,
671 1851 725 1914 Da
743 1851 825 1914 mihi
844 1862 1035 1928 tesseram;
1058 1861 1095 1914 et
1111 1852 1157 1914 de
1176 1851 1261 1914 duo·

134 1947 207 2022 bus,
228 1947 285 2028 qui
303 1947 562 2028 spoponderunt
580 1947 786 2028 conjugium,
804 1956 840 2011 et
858 1945 1082 2013 firmaverunt
1102 1947 1259 2029 sponsio·

133 2061 195 2104 nes
225 2062 285 2124 per
315 2059 465 2116 munera,
495 2041 585 2124 quod
616 2044 685 2106 sint
714 2042 946 2124 oppignorati,
977 2043 1026 2105 ita
1055 2040 1259 2106 confirmati.

134 2135 237 2218 Quod
256 2138 324 2200 sint
344 2136 602 2220 testificationes,
626 2136 710 2219 [est]
731 2138 810 2220 quia
828 2138 974 2220 pignora
992 2137 1053 2200 illa
1072 2146 1155 2202 sunt
1173 2138 1260 2201 sicut

133 2233 286 2295 continui
317 2232 473 2295 oculares
503 2242 614 2295 testes
637 2234 745 2296 mutui
774 2233 913 2307 amoris,
937 2241 1018 2296 sunt
1041 2233 1123 2296 inde
1153 2235 1259 2297 etiam

132 2328 391 2390 recordationes
419 2326 501 2409 ejus,
525 2328 691 2409 imprimis
713 2328 741 2390 si
764 2338 845 2391 sunt
868 2326 997 2400 annuli,
1022 2327 1257 2408 myrothecae,

132 2433 168 2484 et
187 2420 425 2502 alligamenta,
445 2442 532 2505 quae
551 2422 595 2484 ad
618 2419 841 2503 conspectum
859 2423 1123 2504 appenduntur;
1148 2435 1203 2488 est
1226 2425 1258 2488 in

131 2517 199 2582 illis
228 2519 341 2602 aliqua
374 2518 491 2597 imago
519 2518 818 2598 repraesentativa
846 2518 1038 2582 animorum
1069 2520 1190 2600 sponsi
1222 2529 1258 2582 et

131 2632 290 2695 sponsae.
336 2612 439 2694 Quod
463 2614 608 2694 pignora
630 2612 690 2675 illa
712 2613 782 2676 sint
801 2612 913 2693 primi
923 2613 1080 2692 favores,
1104 2624 1159 2677 est
1181 2617 1259 2697 quia

131 2728 228 2772 amor
246 2708 448 2790 conjugialis
465 2708 614 2791 spondet
634 2709 697 2771 sibi
713 2708 962 2789 sempiternum
978 2708 1147 2783 savorem,
1165 2710 1259 2792 cujus

131 2805 303 2887 primitiae
322 2815 401 2867 sunt
424 2803 482 2866 illa
502 2804 603 2866 dona.
650 2801 751 2883 Quod
775 2805 844 2866 sint
867 2804 994 2866 amoris
1017 2803 1178 2881 laetitiae,
1195 2826 1258 2869 no·

130 2911 204 2963 tum
223 2909 297 2976 est;
321 2919 419 2961 mens
438 2900 529 2961 enim
553 2898 596 2960 ad
619 2896 844 2978 conspedium
867 2898 1003 2961 illorum
1027 2899 1257 2976 exhilaratur,

130 3005 166 3058 et
182 2995 261 3077 quia
276 3014 372 3057 amor
387 2996 490 3066 inest,
504 3004 584 3057 sunt
601 2993 735 3057 favores
754 2993 803 3056 illi
820 2995 966 3057 cariores
983 3004 1018 3057 et
1035 2996 1260 3077 pretiosiores

130 3091 384 3173 quibuscunque
398 3090 517 3167 donis3
537 3099 590 3152 est
604 3090 693 3151 sicut
707 3090 810 3152 corda
826 3089 859 3152 in
874 3088 941 3152 illis
954 3090 1034 3152 sint.
1081 3088 1258 3171 Quoniam

130 3187 274 3269 pignora
293 3186 351 3248 illa
371 3195 449 3247 sunt
469 3184 704 3247 stabilimenta
723 3185 849 3247 amoris
866 3183 1079 3266 conjugialis,
1096 3187 1179 3250 ideo
1193 3189 1257 3251 do·

130 3283 288 3344 nationes
308 3291 386 3364 post
406 3300 594 3343 consensus
611 3281 716 3342 etiam
732 3279 820 3362 apud
839 3281 998 3361 antiquos
1014 3291 1178 3360 receptae
1196 3301 1260 3345 usu

129 3378 276 3452 suerunt,
301 3387 335 3441 et
365 3386 444 3457 post
474 3376 736 3457 acceptationes
763 3375 933 3438 declarati
962 3385 1042 3437 sunt
1069 3376 1192 3456 sponsi
1221 3388 1259 3441 et

129 3492 286 3554 sponsae.
332 3472 383 3535 At
407 3471 584 3535 sciendum
607 3480 673 3544 est,
693 3470 785 3552 quod
808 3471 843 3532 in
866 3470 1013 3532 arbitriis
1036 3470 1091 3545 sit,
1113 3488 1259 3535 munera

129 3566 189 3630 illa
210 3567 365 3630 conferre
388 3577 470 3629 ante
493 3564 607 3628 actum
631 3565 920 3646 desponsationis,
944 3563 1001 3626 vel
1028 3573 1109 3646 post
1135 3565 1257 3643 illum;

129 3663 157 3726 si
173 3673 266 3738 ante,
280 3673 360 3725 sunt
376 3661 656 3725 confirmationes
669 3670 704 3723 et
722 3657 987 3723 testificationes
1002 3678 1196 3723 consensus
1211 3661 1257 3724 ad

129 3759 453 3840 desponsationem;
478 3758 505 3819 si
524 3765 603 3838 post
624 3756 730 3830 illum,
751 3765 831 3818 sunt
851 3757 955 3818 etiam
978 3755 1022 3817 ad
1041 3757 1194 3835 nuptias.

191 3868 291 3936 3⁰1·
316 3853 377 3938 (v.)
405 3851 501 3930 Quod
508 3872 684 3914 consensus
696 3861 761 3932 per
774 3849 951 3914 sollennem
965 3849 1258 3929 desponsationem

125 3949 317 4034 firmandus
338 3958 371 4011 et
391 3946 669 4011 constabiliendus
687 3945 921 4009 sin-Causae
944 3946 1256 4026 desponsationum

129 4053 208 4109 sunt
227 4044 293 4106 hae
306 4041 422 4126 2—(1.)
448 4042 498 4107 Ut
518 4051 596 4124 post
616 4042 692 4105 illas
707 4042 850 4105 duorum
869 4041 1002 4104 animae
1021 4042 1192 4106 inclinent
1210 4043 1256 4107 ad

129 4161 166 4203 se
183 4151 313 4203 mutuo.
360 4137 420 4222 (2)
446 4137 497 4202 Ut
512 4156 609 4200 amor
624 4136 823 4201 universalis
841 4136 885 4199 ad
904 4155 1025 4199 sexum
1042 4136 1255 4201 determine·

128 4248 184 4300 tur
196 4235 239 4297 ad
256 4254 358 4297 unum
372 4255 431 4296 seu
444 4252 546 4297 unam
562 4253 581 4296 e
597 4251 693 4295 sexu.
740 4230 801 4315 (3.)
826 4231 877 4295 Ut
892 4228 1092 4294 all‘edtiones
1108 4232 1255 4296 interio-

128 4351 181 4395 res
201 4341 320 4395 mutuo
339 4338 602 4412 cognoscantur,
623 4339 658 4391 et
678 4348 738 4409 per
756 4327 1003 4409 applicationes
1022 4327 1055 4388 in
1075 4326 1253 4392 hilaritate

128 4429 264 4492 interna
287 4429 411 4491 amoris
434 4425 695 4507 conjungantur.
742 4421 802 4506 (4.)
835 4422 885 4487 Ut
916 4423 1090 4505 utriusque
1112 4425 1252 4506 spiritus
