2850 5026
392 477 443 529 nu
465 475 600 529 suone
621 462 1014 544 couJuu1nu1.-n.46.
1230 481 1275 545 43

145 659 274 716 verunt
290 650 380 715 viros
395 670 485 726 suos,
503 659 539 714 et
558 668 639 713 num
657 651 779 714 iterum
798 650 1004 713 conveniant
1019 670 1027 726 ;
1051 649 1148 712 multi
1167 651 1271 714 etiam

147 745 315 828 conjuges
338 755 463 828 optant
487 746 665 826 praescire,
686 765 767 807 num
790 755 869 825 post
893 758 1041 808 mortem
1061 756 1271 826 separentur,

146 841 206 903 vel
231 860 310 903 num
334 861 400 902 una
422 842 560 917 vivant;
594 839 642 902 illi
665 841 721 921 qui
744 841 833 903 inter
856 860 893 902 se
916 841 1036 902 animis
1060 841 1271 913 discordant,

148 955 278 998 numne
302 946 522 1017 separentur3
546 955 585 998 ac
610 934 658 997 ilii
682 936 737 1016 qui
760 935 881 997 animis
901 936 1126 1008 concordant,
1147 955 1272 998 numne

148 1049 218 1092 una
236 1031 363 1093 vivant.
409 1030 506 1094 Haec
526 1031 604 1112 quia
626 1050 672 1093 ex
696 1030 826 1111 optatis
844 1039 935 1105 sunt,
956 1029 1153 1106 tradentur;
1182 1029 1273 1111 quod

149 1123 210 1187 fiet
230 1125 264 1188 in
283 1125 349 1189 hoc
369 1127 487 1189 ordine
498 1146 552 1188 :-

329 1269 371 1341 (i.)
398 1269 485 1341 Quod
499 1286 583 1324 amor
593 1286 679 1324 sexus
696 1275 814 1323 maneat
826 1270 911 1339 apud
924 1286 1033 1324 omnem
1051 1269 1193 1325 homonem
1208 1275 1276 1341 post

467 1347 595 1401 mortem.
610 1340 708 1409 qualis
725 1340 775 1394 ille
792 1343 925 1401 interius,
941 1340 993 1395 boc
1012 1347 1061 1402 est.
1081 1344 1114 1395 in
1135 1344 1275 1398 interiore

490 1412 530 1465 'us
540 1412 691 1466 uoluntate
701 1417 730 1465 ct
741 1413 914 1483 cogitatum
917 1413 1029 1484 suerat
1037 1415 1070 1466 in
1082 1414 1197 1469 mundo.

317 1481 370 1551 (ii.)
398 1428 493 1552 (2qu
492 1499 575 1536 amor
585 1483 763 1553 conjugalis
773 1483 921 1537 similiter.

308 1553 371 1624 (iii.)
399 1554 485 1624 Quod
499 1554 555 1607 duo
567 1555 701 1625 conjuges
713 1560 747 1607 ut
757 1553 923 1623 plurimum
932 1557 1129 1623 postmortem
1142 1556 1274 1608 conveni·

468 1630 528 1685 ant,
537 1641 565 1678 sc
577 1630 753 1694 cognoscant,
763 1627 870 1677 iterum
880 1627 1044 1684 consocient,
1055 1631 1083 1678 et
1089 1629 1147 1694 per
1155 1624 1279 1695 aliquod

468 1699 580 1764 tempus
591 1697 698 1748 uiuant
708 1694 800 1747 simul
804 1715 816 1757 ,·
833 1694 911 1763 quod
917 1695 960 1762 fit
971 1697 1004 1748 in
1012 1698 1113 1764 primo
1124 1702 1212 1757 statu,
1226 1699 1272 1749 ita

467 1765 536 1820 dum
550 1768 582 1819 in
594 1768 724 1819 externis
734 1771 804 1818 sunt
814 1767 890 1818 sicut
902 1768 934 1818 in
948 1766 1062 1819 mundo.

309 1835 369 1906 (iv.)
397 1835 456 1892 Sed
461 1836 540 1906 quod
547 1838 707 1897 successive,
715 1838 790 1888 sicut
801 1842 915 1889 exuunt
923 1843 1053 1897 externa,
1063 1853 1099 1890 ac
1110 1839 1229 1890 intrant
1240 1839 1272 1890 in

468 1909 586 1959 s'ntcrna
598 1922 661 1967 sua,
667 1908 838 1976 percipiant
847 1907 933 1974 quali
940 1923 1038 1960 amore
1046 1912 1073 1959 et
1082 1908 1274 1961 inclinatione

467 1977 642 2031 intersecet
655 1994 685 2030 sc
698 1982 797 2030 mutuo
806 1977 945 2048 fuerant,
957 1983 985 2030 ct
1002 1978 1071 2031 inde
1082 1994 1152 2032 num
1159 1981 1274 2049 possint

467 2064 527 2101 una
540 2051 647 2109 viuere,
656 2048 706 2100 vel
713 2064 778 2101 non.

320 2117 370 2188 (v.)
397 2117 483 2190 Quod
497 2121 527 2171 si
536 2122 658 2188 possunt
676 2135 735 2171 una
750 2119 857 2179 viuere,
873 2124 1012 2172 maneant
1025 2121 1178 2191 conjuges:
1196 2126 1230 2173 at
1246 2121 1277 2173 si

467 2205 523 2242 non
531 2192 662 2258 possunt,
670 2205 699 2242 se
706 2192 847 2257 separent,
857 2189 1027 2257 quandoque
1035 2206 1064 2242 sc
1071 2193 1123 2243 νίν
1130 2191 1166 2243 ab
1175 2207 1272 2252 uxore,

467 2260 636 2328 quandoque
646 2277 676 2313 sc
688 2276 763 2313 uxor
774 2277 794 2312 a
805 2262 880 2321 uico,
892 2265 920 2312 ct
931 2261 1102 2329 quandoque
1112 2277 1142 2314 sc
1154 2267 1274 2330 uterquc

468 2331 649 2384 abinvicem.

308 2397 370 2470 (vi.)
395 2399 437 2454 Et
451 2401 529 2470 quod
543 2406 612 2454 tunc
625 2401 712 2454 detur
727 2401 794 2454 ur'ro
811 2416 887 2453 uxor
904 2403 1078 2462 conveniens,
1092 2417 1128 2454 ac
1136 2402 1274 2473 feminac

468 2473 597 2524 mari'tus
608 2471 754 2526 similiter.

294 2540 367 2611 (vii.)
394 2541 480 2612 Quod
499 2543 634 2612 conjuges
654 2544 734 2595 inter
750 2559 779 2595 sc
791 2542 946 2612 fruantur
962 2544 1113 2595 consortiis
1129 2542 1273 2597 similibus

355 2635 357 2639 ·
467 2612 571 2681 quibus
582 2614 615 2665 in
628 2612 741 2674 mundo,
753 2613 804 2666 scd
804 2614 826 2682 j
827 2612 1031 2666 ucundrorziius
1042 2620 1070 2666 ct
1081 2614 1254 2667 beatioribus
1261 2634 1274 2676 ,-

467 2699 569 2737 verum
580 2684 683 2752 absque
695 2683 916 2753 prolificationc,
926 2688 983 2752 pro
994 2700 1060 2753 qua,
1073 2701 1121 2737 scu
1133 2685 1191 2736 loco
1202 2687 1273 2755 ejus,

468 2760 510 2807 cst
522 2754 583 2807 illis
589 2754 770 2823 prolificatt'o
781 2753 958 2824 spiritualis,
972 2761 1100 2824 quaeest
1117 2758 1227 2808 arnonis
1244 2760 1274 2808 et

468 2842 500 2878 sa
523 2827 638 2878 renunc.

285 2893 369 2964 (viii.)
397 2895 484 2966 Quod
497 2828 542 2949 iia
553 2897 614 2965 fiat
626 2895 688 2949 illis
699 2897 755 2964 qui
768 2897 892 2949 ueniunt
909 2897 942 2949 in
954 2895 1064 2950 caelum
1074 2915 1088 2960 ,·
1105 2895 1196 2950 alt'tcr
1205 2912 1274 2950 vcro

468 2965 531 3019 illis
541 2969 597 3034 qui
606 2969 640 3019 in
652 2967 814 3037 infernum.

153 3097 312 3182 Sequitur
334 3122 423 3165 nunc
446 3101 646 3183 explicatio,
665 3123 726 3186 per
749 3124 850 3187 quam
869 3103 1003 3168 articuli
1025 3104 1074 3168 illi
1097 3104 1271 3169 illustran-

152 3203 208 3258 tur
226 3203 262 3258 et
282 3196 535 3261 confirmantur.

213 3296 289 3377 46.
314 3293 364 3376 (i.)
391 3293 488 3372 Quod
495 3316 592 3358 amor
607 3317 707 3360 sexus
720 3307 854 3361 maneat
868 3299 964 3379 apud
974 3318 1099 3361 omnem
1111 3296 1273 3360 bominem

149 3397 228 3469 post
249 3399 397 3463 mortem,
415 3389 526 3470 qualis
549 3390 606 3452 ille
626 3391 777 3467 interius,
802 3391 861 3455 hoc
881 3402 942 3467 est,
967 3393 1001 3455 in
1024 3393 1181 3455 interiore
1201 3394 1271 3474 ejus

152 3482 321 3545 voluntate
350 3493 383 3544 et
414 3484 609 3564 cogitatione
633 3486 756 3565 suerat
785 3485 820 3548 in
853 3485 1148 3549 mundo-Omnis
1176 3506 1273 3549 amor

152 3578 304 3659 sequitur
322 3577 496 3641 hominem
516 3590 594 3661 post
614 3591 771 3656 mortem,
791 3581 869 3662 quia
891 3592 946 3645 est
969 3603 1044 3644 esse
1063 3583 1154 3644 vitae
1178 3580 1271 3662 ejus;

152 3680 187 3735 et
205 3691 302 3735 amor
317 3694 477 3754 regnans,
494 3676 549 3755 qui
565 3685 619 3738 est
636 3686 738 3756 caput
755 3676 969 3758 reliquorum,
983 3687 1162 3755 permanet
1180 3675 1270 3757 apud

152 3765 325 3830 hominem
349 3770 382 3830 in
412 3779 600 3844 aeternum,
624 3780 660 3833 et
691 3789 767 3834 cum
790 3770 849 3833 illo
872 3772 971 3833 simul
994 3790 1128 3835 amores
1152 3771 1271 3833 subor-

153 3862 279 3940 dinati3
304 3864 394 3945 quod
414 3876 648 3945 permaneant,
665 3876 719 3929 est
738 3868 815 3949 quia
834 3886 929 3929 amor
948 3877 1001 3929 est
1021 3867 1154 3947 proprie
1174 3867 1271 3947 spiri·

153 3967 208 4020 tus
240 3956 398 4032 hominis,
429 3969 464 4022 et
502 3969 555 4023 est
587 3961 737 4040 corporis
773 3982 794 4024 a
827 3963 957 4042 spiritu,
989 3981 1029 4023 ac
1058 3961 1163 4023 homo
1192 3968 1272 4039 post

153 4061 300 4116 mortem
322 4052 360 4117 fit
384 4055 531 4134 spiritus,
550 4064 586 4118 et
609 4056 656 4117 sic
680 4075 832 4119 amorem
855 4076 951 4119 suurn
975 4055 1040 4119 sert
1060 4073 1201 4130 secum;
1235 4062 1271 4117 et

152 4148 230 4227 quia
245 4167 341 4211 amor
356 4160 409 4212 est
425 4170 500 4211 esse
516 4151 608 4212 vitae
624 4149 781 4225 hominis,
799 4161 907 4234 patet,
924 4153 1016 4233 quod
1035 4149 1143 4232 qualis
1160 4148 1271 4212 homi·

155 4242 206 4303 nis
228 4243 301 4305 vita
323 4242 383 4306 suit
417 4245 450 4306 in
474 4245 612 4320 mundo,
637 4244 716 4307 talis
738 4246 798 4310 fiat
821 4267 894 4309 sors
917 4245 987 4326 ejus
1011 4254 1089 4326 post
1113 4254 1271 4308 mortem.

154 4333 255 4416 Quod
271 4356 423 4402 amorem
435 4360 541 4402 sexus
554 4341 741 4414 concernit,
755 4351 809 4404 est
826 4340 882 4404 ille
898 4337 1095 4404 universalis
1107 4339 1269 4415 omnium,

156 4450 235 4495 nam
258 4441 312 4496 est
336 4452 357 4496 a
379 4435 551 4498 creatione
574 4435 701 4498 inditus
724 4436 786 4518 ipsi
810 4437 939 4499 animae
959 4434 1114 4508 hominis,
1135 4453 1180 4496 ex
1203 4453 1270 4517 qua
