2850 5026
153 453 213 501 212
497 455 678 505 DELlClAE
701 455 930 506 SAPIENTIAE

150 619 250 675 omnis
262 617 370 676 homo:
388 636 474 676 amor
483 620 619 693 proximi,
629 622 680 693 qui
693 623 784 677 etiam
797 632 844 678 est
857 640 942 679 amor
955 623 1085 679 faciendi
1098 641 1180 689 usus,
1192 642 1271 683 amor

151 700 265 762 mundi,
278 701 329 771 qui
344 700 435 755 etiam
452 711 498 755 est
511 718 597 756 amor
614 702 786 773 possidendi
805 719 888 773 opes,
900 720 935 757 ac
951 720 1036 758 amor
1048 705 1103 768 sui.
1117 705 1170 776 qui
1184 706 1271 760 etiam

149 790 197 834 est
212 795 297 834 amor
312 779 477 850 imperandi
493 797 584 850 super
598 782 682 837 alios.
720 782 816 836 Amor
835 783 962 853 proximi
978 799 1030 838 seu
1050 783 1181 839 faciendi
1196 801 1271 845 usus.

149 868 196 913 est
208 874 294 912 amor
306 859 485 928 spiritualis;
503 876 588 914 amor
600 871 700 915 autem
717 861 821 916 mundi
836 877 888 916 seu
904 878 990 916 amor
1004 863 1180 932 possidendi
1193 880 1272 934 opes,

150 948 196 992 est
215 953 300 992 amor
315 939 492 1000 materialis:
511 949 543 993 at
558 956 643 994 amor
658 940 713 1000 sui,
729 957 781 995 seu
801 957 885 994 amor
905 941 1071 1011 imperandi
1086 958 1180 1012 super
1191 944 1272 1003 alios.

150 1027 196 1072 est
208 1033 294 1072 amor
306 1033 475 1088 corporeus.
511 1016 613 1073 Homo
625 1030 671 1074 est
685 1019 786 1081 homo,
799 1020 871 1073 dum
885 1036 971 1074 amor
984 1021 1111 1090 proximi
1124 1038 1178 1077 seu
1192 1038 1273 1079 amor

150 1095 278 1150 faciendi
298 1114 370 1151 usus
390 1096 460 1151 iacit
479 1108 578 1168 caput.
591 1113 626 1152 ac
641 1115 726 1152 amor
741 1099 846 1152 mundi
866 1098 938 1154 iacit
953 1115 1070 1170 corpus,
1084 1110 1116 1154 et
1130 1117 1218 1156 amor
1228 1101 1272 1156 sui

150 1175 222 1229 iacit
241 1176 351 1245 pedes:
373 1186 403 1230 at
425 1176 450 1230 si
472 1192 559 1230 amor
578 1178 681 1231 mundi
702 1177 774 1231 lacit
795 1189 894 1248 caput.
911 1178 1003 1233 homo
1025 1196 1086 1233 non
1106 1190 1153 1234 est
1172 1181 1272 1242 homo,

149 1255 237 1309 aliter
255 1271 344 1324 quam
364 1256 441 1309 sicut
460 1256 619 1326 gibbosus;
637 1266 669 1310 at
684 1273 753 1311 cum
771 1273 857 1311 amor
875 1258 921 1311 sui
942 1256 1013 1311 iacit
1032 1270 1130 1328 caput.
1148 1270 1272 1314 nonest

151 1335 243 1387 homo
255 1346 338 1389 stans
352 1352 441 1405 super
454 1336 588 1405 pedibus,
601 1336 654 1390 sed
670 1352 760 1406 super
775 1337 881 1406 palmis
896 1337 994 1408 capite
1010 1338 1152 1392 deorsum
1169 1350 1200 1393 et
1211 1339 1271 1393 clu·

150 1414 237 1467 nibus
259 1430 393 1468 sursum:
420 1416 543 1484 quando
563 1431 649 1468 amor
674 1415 800 1484 proximi
823 1414 894 1469 lacit
915 1426 1014 1486 caput,
1033 1427 1065 1470 et
1087 1417 1194 1488 reliqui
1212 1418 1272 1471 duo

149 1509 267 1547 amores
286 1492 400 1547 iaciunt
419 1494 525 1547 ordine
544 1510 652 1562 corpus
672 1504 702 1547 et
722 1494 820 1562 pedes,
834 1506 958 1564 apparet
978 1495 1027 1550 ille
1047 1496 1139 1550 homo
1155 1512 1172 1551 e
1190 1498 1272 1551 caelo

150 1571 225 1626 facie
240 1573 382 1643 angelica.
398 1589 466 1626 cum
487 1572 611 1642 pulchra
631 1573 704 1626 iride
723 1573 834 1627 circum
850 1584 960 1643 caput;
978 1584 1010 1629 at
1026 1576 1050 1629 si
1066 1592 1153 1630 amor
1168 1576 1270 1629 mundi

150 1651 221 1705 iacit
231 1662 329 1722 caput,
339 1661 464 1721 apparet
475 1651 524 1705 ille
538 1668 554 1705 e
567 1652 651 1706 caelo
661 1651 736 1706 iacie
749 1652 860 1722 pallida
869 1653 947 1707 sicut
958 1655 1068 1708 mortui
1079 1671 1149 1709 curn
1160 1655 1271 1710 circulo

149 1732 228 1786 llavo
241 1731 352 1785 circum
366 1742 470 1801 caput;
489 1730 513 1785 si
526 1747 598 1785 vero
610 1747 695 1784 amor
706 1730 753 1785 sui
768 1730 838 1785 iacit
850 1743 950 1802 caput,
959 1744 1084 1804 apparet
1098 1735 1147 1789 ille
1160 1750 1177 1789 e
1190 1734 1272 1789 caelo

150 1809 225 1865 facie
239 1809 330 1871 iurva,
344 1826 411 1864 cum
425 1810 538 1865 circulo
550 1811 620 1863 albo
632 1811 744 1864 circum
757 1810 876 1880 caput.''

203 1888 251 1942 Ad
265 1888 339 1942 haec
352 1889 494 1957 quaesivi,
505 1886 610 1959 “Quid
625 1898 849 1958 repraesentant
861 1889 964 1943 circuli
976 1889 1087 1944 circum
1101 1890 1200 1961 capita
1208 1889 1239 1944 ?”

204 1967 447 2037 Respondebam,
467 1967 730 2036 “Repraesentant
756 1967 1000 2039 intelligentiam:
1026 1969 1155 2024 circulus
1180 1970 1270 2031 albus.

148 2046 259 2101 circum
275 2056 366 2116 caput
384 2045 469 2100 faciei
489 2044 600 2107 furvae,
617 2056 820 2116 repraesentat
835 2047 917 2117 quod
938 2047 1136 2119 intelligentia
1153 2050 1220 2119 ejus
1242 2049 1271 2105 in

149 2125 281 2180 externis
293 2125 340 2187 sit,
349 2142 401 2179 seu
412 2126 523 2179 circum
535 2125 626 2188 illum,
637 2136 668 2179 at
680 2125 795 2179 insania
808 2126 838 2179 in
850 2126 974 2181 internis
984 2143 1036 2181 seu
1052 2127 1080 2181 in
1095 2128 1163 2182 illo:
1181 2128 1270 2182 etiam

149 2206 249 2268 homo.
263 2206 315 2277 qui
328 2206 397 2260 talis
410 2216 464 2267 est,
478 2206 557 2275 sapit
570 2206 641 2259 dum
656 2205 685 2258 in
699 2221 825 2276 corpore
837 2216 893 2266 est,
907 2218 938 2261 at
954 2207 1064 2260 insanit
1077 2208 1151 2261 dum
1168 2208 1197 2262 in
1213 2210 1271 2279 spi-

149 2288 222 2349 ritu;
241 2297 271 2342 et
283 2284 381 2340 nullus
392 2285 484 2340 homo
494 2285 571 2355 sapit
581 2285 697 2355 spiritu,
710 2286 765 2340 nisi
776 2302 794 2339 a
805 2286 945 2349 Domino,
955 2287 1035 2358 quod
1049 2287 1082 2340 fit
1092 2303 1160 2341 cum
1172 2289 1270 2342 denuo

147 2385 200 2423 seu
213 2384 230 2422 e
244 2383 324 2422 novo
336 2368 374 2421 ab
389 2366 458 2436 Ipso
471 2376 631 2436 generatur
643 2376 673 2419 et
687 2364 832 2419 creatur.’'

203 2446 260 2502 His
273 2444 369 2508 dictis,
383 2447 573 2515 aperiebatur
585 2455 663 2498 terra
678 2444 716 2498 ad
732 2444 895 2506 sinistrum,
908 2454 939 2499 et
955 2461 1008 2515 per
1022 2455 1194 2516 aperturam
1207 2446 1268 2501 vidi

148 2538 319 2597 surgentem
345 2525 498 2579 diabolum
524 2540 592 2578 cum
618 2524 732 2578 circulo
756 2523 826 2578 albo
850 2524 951 2578 lucido
974 2525 1086 2578 circum
1106 2538 1214 2597 caput;
1240 2535 1269 2581 et

148 2605 305 2666 sciscitavi.
317 2612 332 2632 ¹¹
340 2604 416 2675 Quis
428 2621 460 2658 es
469 2603 499 2658 ?'’

203 2684 295 2745 Dixit,
306 2683 402 2737 “Sum
419 2682 536 2737 Luciier
547 2681 625 2735 lilius
638 2698 771 2742 aurorae.
781 2691 813 2736 et
822 2682 893 2752 quia
906 2682 1034 2736 similem
1049 2699 1097 2737 me
1111 2683 1168 2738 leci
1180 2683 1269 2739 Altis·

148 2766 234 2827 simo,
251 2763 385 2835 dejectus
401 2763 495 2817 sum.''
532 2762 575 2816 At
591 2779 650 2817 non
668 2762 724 2817 luit
741 2762 790 2816 ille
807 2761 932 2823 Luciier,
946 2764 998 2816 sed
1014 2763 1144 2817 credidit
1159 2780 1192 2819 se
1206 2780 1269 2820 esst

150 2845 243 2898 illum.

204 2922 242 2977 Et
255 2922 324 2985 dixi,
336 2920 434 2977 “Cum
446 2918 580 2991 dejectus
591 2937 631 2981 es,
642 2921 797 2991 quomodo
807 2930 894 2990 potes
905 2936 1056 2990 resurgere
1066 2937 1104 2975 ex
1117 2921 1234 2977 iniemo
1242 2920 1270 2977 ?”

202 3003 241 3058 Et
250 3003 414 3072 respondit,
425 3009 440 3030 ‘⁸
449 3001 521 3056 Sum
534 3001 571 3054 ibi
584 3001 729 3062 diabolus,
738 3011 769 3054 at
779 3000 901 3055 hiesum
911 3001 1034 3070 angelus
1042 3001 1134 3064 lucis:
1149 3003 1269 3057 videsne

148 3094 239 3153 caput
252 3099 351 3136 meum
365 3081 490 3151 sphaera
503 3080 603 3134 lucida
616 3078 861 3134 circumcindlum
874 3078 887 3134 i
905 3089 936 3134 et
950 3096 1070 3150 quoque
1085 3081 1111 3135 si
1124 3082 1179 3143 vis.
1188 3083 1269 3136 vide·

150 3165 203 3226 bis,
214 3164 294 3234 quod
309 3163 364 3217 sim
376 3160 588 3231 supramoralis
603 3159 680 3214 inter
690 3160 825 3221 morales.
836 3160 1081 3230 suprarationalis
1095 3160 1173 3216 inter
1183 3162 1270 3216 ratio·

150 3244 239 3302 nales.
254 3243 346 3297 immo
359 3239 610 3311 supraspiritualis
624 3239 702 3293 inter
714 3239 899 3309 spirituales;
914 3255 1036 3310 possum
1050 3240 1141 3295 etiam
1151 3241 1269 3297 concio-

149 3323 220 3385 nari,
234 3333 264 3376 et
277 3337 396 3392 quoque
409 3319 606 3374 concionatus
619 3319 712 3373 sum.”

202 3400 353 3473 Quaesivi.
368 3399 471 3470 “Quid
486 3399 683 3453 concionatus
696 3396 767 3452 es?”

204 3481 295 3543 Dixit,
309 3479 447 3534 “Contra
459 3477 693 3538 defraudatores‚
707 3487 813 3531 contra
825 3477 986 3538 adulteros,
1000 3485 1030 3531 et
1045 3486 1152 3532 contra
1167 3494 1270 3535 omnes

148 3576 265 3616 amores
281 3559 456 3614 infernales:
484 3558 577 3611 immo
592 3567 664 3610 tunc
684 3573 731 3610 me
753 3555 921 3611 Luciierum
937 3556 1042 3610 vocavi
1058 3557 1221 3620 diabolum.
1237 3573 1270 3612 ac

150 3640 279 3711 pejeravi
295 3650 402 3694 contra
417 3654 465 3692 me
482 3637 572 3699 illurn,
586 3652 621 3690 ac
637 3646 796 3706 propterea
809 3635 946 3689 laudibus
959 3633 1081 3690 evetius
1097 3652 1164 3690 sum
1177 3652 1270 3707 usque

149 3721 185 3774 ad
200 3720 333 3780 caelum:
354 3718 422 3772 inde
436 3727 490 3779 est,
503 3717 584 3786 quod
598 3725 723 3770 vocatus
736 3714 792 3769 sim
807 3714 884 3768 filius
897 3730 1037 3776 aurorae:
1061 3725 1092 3769 et
1111 3717 1192 3785 quod
1209 3716 1269 3786 ipse

150 3799 274 3853 miratus
296 3814 371 3859 sum,
386 3814 454 3851 cum
474 3813 563 3866 super
583 3794 700 3865 pulpito
719 3809 809 3855 eram,
829 3810 889 3847 non
915 3793 1048 3865 cogitavi
1066 3794 1162 3857 aliter,
1181 3811 1268 3866 quam

148 3879 229 3949 quod
246 3875 325 3932 recle
340 3886 372 3931 et
388 3876 443 3930 rite
459 3876 611 3945 loquerer;
630 3874 683 3928 sed
699 3889 819 3927 causam
834 3872 907 3926 mihi
921 3873 1029 3935 detexi.
1043 3873 1114 3943 quia
1130 3873 1159 3927 in
1175 3884 1270 3929 exter·

150 3958 195 4012 nis
209 3957 260 4020 lui,
273 3967 304 4011 et
317 3956 391 4010 haec
403 3965 475 4010 tunc
488 3964 573 4009 erant
586 3963 723 4024 separata
736 3953 775 4007 ab
788 3952 912 4007 internis
926 3951 1017 4014 meis:
1036 3962 1068 4006 et
1080 3953 1202 4009 tametsi
1214 3953 1270 4008 hoc

150 4036 222 4091 mihi
236 4035 345 4097 detexi,
356 4052 450 4106 usque
461 4051 521 4088 non
536 4035 620 4104 potui
635 4033 792 4087 immutare
806 4048 862 4095 me,
872 4031 943 4102 quia
956 4047 1026 4102 prae
1036 4031 1115 4086 iastu
1129 4048 1198 4088 meo
1210 4048 1269 4088 non

149 4114 281 4189 spectavi
294 4116 332 4170 ad
347 4114 472 4170 Deum‚'’

204 4196 281 4252 Dein
294 4195 436 4266 quaesivi,
450 4192 638 4267 “Quomodo
650 4191 776 4263 potuisti
790 4191 833 4246 ita
844 4191 935 4262 loqui,
949 4207 1017 4245 cum
1031 4206 1063 4245 es
1077 4190 1141 4262 ipse
1155 4191 1269 4248 delrau·
1334 4229 1338 4237 -

149 4277 245 4338 dator,
259 4276 322 4346 ipse
335 4274 459 4335 adulter.
473 4285 504 4328 et
518 4274 581 4342 ipse
594 4273 731 4327 diabolus
740 4270 770 4326 ?''

205 4355 382 4426 Respondit,
399 4353 496 4408 “Sum
511 4353 588 4407 alius
603 4367 671 4405 cum
691 4352 722 4405 in
741 4350 872 4406 extemis
886 4366 939 4404 seu
960 4349 989 4402 in
1009 4366 1135 4421 corpore
1150 4368 1225 4413 sum.
1240 4359 1269 4407 et

151 4434 227 4504 alius
240 4452 308 4490 cum
323 4434 353 4488 in
368 4433 494 4488 internis
506 4447 560 4487 seu
578 4430 606 4483 in
623 4431 746 4501 spiritu:
765 4430 794 4484 in
807 4445 933 4501 corpore
946 4446 1012 4484 sum
1026 4431 1159 4502 angelus,
1173 4432 1225 4487 sed
1241 4431 1267 4484 iu
