2782 5026
10 4200 39 4384 l

344 109 393 159 ua
416 108 550 159 anone
573 107 891 174 contuemur-u.
914 93 985 173 326.
1157 109 1221 174 259

84 281 231 336 naturale
243 281 348 351 quoad
361 280 485 352 linguas,
499 279 544 334 lac
558 280 614 335 ita:
635 279 712 334 intra
725 280 763 333 ad
776 289 853 342 tuos,
867 289 898 334 et
910 279 1032 349 loquere
1044 277 1155 349 aliquid
1171 278 1220 342 ibi,

83 377 125 415 ac
146 360 247 415 retine
262 375 362 422 voces,
378 371 409 415 et
427 376 495 415 cum
511 360 558 414 his
577 359 607 414 in
623 359 768 414 memoria
782 359 853 422 redi,
869 368 900 413 et
917 374 1018 413 coram
1034 375 1082 413 me
1097 358 1222 415 enuntia

82 439 186 495 ἰῑῑιε,η

145 519 196 574 Ac
208 516 282 573 iecit
295 517 386 580 itaet
398 516 536 572 rediitad
550 533 598 571 me
611 533 678 571 cum
689 516 814 571 vocibus
827 516 885 572 illis
898 517 928 571 in
941 532 1001 576 ore.
1012 526 1043 572 et
1054 514 1163 573 effatus
1174 526 1221 572 est

82 598 166 660 illas,
175 606 210 652 et
222 613 285 652 non
299 596 446 652 intellexit
456 596 565 666 ullam;
585 607 668 651 erant
681 612 771 651 voces
784 612 903 666 prorsus
915 596 1031 651 alienae
1043 605 1074 651 et
1092 597 1220 667 peregri·

81 693 158 738 nae.
170 692 251 747 quae
262 691 323 731 non
333 677 443 730 dantur
456 675 486 729 in
500 676 599 746 aliqua
611 676 714 746 lingua
724 675 828 729 mundi
841 675 999 738 naturalis;
1019 692 1072 745 per
1083 676 1159 730 hanc
1168 692 1220 730 ex·

81 755 273 826 perientiam
290 755 450 825 aliquoties
463 755 598 809 iteratam
611 756 690 809 clare
706 754 803 825 patuit
814 755 896 824 quod
910 755 1050 809 omnibus
1063 754 1092 808 in
1106 757 1221 810 mundo

80 834 244 905 spirituali
255 835 295 889 sit
303 834 404 906 lingua
413 834 581 904 spiritualis,
591 850 667 904 quae
678 834 752 887 nihil
761 850 922 889 commune
931 850 998 888 cum
1010 834 1110 904 aliqua
1120 834 1221 903 lingua

80 913 203 967 mundi
218 913 362 968 naturalis
374 913 500 974 obtinet,
515 923 547 968 et
558 914 641 983 quod
653 912 752 967 omnis
764 913 857 968 homo
870 912 899 966 in
914 913 993 967 illam
1008 913 1140 983 linguam
1152 924 1221 983 post

76 993 214 1047 obitum
228 1009 267 1048 ex
280 1008 313 1047 se
327 993 437 1048 veniat.
475 992 569 1047 Simul
583 992 673 1047 etiam
686 1003 760 1046 tunc
772 1002 913 1062 expertus
928 1002 982 1054 est,
995 994 1077 1062 quod
1094 993 1156 1062 ipse
1171 1008 1221 1047 so·

78 1089 150 1126 nus
167 1072 292 1143 linguae
304 1071 466 1142 spiritualis
484 1088 503 1126 a
516 1088 593 1126 sono
609 1072 728 1142 linguae
742 1071 885 1126 naturalis
897 1071 1030 1126 differret
1047 1071 1076 1125 in
1092 1082 1220 1134 tantum,

76 1162 121 1206 ut
136 1167 238 1206 sonus
249 1151 413 1221 spiritualis
425 1151 517 1206 etiam
531 1151 610 1206 altus
624 1168 661 1206 ne
676 1152 769 1205 hilum
783 1152 937 1206 audiretur
948 1153 986 1206 ab
996 1151 1119 1206 homine
1132 1161 1220 1206 natu·

74 1231 154 1292 tali,
169 1245 230 1285 nec
243 1247 335 1285 sonus
347 1231 490 1284 naturalis
502 1230 540 1284 ab
554 1230 676 1285 homine
688 1231 846 1301 spirituali.

144 1310 271 1371 Postea,
284 1309 387 1380 rogavi
400 1309 669 1365 archididascalum
683 1321 713 1364 et
726 1310 961 1372 circumstantes.
975 1319 1009 1364 ut
1023 1309 1169 1365 intrarent
1181 1311 1219 1365 ad

63 1404 173 1451 -suos,
185 1398 220 1444 et
235 1389 400 1443 scriberent
414 1389 544 1459 aliquam
559 1388 741 1443 sententiam
757 1405 847 1458 super
859 1390 972 1450 charta,
984 1404 1021 1443 ac
1035 1404 1104 1442 cum
1116 1389 1221 1444 charta

72 1467 140 1523 illa
154 1468 277 1523 exirent
289 1469 327 1522 ad
342 1484 398 1530 me,
411 1479 442 1522 et
451 1469 601 1539 legerent:
619 1468 754 1523 fecemnt
767 1468 817 1529 ita,
831 1479 862 1522 et
876 1468 1104 1522 redieruntcum
1117 1468 1220 1523 charta

72 1547 116 1602 in
132 1563 249 1609 manu;
261 1557 292 1602 at
305 1563 373 1601 cum
387 1548 529 1618 legerent.
539 1564 598 1602 non
611 1558 775 1618 potuerunt
785 1548 943 1618 quicquam
959 1548 1133 1618 intelligere,
1143 1563 1219 1618 quo·

71 1628 173 1681 niam
185 1626 336 1697 scriptura
345 1628 502 1682 constabat
512 1628 604 1681 modo
617 1643 653 1682 ex
666 1626 815 1698 aliquibus
826 1627 933 1682 litteris
942 1626 1138 1697 alphabeticis
1150 1643 1218 1681 cum

70 1704 230 1776 strophis
242 1721 340 1775 supra.
353 1722 478 1776 quarum
493 1707 675 1776 unaquaevis
684 1707 813 1776 aliquem
828 1722 947 1761 sensum
962 1706 1004 1771 rei
1017 1705 1219 1776 significabat:

66 1786 162 1858 quia
178 1785 364 1855 unaquaevis
379 1785 479 1840 littera
498 1786 527 1839 in
546 1786 708 1855 alphabeto
723 1785 871 1856 significat
887 1785 928 1839 ibi
943 1785 1072 1856 aliquem
1088 1801 1218 1847 sensum.

67 1875 177 1934 patet
196 1865 279 1918 unde
298 1872 352 1925 est,
367 1865 449 1935 quod
466 1863 614 1919 Dominus
633 1866 751 1919 dicatur
766 1865 893 1935 “Alpha
911 1875 942 1919 et
960 1864 1105 1935 Omega.'’
1142 1864 1219 1919 Cum

68 1943 128 2000 illi
147 1945 263 1998 iterum
279 1953 311 1997 et
327 1943 433 1998 iterum
448 1944 601 2005 intrarent,
613 1944 785 2006 scriberent,
796 1955 827 1999 et
839 1944 979 2006 redirent,
990 1943 1135 2015 comperti
1148 1954 1220 1998 sunt

56 2023 174 2096 quod
195 2022 344 2093 scriptura
363 2022 413 2077 illa
432 2023 599 2077 involveret
617 2034 648 2077 et
672 2024 942 2093 comprehenderet
961 2023 1123 2083 innumera,
1141 2039 1219 2092 quae

65 2117 242 2172 nusquam
256 2100 356 2172 aliqua
367 2102 514 2172 scriptura
527 2103 670 2157 naturalis
683 2113 785 2173 posset
797 2103 980 2173 exprimere;
993 2113 1024 2157 at
1036 2100 1149 2156 didium
1164 2113 1219 2163 est,

63 2182 174 2253 quod
196 2181 258 2235 hoc
276 2181 325 2243 sit,
343 2180 414 2252 quia
432 2182 595 2250 spiritualis
614 2182 707 2235 homo
725 2182 840 2253 cogitat
859 2181 1172 2252 incomprehensibilia
1188 2192 1221 2236 et

66 2259 261 2316 ineffabilia
273 2260 402 2314 naturali
417 2259 541 2322 homini,
556 2272 586 2315 et
601 2261 683 2330 quod
699 2261 773 2315 haec
792 2262 822 2315 in
838 2261 926 2315 aliam
942 2261 1120 2332 scripturam
1138 2270 1170 2315 et
1189 2260 1219 2314 in

62 2342 181 2395 aliam
196 2339 332 2410 linguam
347 2339 470 2394 influere
482 2351 513 2394 et
527 2339 627 2394 inferri
641 2349 801 2410 nequeant.

138 2419 234 2474 Tunc
249 2419 320 2488 quia
333 2419 487 2474 adstantes
502 2435 562 2473 non
578 2420 740 2474 voluerunt
754 2419 1017 2490 comprehendere.
1031 2420 1112 2490 quod
1131 2418 1220 2489 spiri·

62 2499 183 2555 tualis
203 2497 353 2568 cogitatio
374 2498 405 2552 in
429 2508 547 2553 tantum
568 2499 727 2553 excederet
746 2500 912 2553 naturalem
931 2510 965 2552 ut
989 2499 1028 2554 sit
1053 2496 1218 2569 respective

62 2574 264 2639 ineffabilis,
276 2577 339 2631 dixi
350 2577 416 2638 illis.
427 2577 553 2632 “Facite
563 2578 775 2647 experientiam
786 2596 792 2641 ;
807 2579 916 2632 intrate
927 2578 956 2632 in
967 2579 1141 2633 societatem
1151 2595 1219 2634 ves·

59 2664 167 2713 tram
179 2656 378 2727 spiritualem,
387 2668 418 2711 et
427 2657 560 2728 cogitate
568 2657 698 2727 aliquam
709 2674 779 2719 rem,
790 2674 824 2712 ac
836 2658 962 2712 retinete
974 2658 1063 2719 illam,
1072 2668 1103 2713 et
1114 2657 1219 2721 redite,

60 2750 112 2793 et
127 2752 238 2792 coram
254 2751 302 2789 me
314 2736 482 2806 expromite
496 2736 605 2791 illam.''

140 2816 193 2871 Ac
223 2815 417 2877 intraverunt.
442 2815 659 2886 cogitaverunt,
681 2816 877 2877 retinuerunt.
902 2816 1066 2877 exiverunt,
1092 2825 1124 2870 at
1150 2832 1219 2871 cum

60 2905 308 2966 expromerent
321 2911 385 2949 rem
400 2895 572 2965 cogitatam,
587 2911 647 2949 non
668 2906 846 2965 potuerunt;
868 2911 929 2949 non
944 2896 1025 2950 enim
1041 2896 1221 2950 invenerunt

59 2977 181 3030 ullam
195 2974 295 3028 ideam
304 2973 497 3044 cogitationis
508 2975 650 3028 naturalis
659 2975 855 3045 adaequatam
865 2975 953 3029 alicui
965 2975 1050 3030 ideae
1059 2975 1219 3046 cogitatio·

60 3057 132 3109 nis
140 3053 326 3124 spiritualis;
341 3053 382 3108 ita
390 3070 445 3108 nec
453 3054 583 3124 aliquam
593 3070 698 3108 vocem
707 3054 923 3125 exprimentem
933 3052 1125 3117 1¹1i11am,nam
1136 3055 1220 3110 ideae

57 3132 289 3205 cogitationis
302 3131 380 3186 stunt
392 3149 482 3187 voces
495 3133 632 3203 loquelae
643 3151 650 3194 ;
668 3144 700 3187 et
712 3145 784 3188 tunc
797 3133 981 3188 reintrabant
994 3143 1024 3188 et
1039 3135 1176 3188 redibant
1188 3144 1220 3190 et

59 3212 314 3268 confirmabant
328 3227 371 3273 se,
384 3213 465 3282 quod
480 3213 563 3267 ideae
576 3213 748 3283 spirituales
759 3223 861 3267 essent
873 3213 1122 3284 supranaturales,
1137 3213 1218 3267 inex·

59 3290 273 3359 pressibilea
293 3290 467 3353 ineffabiles,
486 3301 517 3346 et
542 3291 857 3362 incomprehensibiles
883 3292 1009 3346 naturali
1033 3292 1164 3346 homini:
1189 3304 1219 3347 et

60 3373 161 3440 quia
175 3381 241 3425 tam
256 3371 514 3441 supereminentes
529 3380 607 3432 sunt.
621 3371 761 3426 dicebant
779 3372 861 3441 quod
877 3372 1047 3442 spirituales
1066 3372 1150 3426 ideae
1165 3387 1217 3425 seu

61 3449 294 3522 cogitationes
310 3448 474 3518 respediive
490 3451 527 3504 ad
544 3451 702 3512 naturales,
715 3461 817 3505 essent
832 3451 917 3506 ideae
932 3451 1075 3512 idearum,
1091 3461 1122 3505 et
1136 3451 1218 3521 cogi-

63 3531 226 3585 tationes
239 3528 469 3600 cogitationum,
485 3540 515 3584 et
533 3530 614 3600 quod
634 3531 704 3585 ideo
723 3547 777 3601 per
791 3530 856 3585 illas
870 3531 1107 3601 exprimerentur
1122 3531 1217 3600 quali·

65 3616 171 3664 tates
193 3608 384 3679 qualitatum.
408 3619 441 3663 et
464 3607 640 3664 affectiones
664 3608 866 3671 affectionum,
891 3620 1111 3679 consequenter
1134 3611 1216 3679 quod

67 3688 293 3758 cogitationes
300 3689 471 3760 spirituales
481 3699 581 3745 essent
592 3688 677 3743 initia
685 3705 720 3744 ac
730 3689 861 3760 origines
870 3689 1087 3760 cogitationum
1099 3698 1218 3742 natura-

73 3766 186 3830 lium3
207 3767 276 3824 inde
295 3767 386 3822 etiam
406 3769 511 3838 patuit,
528 3769 610 3839 quod
628 3769 777 3839 sapientia
794 3769 956 3839 spiritualis
974 3779 1061 3848 esseq
1071 3768 1218 3837 sapientia

76 3844 266 3913 sapientiae.
284 3847 328 3902 ita
346 3845 622 3918 ¹²¹imperceptibilis
639 3848 727 3903 alicui
746 3848 875 3918 sapienti
898 3849 927 3902 in
950 3848 1076 3902 naturali
1094 3848 1217 3901 mundo.

84 3922 305 3981 'runcuittum
315 3936 363 3982 est
376 3926 435 3981 illis
447 3942 464 3983 e
476 3927 560 3982 caelo
570 3927 670 3989 tertio,
680 3929 761 3998 quod
773 3929 874 3982 adhuc
883 3928 923 3982 sit
935 3927 1083 3998 sapientia
1093 3927 1217 3981 interior

87 4015 159 4057 seu
176 4005 312 4074 superior.
327 4021 405 4077 quae
419 4016 545 4061 vocatur
559 4007 704 4069 caelestis.
714 4007 801 4077 cujus
816 4004 969 4077 respectus
983 4007 1021 4060 ad
1037 4006 1215 4077 sapientiam

96 4078 290 4151 spiritualem,
304 4086 411 4144 similis
425 4095 471 4142 est
490 4084 638 4157 respcdui
654 4087 744 4158 hujus
760 4087 797 4140 ad
815 4085 997 4150 naturalem
1018 4096 1049 4141 et
1062 4086 1144 4157 quod
1161 4087 1217 4140 hae
