2782 5026
383 109 435 160 or:
459 107 933 177 auonncouJuo1Au1.-u.
958 98 1025 162 180.
1201 114 1260 180 147

121 288 247 355 mens,
276 300 365 363 quae
394 290 449 344 est
478 281 590 344 media
622 282 712 346 inter
740 282 889 346 animam
923 291 959 346 et
992 302 1137 364 corpus;
1172 304 1259 366 quae

126 376 278 438 tametsi
300 385 446 457 apparet
473 377 654 459 incapite,
679 398 784 459 usque
807 389 861 441 est
891 378 996 440 etiam
1023 375 1202 441 attualiter
1225 379 1258 441 in

130 471 221 532 toto
234 488 397 552 corpore;
420 480 457 535 et
471 473 642 545 dixerunt,
660 474 751 554 quod
767 473 846 535 inde
862 473 918 546 sit,
932 473 1023 555 quod
1040 469 1136 535 attus
1152 471 1258 536 fluant

133 556 173 621 in
192 564 331 628 instanti
350 586 370 628 e
389 585 543 647 corpore,
560 587 644 649 quos
661 568 774 629 anima
792 577 828 630 et
844 586 940 630 mens
956 567 1160 644 intendunt3
1185 578 1256 631 turn

136 661 230 734 quod
248 660 326 723 inde
342 661 400 735 sit,
417 660 508 742 quod
528 661 589 743 ipsi
609 672 688 743 post
705 659 922 742 rejet'tionem
939 663 1090 744 corporis
1106 663 1139 724 in
1157 663 1257 742 priori

137 755 275 829 mundo,
295 756 365 818 sint
389 753 530 838 perfetti
552 755 728 819 homines:
753 776 842 819 nunc
865 758 944 839 quia
966 758 1080 819 anima
1102 766 1138 820 et
1160 777 1257 820 mens

136 860 176 907 Se
196 848 284 915 artie
302 850 495 933 adjungunt
512 851 604 915 carni
623 852 786 933 corporis,
800 862 837 915 ut
854 861 1037 933 operentur
1053 862 1089 915 et
1105 851 1256 917 efficiant

135 938 275 1008 effeetus
293 966 384 1020 suos,
405 948 558 1029 sequitur
576 947 668 1029 quod
693 947 800 1010 unitio
822 948 956 1009 animae
974 957 1010 1010 et
1030 949 1155 1010 mentis
1178 967 1256 1011 curn

133 1041 281 1124 conjuge
299 1043 468 1105 sentiatur
486 1042 590 1105 etiam
613 1042 647 1104 in
671 1060 814 1123 corpore
837 1043 924 1105 sicut
949 1061 1016 1104 una
1034 1061 1123 1104 caro.
1170 1042 1255 1105 Cum

132 1125 223 1200 haec
241 1134 332 1200 dieta
350 1146 431 1200 sunt
450 1137 495 1198 ab
512 1136 656 1218 angelis,
677 1136 790 1200 audivi
806 1157 850 1199 ex
871 1136 1044 1218 spiritibus
1062 1138 1116 1219 qui
1136 1138 1254 1200 adsta·

129 1218 233 1305 bant,
251 1232 342 1314 quod
365 1231 425 1294 illa
448 1232 517 1294 sint
540 1232 729 1312 sapientiae
752 1230 942 1313 angelicae,
966 1251 1053 1313 quae
1076 1241 1254 1295 transcen·

128 1317 242 1403 dunt;
265 1326 324 1389 sed
348 1327 487 1407 spiritus
513 1325 562 1389 illi
585 1325 768 1389 rationales
791 1324 976 1400 naturales,
997 1335 1033 1388 et
1057 1344 1125 1389 non
1148 1327 1255 1389 ratio·

127 1418 232 1483 nales
249 1419 455 1502 spirituales,
475 1430 583 1484 erant.

200 1526 292 1596 ¹7⁹·
316 1514 411 1599 (xx.)
439 1514 536 1593 Quod
546 1536 642 1579 amor
659 1537 736 1578 vere
749 1515 945 1601 conjicgialr's
968 1514 1002 1578 in
1020 1536 1056 1577 se
1072 1516 1252 1596 spellatus,

126 1602 184 1666 sit
198 1610 272 1672 unio
285 1610 489 1686 animarum,
506 1610 684 1694 conjuncir'o
699 1612 865 1686 nuntium,
883 1612 978 1674 nr'sus
994 1611 1044 1673 ad
1057 1611 1252 1696 consimilib-

126 1710 210 1765 nem
228 1705 263 1767 in
279 1704 480 1786 pedoribus,
497 1716 530 1767 et
552 1705 628 1768 inde
648 1705 683 1768 in
707 1705 999 1787 corporee-Quod
1019 1706 1064 1769 sit
1082 1707 1161 1768 unio
1180 1707 1254 1769 ani·

126 1804 275 1875 marum,
298 1809 336 1863 et
363 1798 559 1880 conjunttio
585 1800 763 1875 mentium,
787 1801 943 1863 videatur
970 1821 1070 1882 supra
1095 1799 1143 1880 (n.
1167 1799 1253 1881 158).

128 1880 237 1965 Quod
258 1895 303 1958 sit
327 1895 421 1957 nisus
444 1895 488 1957 ad
514 1891 787 1975 conjunt‘tionem
811 1895 845 1956 in
869 1891 1073 1976 petitoribus,
1098 1905 1151 1958 est
1175 1896 1253 1977 quia

126 1984 252 2056 peetus
269 1999 324 2053 est
343 1989 451 2052 sorum
469 1999 670 2063 conventus,
688 1999 723 2051 et
740 1991 828 2052 sicut
844 1991 937 2052 curia
952 1991 1057 2070 regin,
1074 1999 1110 2052 et
1130 2010 1252 2070 corpus

127 2075 224 2146 sicut
245 2085 324 2147 urbs
346 2083 514 2166 populosa
536 2085 660 2147 circum
684 2083 778 2146 illud.
823 2082 924 2165 Quod
952 2082 1070 2166 peetus
1093 2086 1138 2147 sit
1162 2086 1249 2149 sicut

127 2164 240 2240 sorum
258 2189 461 2251 conuentus,
481 2188 534 2242 est
554 2179 631 2261 quia
649 2180 764 2242 omnia
780 2199 866 2261 quae
885 2179 929 2241 ab
945 2180 1059 2241 anima
1077 2189 1112 2243 et
1132 2191 1249 2243 mente

127 2263 406 2338 determinantur
421 2276 455 2338 in
472 2294 604 2357 corpus,
619 2277 762 2356 primum
782 2275 814 2337 in
835 2271 953 2355 petius
971 2274 1134 2353 influunt;
1158 2278 1250 2358 quod

127 2358 181 2425 ⁸st
197 2369 279 2432 sicut
294 2371 387 2432 curia
402 2370 505 2451 regia,
523 2379 577 2432 est
593 2370 671 2452 quia
686 2370 731 2431 ibi
748 2379 801 2432 est
818 2369 1004 2431 dominium
1021 2389 1120 2450 super
1136 2368 1251 2430 omnia

128 2466 293 2545 torporis,
317 2474 398 2527 sunt
421 2465 511 2527 enim
539 2464 584 2527 ibi
607 2484 666 2527 cor
688 2474 724 2527 et
751 2460 878 2546 pulmo,
903 2473 939 2527 et
962 2484 1021 2527 cor
1044 2473 1167 2543 regnat
1191 2482 1251 2543 per

129 2561 344 2641 Sanguinem,
364 2569 400 2622 et
419 2559 535 2641 pulmo
554 2580 613 2641 per
632 2560 891 2640 respirationem
912 2560 1038 2621 ubivis:
1063 2558 1153 2640 quod
1173 2573 1249 2621 cor-

129 2658 199 2720 pus
212 2658 254 2720 sit
269 2658 358 2719 sicut
375 2656 453 2718 urbs
469 2655 635 2737 populosa
651 2657 776 2719 circum
793 2655 862 2728 illa,
881 2664 987 2736 patet.
1032 2653 1117 2717 Cum
1134 2655 1249 2735 itaque

128 2750 262 2814 animae
286 2760 324 2815 et
355 2760 490 2813 mentes
519 2750 702 2832 conjugum
731 2752 846 2813 unitae
876 2761 967 2824 sunt,
992 2760 1027 2813 et
1051 2768 1146 2812 amor
1168 2770 1248 2813 vere

127 2845 330 2928 conjugialis
349 2847 424 2910 unit
443 2845 530 2921 illas,
551 2847 702 2929 sequitur
720 2846 811 2928 quod
834 2846 989 2908 amabilis
1013 2844 1071 2907 illa
1095 2845 1173 2907 unio
1196 2846 1247 2906 in-

127 2918 213 3004 fluat
227 2941 259 3004 in
278 2941 414 3005 illorum
430 2938 580 3023 peitora
597 2951 633 3005 et
653 2962 713 3023 per
728 2941 812 3005 haec
833 2942 866 3003 in
885 2940 1020 3003 illorum
1040 2960 1194 3020 corpora,
1211 2949 1247 3003 et

126 3034 287 3099 causetur
309 3037 420 3098 nisum
443 3035 487 3099 ad
510 3033 805 3117 conjunetionem
829 3045 864 3099 et
887 3056 930 3099 eo
954 3034 1028 3117 plus
1051 3036 1128 3116 quia
1151 3055 1248 3098 amor

128 3126 329 3213 conjugatis
347 3131 554 3193 determinat
574 3132 684 3193 nisum
703 3131 747 3193 ad
771 3131 892 3193 ultima
915 3150 986 3205 sua,
1005 3129 1048 3192 ad
1067 3130 1246 3210 complen-

130 3206 213 3286 dum
227 3225 357 3289 faustas
372 3227 602 3289 amoenitates
620 3246 718 3303 suas;
741 3236 777 3289 et
793 3226 871 3307 quia
890 3222 1008 3306 petius
1023 3234 1077 3288 est
1094 3225 1126 3286 in
1144 3225 1245 3297 bivio,

133 3318 225 3383 Patet
242 3322 332 3384 unde
351 3330 405 3384 est
424 3320 515 3403 quod
538 3340 634 3384 amor
656 3318 856 3402 conjugialis
879 3320 996 3382 sedem
1017 3339 1136 3381 sensus
1159 3319 1245 3382 deli·

137 3412 204 3473 tati
217 3416 264 3478 sui
282 3415 329 3478 ibi
347 3413 469 3479 nattus
486 3416 541 3478 sit.

199 3506 290 3574 18⁰.
314 3509 422 3593 (xxi.)
448 3509 544 3587 Quod
562 3520 673 3574 status
695 3509 794 3596 lnq‘us
816 3511 942 3575 amoris
959 3510 1030 3575 sint
1046 3510 1242 3585 innocentia,

147 3599 214 3675 iux,
227 3606 467 3688 tranquillitas,
480 3606 627 3669 arnt'cr'tr'a
642 3606 771 3681 tirtirna,
784 3607 979 3690 confidentia
989 3605 1101 3686 plena,
1115 3605 1244 3666 desede-

154 3688 221 3758 ’ἕνη
234 3699 341 3763 animi
353 3710 387 3762 et
406 3700 516 3763 cordis
535 3710 682 3764 mutuum
696 3701 851 3780 faciendi
869 3700 971 3763 alteri
989 3720 1081 3762 ornne
1103 3698 1243 3771 bonum,·

156 3790 180 3841 ‘²
188 3808 220 3850 ’ἕ
232 3795 377 3860 omnibus
393 3794 464 3858 illis
480 3794 655 3869 beatitatis,
664 3796 845 3876 faustitas,
851 3794 1059 3875 jucunditas
1076 3793 1241 3874 voluptas,

159 3886 182 3937 ’ἲ
195 3904 228 3945 ex
250 3888 370 3955 harum
385 3890 553 3971 fruitione
580 3901 715 3955 aeterna
740 3892 890 3954 caelestis
911 3888 1240 3971 senonias-Causa,

161 3979 226 4049 quod
240 3983 320 4049 haec
338 3997 375 4051 et
393 3986 453 4050 illa
469 3987 538 4049 sint
555 3987 589 4049 in
607 4006 725 4050 amore
744 3986 938 4067 conjugiali,
956 3996 992 4050 et
1010 3986 1089 4048 inde
1105 4006 1149 4047 ex
1169 3983 1240 4060 illo,

162 4078 201 4131 “t
215 4081 281 4159 quia
301 4084 398 4167 origo
421 4082 493 4166 ejus
519 4093 571 4147 est
597 4103 643 4146 ex
670 4081 830 4164 conjugio
854 4083 933 4145 boni
960 4093 995 4146 et
1019 4081 1101 4157 veri,
1121 4091 1156 4144 et
1176 4079 1241 4144 hoc
