2782 5026
211 418 272 501 398
540 428 791 481 VOLUPTATES
814 428 1001 480 lNSANlAE
1095 434 1105 482 2

263 601 427 672 Postquam
443 600 482 655 ad
497 600 572 655 haec
583 608 615 655 et
626 601 737 655 similia
749 601 904 656 solverunt
915 601 1091 665 cachinnos,
1103 603 1247 675 quaesivi,
1259 606 1318 659 num
1357 620 1362 630 ·

207 681 304 737 sciant
316 696 354 736 ex
367 681 476 752 quibus
488 680 588 752 regnis
602 681 631 734 in
645 681 761 734 mundo
773 680 900 736 inerant.

261 760 418 823 Dixerunt,
431 760 513 831 quod
525 776 563 815 ex
575 760 673 822 variis,
686 770 718 815 et
730 761 928 815 nominabant
939 758 1067 824 Italiam,
1081 761 1249 827 Poloniam,
1258 763 1318 819 Ger·

206 841 347 901 maniam,
361 840 511 911 Angliam,
525 840 673 895 Sueciam.

261 920 299 975 Et
310 920 445 990 quaesivi
460 936 531 974 num
545 920 675 990 aliquem
689 921 769 975 inter
779 935 812 975 se
824 920 956 975 viderint
968 936 1006 976 ex
1017 919 1193 978 Hollandia.

262 1000 300 1054 Et
310 1000 450 1055 dixerunt
463 1015 524 1054 non
537 1000 679 1069 aliquem.

261 1079 337 1134 Post
352 1079 427 1133 haec
441 1079 578 1133 converti
594 1095 765 1134 sermonem
781 1079 819 1133 ad
838 1080 924 1140 seria,
937 1089 969 1134 et
988 1079 1183 1152 interrogavi,
1196 1099 1264 1136 num
1278 1098 1317 1137 us·

205 1174 294 1230 quam
305 1158 505 1230 cogitaverint
517 1158 601 1228 quod
614 1159 796 1213 adulterium
809 1159 849 1213 sit
862 1170 1029 1229 peccatum.

261 1238 502 1308 Responderunt,
516 1236 621 1309 “Quid
636 1237 815 1308 peccatum?
833 1255 894 1293 non
906 1240 1020 1293 scimus
1032 1239 1107 1310 quid
1121 1240 1210 1296 hoc.”

260 1316 456 1389 interrogavi,
477 1333 549 1370 num
574 1333 701 1387 usquam
724 1318 917 1373 meminerint
937 1318 1020 1389 quod
1042 1321 1227 1375 adulterium
1248 1329 1315 1376 esset

204 1406 312 1452 contra
323 1406 442 1451 sextum
456 1408 650 1467 praeceptum
663 1398 810 1468 decalogi.

172 1506 176 1511 -
259 1474 500 1546 Responderunt,
512 1484 527 1505 ‘⁶
536 1475 616 1548 Quid
628 1475 810 1547 decalogus?
825 1487 911 1533 estne
921 1475 1119 1534 Catechesis?
1152 1479 1233 1552 Quid
1244 1478 1315 1536 nobit

203 1554 275 1611 viris
290 1572 358 1610 cum
374 1555 480 1626 puerili
497 1555 549 1610 illo
564 1556 705 1610 codicillo
713 1555 744 1610 ?''

259 1634 455 1705 Interrogavi,
470 1650 543 1689 nurn
555 1651 681 1705 usquam
698 1635 897 1705 cogitaverint
909 1635 1023 1707 aliquid
1037 1637 1075 1691 de
1090 1636 1220 1693 inferno.

258 1711 500 1783 Responderunt,
515 1711 615 1784 “Quis
628 1713 698 1767 inde
711 1713 848 1768 ascendit
861 1724 892 1768 et
902 1715 1034 1768 narravit
1041 1713 1071 1769 ?”

258 1792 452 1865 Interrogavi,
463 1808 534 1846 num
545 1793 658 1862 aliquid
674 1792 703 1846 in
714 1794 828 1847 mundo
835 1793 1035 1864 cogitaverint
1045 1793 1084 1848 de
1096 1794 1162 1849 vita
1171 1806 1241 1866 post
1250 1810 1316 1850 mor·

203 1882 276 1928 tem.

257 1950 415 2013 Dixerunt,
429 1949 556 2006 “Simile
568 1950 650 2021 quod
664 1951 703 2005 de
715 1951 827 2011 bestiis,
841 1961 872 2005 et
886 1951 1069 2021 quandoque
1081 1951 1183 2035 similg
1194 1954 1275 2025 quod
1286 1953 1317 2008 de

203 2030 301 2093 larvis,
314 2047 391 2102 quae
403 2030 428 2085 si
441 2046 478 2085 ex
490 2030 687 2084 cadaveribus
699 2030 886 2091 exhalantur,
898 2030 1066 2085 diffluunt.”

257 2109 352 2166 Porro
365 2109 556 2181 interrogavi,
570 2126 682 2164 numne
695 2110 733 2164 de
746 2108 794 2165 his
809 2120 840 2165 et
856 2110 915 2164 illis
925 2110 1047 2180 aliquod
1061 2111 1235 2167 audiverint
1248 2128 1267 2166 a
1279 2127 1320 2168 sav

201 2189 383 2245 cerdotibus.

255 2268 488 2339 Responderunt
503 2267 585 2338 quod
602 2269 694 2322 modo
709 2268 894 2322 attenderint
913 2267 951 2323 ad
970 2282 1079 2323 sonum
1096 2269 1238 2340 loquelae
1259 2271 1325 2325 illo·

201 2365 275 2409 rum,
288 2359 320 2403 et
333 2364 393 2402 non
407 2348 445 2402 ad
459 2364 530 2410 rem,
545 2354 600 2402 “et
613 2348 685 2417 quid
698 2347 812 2402 haec?”

255 2427 299 2481 Es
315 2427 362 2483 his
374 2426 559 2497 stupefactus
572 2427 634 2480 dixi
650 2428 688 2480 ad
706 2427 781 2488 illos,
795 2435 811 2456 ‘⁴
820 2424 997 2481 Convertite
1010 2425 1119 2482 faciem
1130 2439 1161 2483 et
1177 2429 1272 2484 aciem
1285 2428 1324 2484 ad

201 2506 333 2562 medium
347 2507 448 2568 silvae,
462 2506 513 2560 ubi
526 2522 661 2566 caverna,
677 2506 706 2559 in
720 2522 780 2576 qua
792 2504 918 2561 fuistis.’'

255 2585 293 2640 Et
302 2595 517 2640 converterunt
529 2600 570 2646 se,
579 2601 614 2639 ac
627 2585 768 2639 viderunt
778 2601 920 2655 magnum
932 2584 1015 2639 illurn
1027 2596 1200 2655 serpentem
1211 2588 1322 2642 circum

200 2665 279 2719 illam
290 2663 399 2719 flexum
413 2665 443 2719 in
454 2664 573 2736 spiram,
584 2680 619 2718 ac
632 2663 833 2719 insufflantem
844 2680 1004 2727 venenum,
1014 2675 1045 2719 et
1057 2681 1180 2737 quoque
1190 2666 1323 2722 funestas

199 2760 270 2799 aves
284 2744 313 2798 in
327 2745 418 2799 ramis
431 2760 521 2815 supra
534 2744 627 2797 illum.

254 2824 292 2878 Et
304 2824 447 2895 quaesivi,
460 2831 476 2852 ‘¹
485 2823 565 2895 Quid
579 2821 727 2877 videtis?’'

251 2902 310 2958 Sed
323 2902 420 2957 territi
434 2901 503 2956 lacti
517 2902 592 2956 nihil
606 2902 835 2971 responderunt.

253 2981 291 3035 Et
304 2982 375 3043 dixi,
384 2981 573 3036 “Vidistisne
583 2981 791 3036 horrendum?
807 2981 924 3044 scitote,
934 2982 1015 3052 quod
1028 2981 1088 3037 hoc
1097 2982 1137 3037 sit
1150 2999 1323 3054 repraesen-

197 3060 325 3115 tativum
339 3060 477 3115 adulterii
493 3061 522 3114 in
536 3061 670 3116 libidinis
683 3076 753 3115 suae
767 3061 910 3131 flagitio.”

252 3139 360 3194 Subito
378 3150 451 3194 tunc
470 3140 592 3210 quidam
608 3142 732 3211 angelus
747 3141 879 3201 adstitit;
904 3149 968 3194 erat
985 3141 1134 3201 sacerdos,
1153 3151 1186 3195 et
1204 3142 1322 3212 aperuit

198 3217 347 3273 infernum
361 3219 391 3273 in
404 3219 492 3291 plaga
504 3219 693 3279 occidentali,
708 3220 737 3272 in
751 3219 832 3288 quod
845 3220 967 3273 tandem
982 3220 1167 3289 colliguntur
1179 3222 1273 3285 taics;
1291 3232 1321 3276 et

197 3300 282 3363 dixit,
294 3299 493 3371 “Conspicite
504 3301 573 3355 illuc
582 3301 607 3362 ;''
622 3311 653 3354 et
662 3301 801 3354 viderunt
811 3311 952 3371 stagnum
963 3302 1041 3355 sicut
1050 3302 1188 3372 igneum
1207 3313 1239 3357 et
1251 3319 1321 3375 cog·

197 3390 346 3436 noverunt
359 3380 398 3435 ibi
415 3381 530 3451 aliquos
543 3381 573 3434 in
588 3381 701 3434 mundo
713 3379 833 3440 amicos,
847 3381 899 3449 qui
913 3381 1081 3434 invitabant
1091 3382 1159 3436 illos
1167 3383 1207 3437 ad
1221 3399 1263 3438 se.

251 3460 308 3515 His
320 3460 392 3515 visis
404 3471 435 3514 et
448 3460 560 3514 auditis
573 3469 747 3513 averterunt
760 3475 800 3519 se,
813 3468 845 3513 et
858 3460 1071 3530 proripuerunt
1080 3476 1112 3514 se
1127 3477 1144 3514 e
1156 3461 1321 3532 conspedlu

197 3554 273 3602 meo,
286 3551 317 3594 et
330 3548 516 3594 recesserunt
535 3555 552 3593 a
570 3539 662 3600 silva:
688 3539 740 3593 sed
754 3540 948 3593 observabam
961 3555 1080 3610 gressus
1094 3540 1223 3602 illorum,
1238 3542 1320 3612 quod

195 3619 370 3674 simularent
380 3634 540 3680 recessum,
554 3619 607 3672 sed
617 3619 698 3688 quod
713 3635 766 3688 per
774 3619 916 3689 ambages
928 3619 957 3672 in
969 3619 1074 3673 silvam
1088 3630 1320 3676 reverterentur.

248 3709 334 3770 522.
355 3697 429 3753 Post
442 3699 516 3752 haec
529 3714 664 3752 reversus
677 3715 744 3751 sum
758 3699 892 3759 domum,
908 3709 939 3752 et
953 3709 1021 3768 post
1034 3699 1112 3752 diem
1127 3715 1165 3752 ex
1178 3701 1320 3755 recorda·

195 3777 279 3832 tione
293 3778 426 3832 tristium
438 3777 566 3839 illorum,
580 3775 712 3848 spellavi
725 3779 762 3832 ad
777 3779 903 3832 eandem
917 3778 1031 3839 silvam,
1042 3788 1073 3831 et
1084 3778 1147 3832 vidi
1161 3778 1246 3837 iilam
1259 3781 1319 3835 dis·

197 3869 339 3928 paratam,
354 3869 385 3912 et
398 3859 467 3912 loco
477 3858 542 3928 ejus
554 3874 694 3928 campum
707 3874 875 3919 arenosum,
888 3869 918 3912 et
935 3859 963 3912 in
978 3858 1077 3912 medio
1090 3859 1156 3929 ejus
1169 3869 1319 3931 stagnum,

197 3938 224 3992 in
238 3954 299 4008 quo
312 3950 397 3993 erant
410 3939 501 4008 aliqui
516 3950 670 4008 serpentes
683 3939 772 3993 rubri.
810 3937 870 3993 Sed
887 3949 955 4009 post
970 3939 1161 4009 septimanas,
1173 3940 1247 3994 dum
1264 3942 1320 3995 ite·

197 4036 260 4073 rum
275 4019 345 4073 illuc
355 4016 497 4088 apellavi,
510 4019 572 4072 vidi
589 4036 607 4073 a
625 4020 717 4073 latere
730 4019 796 4088 ejus
809 4020 916 4074 dextro
928 4034 1041 4079 arvum,
1055 4028 1196 4089 et‘super
1210 4036 1249 4076 eo
1266 4022 1319 4076 ali·

194 4108 270 4169 quot
282 4099 421 4160 colonos;
440 4112 475 4152 ac
492 4098 599 4152 iterum
612 4109 682 4169 post
695 4099 879 4169 septimanas
891 4099 954 4153 vidi
969 4114 1006 4153 ex
1021 4113 1093 4152 arvo
1107 4098 1160 4153 illo
1172 4116 1319 4156 enascens

196 4177 303 4232 novale
315 4176 561 4232 circumcinctum
574 4177 711 4232 arbustis.

251 4256 288 4310 Et
298 4257 399 4311 audivi
409 4268 481 4312 tunc
491 4273 595 4311 vocem
606 4258 723 4319 ecaelo,
732 4265 747 4286 ‘¹
758 4256 840 4311 Intra
851 4257 879 4310 in
889 4257 1057 4311 cubiculum
1068 4267 1162 4319 tuum,
1173 4267 1205 4312 et
1213 4260 1319 4315 claude

193 4336 324 4406 januam,
333 4347 365 4391 et
378 4337 501 4391 intende
511 4337 594 4406 operi
609 4336 730 4407 incepto
744 4336 773 4390 in
786 4337 980 4407 Apocalypsr',·
998 4347 1029 4392 et
1044 4337 1102 4391 hoc
1115 4334 1220 4393 1¹¹inlra
1234 4339 1318 4394 bien·

196 4416 279 4470 nium
293 4433 470 4488 persequere
483 4417 521 4473 ad
535 4417 652 4472 finem.”
