2782 5026
382 121 432 170 na
456 120 592 173 AMORE
616 122 933 188 couJuumm-n
956 128 1026 192 339.
1181 115 1263 196 269

130 289 230 355 mdo
243 290 455 356 'adulterium
472 292 639 368 natrerafe,
658 293 835 358 sedetiam
850 295 1052 360 adulterium
1069 297 1259 378 spirituale,

125 385 479 469 committat-Quod
510 387 736 463 Christianus,
765 391 820 472 qui
852 390 967 472 plures
993 413 1121 455 uxores
1152 393 1259 469 ducit,

124 480 345 545 adulterium
378 482 536 547 naturale
569 485 780 559 committat,
811 494 866 549 est
899 487 1087 550 secundum
1121 486 1259 553 Domini

126 577 255 652 verba,
275 588 473 660 quaesunt,

186 712 266 777 Quod
279 728 335 761 non
348 712 428 762 liceat
439 713 575 763 dimittere
584 728 704 770 uxorem.
716 715 780 777 quia
791 717 825 764 ab
837 715 915 765 initio
924 718 1007 765 creati
1020 727 1084 767 sunt
1096 728 1125 767 ut
1137 719 1193 768 sint
1204 734 1261 769 una

270 792 350 836 caro:
368 790 395 828 et
409 781 480 842 quod
495 780 540 843 qui
554 779 686 830 dimiserit
700 782 801 844 absque
816 780 889 843 justa
903 797 993 840 causa.
1005 793 1033 832 et
1049 784 1131 835 aliam
1144 785 1259 842 duxerit,

268 843 429 894 adulterium
442 845 594 895 committat
606 846 714 906 (Matri.
726 847 773 895 xix
785 848 875 909 3-11);

128 967 186 1030 ita
210 965 287 1049 plus
309 966 432 1040 adhuc,
456 968 512 1050 qui
536 987 604 1030 non
627 968 784 1042 dimittit,
809 968 870 1031 sed
893 970 1021 1034 retinet
1044 989 1199 1046 uxorem,
1223 980 1259 1035 et

127 1061 241 1125 aliam
258 1061 502 1143 superinducit.
549 1061 645 1125 Haec
662 1082 683 1124 a
703 1063 853 1126 Domino
869 1063 942 1127 lata
958 1064 1016 1127 lex
1032 1066 1075 1128 de
1091 1065 1259 1148 conjugiis

130 1157 232 1220 ducit
252 1158 423 1220 internam
439 1176 580 1220 causam
606 1178 651 1220 ex
675 1157 835 1239 conjugio
855 1159 1041 1240 spirituali;
1066 1180 1145 1224 nam
1164 1163 1258 1243 quic·

131 1253 217 1334 quid
236 1252 402 1314 Dominus
419 1252 553 1315 locutus
570 1262 635 1328 est,
652 1254 686 1316 in
702 1273 739 1316 se
755 1253 931 1335 spirituale
947 1253 1026 1332 fuit;
1050 1256 1142 1338 quod
1158 1257 1258 1320 intel·

132 1346 254 1428 ligitur
272 1367 333 1429 per
350 1346 447 1422 haec,

186 1483 201 1504 ‘⁴
209 1481 307 1539 Verba,
317 1494 385 1544 quae
397 1480 454 1543 Ego
463 1480 560 1545 loquor
570 1481 655 1538 vobis,
665 1481 774 1544 spiritus
784 1490 848 1530 sunt
856 1491 884 1530 et
893 1481 948 1530 vita
957 1492 1021 1531 sunt
1028 1481 1043 1501 '⁸
1052 1481 1127 1547 (Joi.
1137 1478 1199 1533 1¹¹vi.
1207 1484 1258 1546 63).

136 1619 324 1703 Spirituale
350 1620 441 1702 quod
472 1621 573 1694 inest,
604 1631 658 1683 est
688 1620 767 1695 hoc,
791 1621 882 1702 quod
912 1641 973 1703 per
1001 1622 1257 1704 polygamicum

137 1715 334 1797 conjugium
359 1717 392 1778 in
420 1715 617 1779 Christiano
640 1716 733 1791 orbe,
755 1716 953 1797 profanetur
971 1716 1165 1799 conjugium
1186 1719 1257 1783 Do·

137 1811 218 1874 mini
241 1820 278 1873 et
306 1809 506 1887 Ecclesiae;
537 1810 694 1874 similiter
716 1809 910 1892 conjugium
930 1812 1010 1875 boni
1033 1822 1070 1875 et
1096 1814 1190 1892 veri;
1221 1825 1257 1877 et

137 1907 276 1987 insuper
301 1904 467 1980 Verbum,
487 1915 523 1968 et
551 1925 628 1968 cum
652 1904 962 1984 Verbo·ecclesia;
996 1926 1036 1968 ac
1065 1907 1258 1988 profanatio

137 2001 272 2063 illorum
298 2009 352 2063 est
379 1999 585 2064 adulterium
609 2001 793 2080 spirituale.
835 1999 936 2082 Quod
964 2001 1157 2083 profanatio
1176 2003 1257 2066 boni

136 2105 172 2159 et
196 2096 269 2158 veri
302 2095 470 2158 ecclesiae
500 2115 545 2157 ex
569 2093 687 2157 Verbo
714 2095 984 2176 correspondeat
1013 2095 1195 2172 adulterio,
1220 2109 1256 2161 et

137 2188 227 2270 quod
255 2190 335 2252 inde
363 2189 407 2252 sit
435 2188 641 2252 adulterium
670 2190 858 2272 spirituale,
879 2200 915 2254 et
942 2190 1034 2273 quod
1064 2190 1257 2255 falsificatio

138 2282 217 2347 boni
240 2292 275 2346 et
298 2283 553 2357 verisimiliter,
575 2283 634 2346 sed
658 2285 692 2346 in
716 2285 839 2347 minori
858 2284 978 2365 gradu,
999 2285 1156 2348 videatur
1174 2305 1256 2349 con·

138 2376 307 2441 firmatum
341 2378 374 2440 in
408 2377 617 2459 Apocalypsi
643 2378 804 2442 Revelato
838 2378 886 2460 (n.
924 2377 1009 2460 134).
1060 2378 1162 2461 Quod
1196 2400 1257 2462 per

138 2472 294 2554 conjugia
316 2473 535 2555 polygamica
558 2474 648 2555 apud
670 2473 896 2546 Christianos,
918 2475 1155 2555 profanaretur
1173 2495 1255 2539 con·

135 2566 262 2649 jugium
295 2568 432 2630 Domini
466 2578 502 2631 et
533 2568 722 2644 Ecclesiae,
751 2580 804 2634 est
839 2569 917 2652 quia
950 2571 1256 2651 correspondentia

138 2664 237 2727 datur
264 2665 356 2727 inter
384 2662 546 2726 Divinum
576 2663 661 2726 illud
690 2663 884 2746 conjugium
912 2673 949 2727 et
978 2665 1068 2727 inter
1096 2664 1256 2748 conjugia

138 2756 406 2821 Christianorum
429 2756 488 2839 (de
511 2779 577 2839 qua
596 2760 752 2824 videatur
770 2779 883 2841 supra,
904 2780 936 2821 n.
955 2755 1146 2842 ¹¹¹83-102);
1170 2781 1256 2844 quae

138 2854 442 2935 correspondentia
458 2875 597 2938 prorsus
616 2855 715 2935 perit,
731 2855 758 2917 si
777 2856 875 2918 uxori
891 2853 1089 2935 adjungitur
1104 2877 1202 2931 uxor,
1219 2867 1255 2919 et

137 2968 211 3011 cum
230 2949 290 3011 illa
310 2950 411 3031 perit,
432 2949 536 3012 homo
553 2948 679 3030 conjux
699 2969 768 3013 non
788 2949 934 3032 amplius
952 2960 1006 3012 est
1031 2949 1254 3014 Christianus.

139 3040 238 3123 Quod
266 3065 326 3126 per
350 3044 508 3126 conjugia
532 3045 751 3128 polygamica
774 3039 867 3127 apud
890 3045 1118 3119 Christianos,
1143 3046 1222 3127 prof
1240 3080 1253 3093 ·

139 3151 235 3203 netur
253 3138 449 3221 conjugium
468 3141 548 3204 boni
571 3150 608 3204 et
635 3142 716 3215 veri,
737 3149 791 3205 est
817 3140 895 3223 quia
921 3162 967 3205 ex
990 3140 1159 3223 spirituali
1188 3140 1253 3205 hoc

138 3234 296 3316 conjugio
318 3235 515 3298 derivantur
537 3234 695 3317 conjugia
718 3235 751 3297 in
776 3237 895 3312 terris;
925 3245 961 3300 et
983 3235 1253 3299 Christianorum
1360 3238 1366 3249 '

138 3330 295 3411 conjugia
313 3350 333 3392 a
352 3329 518 3411 conjugiis
535 3330 675 3393 aliarum
692 3331 847 3411 gentium
863 3329 1021 3393 differunt
1041 3331 1074 3392 in
1093 3350 1145 3404 eo,
1163 3332 1253 3413 quod

137 3425 222 3488 sicut
241 3425 370 3488 bonum
386 3436 480 3487 amat
498 3445 614 3488 verum
634 3445 673 3488 ac
693 3444 809 3487 verum
826 3425 965 3498 bonum,
984 3445 1022 3487 ac
1043 3444 1146 3487 unum
1163 3434 1252 3497 sunt,

138 3518 183 3582 ita
205 3539 294 3582 uxor
316 3528 353 3583 et
383 3521 547 3596 maritus;
578 3540 681 3601 quare
705 3520 733 3581 si
757 3519 969 3583 Christianus
993 3538 1134 3582 uxorem
1154 3520 1253 3582 uxori

138 3613 349 3695 adjungeret,
366 3613 560 3695 conjugium
577 3613 661 3677 illud
680 3613 856 3696 spirituale
872 3614 962 3696 apud
982 3634 1018 3676 se
1033 3613 1252 3689 discinderet,

139 3710 278 3791 proinde
295 3710 461 3791 originem
477 3711 528 3774 sui
545 3709 692 3791 conjugii
709 3710 915 3791 profanaret,
930 3719 966 3772 et
983 3709 1030 3771 sic
1048 3708 1253 3772 adulterium

138 3804 309 3884 spirituale
322 3805 575 3868 committeret:
599 3806 690 3888 quod
704 3804 861 3885 conjugia
874 3805 907 3866 in
924 3804 1023 3867 terris
1036 3823 1081 3865 ex
1094 3802 1253 3884 conjugio

139 3898 214 3964 boni
227 3910 263 3965 et
279 3901 349 3964 veri
362 3901 568 3974 deriventur,
580 3901 737 3964 videatur
749 3920 849 3982 supra
867 3899 915 3981 (n.
937 3897 1105 3979 116—131).
1150 3897 1252 3980 Quod

141 3993 352 4059 Christianus
375 4015 435 4076 per
452 3995 648 4077 conjugium
668 3995 925 4078 polygamicum
945 3993 1141 4077 profanaret
1165 3992 1252 4056 Ver·

142 4087 215 4155 bum
238 4101 275 4156 et
299 4090 494 4168 ecclesiam,
514 4102 567 4156 est
591 4093 670 4175 quia
689 4089 841 4155 Verbum
865 4090 899 4153 in
922 4111 959 4154 se
983 4086 1176 4172 spedtatum
1199 4097 1253 4152 est
