2850 5026
394 443 444 493 ou
467 441 602 493 aaronis
624 439 1038 509 CONJUGIAL1.—N.259.
1210 443 1271 509 203

153 615 312 680 ordiatur
328 615 439 679 coatia
456 623 489 678 et
510 635 573 677 non
592 613 849 678 libera—Haec
870 623 1044 678 causaest
1063 611 1172 677 solum
1192 613 1272 689 illis,

152 710 242 792 apud
265 730 351 792 quos
373 728 469 772 amor
488 709 689 791 conjugialis
711 710 745 772 in
768 710 897 772 intimis
921 709 1045 790 friget;
1079 719 1114 772 et
1135 710 1215 791 quia
1236 729 1275 773 se

153 806 320 868 intestino
335 805 451 886 frigori
470 805 577 879 addit,
595 804 633 866 fit
652 824 754 867 causa
770 804 940 867 accedens
956 825 1014 866 seu
1031 803 1274 880 accidentalis;

152 900 241 982 apud
258 901 321 963 hos
337 919 433 962 amor
448 899 751 980 extraconjugialis
767 920 813 962 ex
830 919 999 962 consensu
1016 909 1051 962 et
1070 899 1187 963 favore
1201 899 1275 981 ejus

153 996 355 1057 intrinsecus
379 995 412 1057 in
434 994 548 1057 calore
572 1005 636 1069 est,
658 1014 737 1057 nam
761 994 865 1075 frigus
884 995 980 1056 unius
996 1003 1050 1056 est
1073 993 1166 1056 calor
1184 993 1273 1058 alte·

153 1090 230 1163 rius,
250 1090 307 1171 qui
329 1089 357 1151 si
381 1108 449 1151 non
472 1090 629 1162 sentitur,
650 1109 755 1171 usque
774 1090 875 1162 inest,
896 1090 1001 1152 immo
1024 1090 1057 1151 in
1081 1089 1194 1152 medio
1216 1088 1273 1152 sri-

153 1202 256 1264 gore;
281 1184 335 1266 qui
354 1185 415 1246 nisi
432 1185 560 1246 inesset
574 1185 782 1257 etiamtunc,
798 1203 867 1246 non
880 1183 967 1246 foret
980 1185 1161 1265 reparatio.
1207 1182 1274 1249 Hic

152 1278 246 1342 calor
269 1289 322 1342 est
346 1279 401 1361 qui
424 1278 505 1342 facit
525 1277 703 1356 coadium3
734 1280 825 1361 quod
849 1291 1004 1360 augetur,
1029 1280 1116 1342 sicut
1141 1278 1185 1342 ab
1207 1299 1274 1343 una

152 1385 249 1455 parte
267 1374 386 1437 foedus
405 1394 450 1436 ex
471 1371 573 1455 paeto
591 1383 627 1435 et
647 1373 705 1436 lex
724 1393 770 1436 ex
786 1372 890 1454 justo,
925 1371 1125 1454 spectantur
1143 1383 1180 1436 ut
1198 1375 1273 1436 vin·

151 1469 227 1533 cula
246 1489 315 1532 non
335 1463 514 1546 violan'da;
541 1468 641 1531 aliter
663 1470 691 1530 si
715 1469 871 1549 utrinque
891 1467 1079 1531 solvuntur.
1124 1467 1273 1532 Contra-

152 1566 236 1628 rium
260 1575 314 1628 est
337 1564 427 1645 apud
450 1563 538 1638 illos,
558 1564 614 1645 qui
637 1582 789 1626 amorem
813 1563 1142 1645 extraconjugialem
1165 1564 1271 1628 devo-

150 1670 284 1735 verunt,
298 1681 337 1722 ac
351 1659 503 1723 caeleste
519 1668 555 1721 et
572 1658 705 1721 caelum
719 1659 761 1721 de
775 1678 890 1721 amore
903 1659 1085 1740 conjugiali
1101 1660 1270 1740 cogitant,

150 1765 186 1818 et
206 1754 282 1836 plus
301 1756 356 1837 qui
376 1755 409 1817 id
429 1754 620 1836 percipiunt
632 1774 640 1831 ;
668 1754 758 1834 apud
782 1753 846 1816 hos
864 1753 982 1816 foedus
1001 1752 1084 1815 illud
1105 1773 1181 1817 cum
1200 1754 1271 1816 suis

151 1848 271 1932 pattis,
295 1860 330 1913 et
355 1850 412 1913 lex
440 1848 498 1912 illa
527 1868 603 1911 cum
633 1849 701 1910 suis
727 1850 877 1922 sancitis,
902 1850 1065 1930 inscripta
1091 1859 1171 1912 sunt
1195 1868 1271 1912 cor·

150 1944 259 2020 dibus,
284 1956 319 2008 et
343 1945 504 2007 continue
528 1944 604 2025 plus
626 1943 692 2006 illis
718 1945 965 2021 inscribuntur;
997 1944 1086 2024 apud
1110 1945 1173 2007 hos
1195 1945 1270 2007 vin-

150 2039 263 2103 culum
283 2041 406 2102 amoris
425 2038 514 2101 illius
534 2059 602 2101 non
619 2038 745 2119 ligatur
767 2059 812 2101 ex
835 2039 971 2102 foedere
992 2037 1103 2119 padio,
1125 2059 1186 2102 nec
1211 2059 1271 2121 per

150 2133 263 2216 legem
287 2134 405 2208 latam,
425 2133 485 2196 sed
509 2134 593 2197 haec
618 2134 685 2195 duo
709 2143 788 2196 sunt
811 2135 873 2214 ipsi
897 2135 1014 2207 amori,
1034 2135 1068 2195 in
1091 2154 1158 2215 quo
1177 2144 1268 2207 sunt,

149 2249 196 2290 ex
216 2230 391 2292 creatione
409 2229 511 2291 insita
528 2250 535 2305 ;
559 2249 604 2290 ex
624 2228 676 2291 his
695 2238 774 2290 sunt
794 2226 852 2290 illa
870 2229 904 2290 in
924 2228 1063 2302 mundo,
1084 2248 1151 2290 non
1171 2229 1270 2290 vicis·

149 2324 232 2386 sim:
256 2323 335 2386 inde
351 2334 416 2398 est,
430 2323 521 2404 quod
539 2341 651 2396 omne,
666 2323 757 2404 quod
774 2332 828 2385 est
844 2322 932 2385 illius
949 2324 1084 2396 amoris,
1099 2323 1269 2385 sentiatur

149 2428 187 2480 ut
219 2418 381 2496 liberum;
416 2438 484 2480 non
514 2419 615 2481 datur
643 2417 781 2498 aliquod
811 2417 964 2491 liberum,
996 2418 1086 2499 quod
1117 2437 1184 2479 non
1214 2427 1268 2480 est

149 2504 296 2579 amoris;
328 2513 364 2565 et
390 2503 503 2565 audivi
527 2504 570 2565 ab
593 2502 736 2583 angelis,
762 2503 853 2583 quod
877 2502 1019 2565 liberum
1043 2503 1166 2564 amoris
1189 2522 1269 2566 vere

148 2596 349 2678 conjugialis
369 2598 412 2660 sit
433 2597 650 2669 liberrimum,
671 2598 748 2678 quia
768 2597 825 2660 ille
845 2608 898 2661 est
917 2618 1013 2660 amor
1032 2616 1196 2660 amorum.

211 2694 309 2774 258·
334 2690 449 2774 (xxii.)
476 2690 573 2769 Quod
581 2713 760 2754 causarum
775 2693 1024 2755 accidentalium
1031 2692 1183 2772 fragoris
1199 2701 1267 2754 ter·

148 2786 198 2848 tia
210 2786 257 2849 sit
269 2785 451 2868 affirmatio
462 2787 504 2849 ab
517 2808 629 2861 uxore,
642 2796 675 2850 et
689 2787 918 2851 sermocinatio
929 2788 969 2849 dc
980 2808 1091 2850 amore
1100 2786 1143 2850 ab
1154 2786 1270 2850 illa.—

148 2880 254 2963 Apud
274 2881 417 2962 angelos
435 2883 469 2945 in
488 2881 587 2945 caelo
606 2881 700 2944 nulla
719 2891 772 2945 est
792 2883 970 2945 renuentia
989 2893 1023 2945 et
1042 2882 1268 2964 repugnantia

148 2995 169 3040 a
198 2987 295 3058 parte
319 2996 475 3052 uxorum,
496 2978 584 3040 sicut
611 2988 665 3041 est
694 2978 784 3059 apud
808 2977 939 3059 aliquas
962 2978 995 3040 in
1026 2979 1146 3054 terris;
1176 2978 1267 3059 apud

148 3071 292 3152 angelos
310 3073 344 3134 in
363 3071 459 3135 caelo
475 3074 580 3135 etiam
596 3083 650 3135 est
667 3072 908 3136 sermocinatio
927 3072 969 3134 de
985 3092 1100 3135 amore
1120 3073 1163 3135 ab
1179 3094 1268 3136 uxo·

147 3165 249 3241 ribus,
264 3176 299 3229 et
317 3186 383 3228 non
401 3166 471 3229 tale
487 3167 659 3229 silentium
673 3168 760 3230 sicut
776 3178 830 3231 est
846 3167 936 3247 apud
953 3166 1083 3248 aliquas
1099 3168 1132 3229 in
1149 3169 1266 3246 terris;

147 3261 209 3323 sed
229 3281 348 3323 causas
367 3261 486 3324 harum
505 3262 753 3336 diversitatum,
772 3282 840 3324 non
861 3262 951 3336 licet,
971 3263 1050 3344 quia
1073 3283 1141 3325 non
1165 3263 1266 3326 decet

148 3376 213 3430 me,
235 3355 404 3436 prolerre;
429 3365 465 3419 at
482 3377 587 3438 usque
607 3357 786 3420 videantur
809 3357 852 3420 ab
871 3357 1071 3437 angelorum
1092 3359 1266 3432 uxoribus,

148 3471 234 3533 quae
254 3450 358 3513 libere
378 3451 559 3532 propalant
577 3450 652 3513 illas
672 3453 801 3514 maritis
821 3453 899 3524 suis,
918 3451 1051 3532 prolata
1070 3455 1102 3514 in
1122 3463 1268 3534 quatuor

149 3546 429 3609 Memorabilibus
453 3557 531 3628 post
555 3549 689 3628 capita;
722 3568 741 3610 a
771 3547 877 3611 tribus
906 3548 940 3609 in
963 3547 1051 3621 aula,
1072 3568 1172 3629 super
1201 3570 1268 3631 qua

147 3641 220 3703 visa
236 3651 288 3704 est
306 3640 418 3723 pluvia
434 3661 544 3717 aurea,
559 3652 593 3705 et
611 3663 630 3705 a
646 3654 779 3725 septem
797 3664 882 3724 quae
898 3642 1064 3706 sedebant
1082 3645 1114 3706 in
1131 3656 1266 3721 roseto;

148 3755 233 3818 quae
257 3735 493 3800 Memorabilia
515 3735 664 3801 addud'ta
687 3749 777 3812 sunt,
803 3738 847 3801 ob
870 3737 982 3813 finem,
1008 3748 1044 3801 ut
1072 3740 1267 3819 aperiantur

148 3831 263 3894 omnia
280 3851 366 3913 quae
384 3833 508 3894 amoris
525 3832 724 3914 conjugialis
740 3843 830 3908 sunt,
848 3833 890 3895 de
910 3854 977 3916 quo
995 3844 1067 3897 tam
1087 3835 1120 3896 in
1139 3854 1266 3915 genere

148 3945 248 4008 quam
267 3927 301 3989 in
320 3927 433 4008 specie
452 3927 506 3990 hic
527 3929 648 4008 agitur.
959 3936 963 3946 '

211 4032 309 4102 259.
342 4018 470 4104 (xxiii.)
504 4020 601 4099 Quod
629 4043 808 4086 causarum
841 4023 1090 4086 accidentalium
1113 4025 1266 4105 frigoris

148 4124 271 4196 quarto
282 4114 329 4178 sit
337 4115 495 4197 cogitatio
509 4117 581 4179 oiri
593 4117 739 4180 interrita
753 4126 785 4180 et
799 4119 894 4180 noiiu
905 4118 946 4180 de
960 4139 1062 4181 uxore
1073 4119 1163 4200 quod
1174 4119 1263 4194 velit,

146 4217 179 4271 et
189 4208 337 4273 aiitisim
349 4210 503 4292 cogitatio
515 4211 630 4274 uxoris
643 4212 684 4275 de
694 4213 768 4275 viro
780 4213 870 4295 quod
877 4232 940 4275 non
950 4212 1185 4295 velit-Quod
1198 4213 1263 4276 hoc

147 4303 191 4367 sit
214 4323 317 4367 causa
336 4307 503 4369 cessantis
521 4308 645 4369 amoris
668 4309 758 4389 apud
782 4329 919 4383 uxores,
940 4320 975 4373 et
999 4310 1090 4392 quod
1114 4309 1196 4372 illud
1219 4308 1264 4371 sit

147 4417 251 4462 causa
272 4399 405 4494 frigoris
428 4402 518 4483 apud
541 4404 642 4478 viros,
668 4406 873 4484 praeteritur
895 4406 1025 4488 absque
1049 4413 1264 4470 commenta-

1212 4678 1308 4734 A
