2782 5026
146 441 210 524 326
477 451 727 506 vocumrns
749 451 937 505 russeriae

145 626 209 692 nisi
224 627 282 712 qui
297 625 388 711 prius
402 622 529 710 judicio
544 645 608 690 suo
622 624 714 690 stitit
729 624 935 689 munditiem
950 625 1076 691 amoris
1089 619 1225 708 conjugia·

143 722 209 787 lis?
253 721 353 786 Nunc
384 721 463 805 quia
495 719 630 785 absolvi
653 718 805 785 Delicias
831 721 1023 804 sapientiae
1060 722 1102 785 de
1132 720 1227 782 Amore

142 815 338 899 coniugiali,
350 837 398 881 ex
414 815 647 898 intelligentia
661 815 741 879 inde
751 817 922 899 acquisita
938 835 1079 899 possum
1094 815 1230 894 volupta-

143 921 198 977 tes
216 912 260 976 de
279 909 412 975 Amore
430 910 638 974 scortatorio
655 910 861 975 describere.
1236 980 1241 995 ,

205 1021 304 1091 425.
334 1004 397 1088 (ii.)
424 1003 521 1083 Quod
539 1026 635 1069 amor
656 1004 876 1069 scortatorius
898 1004 946 1070 sit
966 1004 1136 1087 oppositus
1156 1002 1242 1068 carniil

141 1099 458 1185 conjugali-Non
470 1100 573 1163 datur
587 1101 621 1162 in
638 1101 799 1163 universo
810 1099 941 1183 aliquid
953 1102 1007 1164 cui
1021 1120 1090 1165 non
1103 1110 1155 1164 est
1166 1093 1248 1162 suum

141 1195 350 1279 oppositum,
380 1214 420 1259 ac
450 1194 613 1277 opposita
639 1213 708 1257 non
735 1205 816 1258 sunt
844 1195 935 1259 inter
961 1215 999 1258 se
1025 1195 1178 1268 relativa,
1201 1166 1256 1247 sel

141 1299 221 1353 sunt
240 1289 433 1353 contraria:
458 1289 604 1353 relativa
622 1297 702 1353 sunt
721 1289 812 1354 inter
827 1290 1017 1355 maximum
1034 1300 1071 1354 et
1091 1279 1264 1352 minimum

140 1383 293 1466 ejusdem
315 1384 374 1459 rei,
399 1384 460 1447 sed
487 1385 662 1448 contraria
683 1395 763 1448 sunt
792 1405 839 1449 ex
862 1364 1271 1468 oppositocontrail1³⁴

140 1489 177 1543 et
200 1478 286 1544 haec
310 1479 400 1543 inter
423 1499 461 1542 se
484 1489 564 1543 sunt
588 1478 746 1554 relativa,
766 1480 855 1544 sicut
879 1480 940 1544 illa
962 1481 1054 1545 inter
1076 1503 1134 1559 se;
1160 1470 1278 1564 quare

139 1574 244 1639 etiam
262 1574 358 1657 ipsae
377 1573 565 1639 relationes
588 1585 669 1639 sunt
687 1576 880 1658 oppositae.
924 1573 1029 1657 Quod
1047 1578 1206 1641 omnibus
1259 1554 1288 1657 ⁸}

139 1669 283 1752 singulis
303 1670 375 1733 sint
398 1690 459 1733 sua
482 1672 656 1752 opposita,
676 1680 776 1753 patet
799 1692 820 1735 a
842 1671 929 1748 luce,
950 1672 1078 1748 calore,
1100 1663 1294 1757 tempoli

138 1765 201 1828 bus
221 1764 350 1839 mundi,
368 1761 615 1842 affed'tionibus,
633 1766 923 1849 perceptionibus,
940 1769 1210 1846 sensationibus,
1271 1739 1302 1802 ὅ

137 1859 291 1943 pluribus
309 1859 395 1923 aliis.
440 1859 544 1924 Lucis
562 1863 762 1943 oppositum
785 1870 840 1925 est
863 1861 989 1944 caligo,
1010 1863 1137 1928 caloris
1156 1851 1302 1948 oppa

139 1955 243 2018 situm
266 1965 320 2019 est
344 1955 459 2037 frigus,
484 1964 678 2038 temporum
702 1956 820 2019 mundi
843 1958 1005 2040 opposita
1028 1969 1110 2022 sunt
1133 1960 1207 2024 dies
1246 1945 1302 2001 ί

138 2069 222 2125 nox,
238 2060 355 2114 aestas
371 2061 406 2114 et
422 2048 553 2128 hiems;
576 2047 792 2116 affec'tionum
810 2053 971 2136 opposita
987 2061 1068 2117 sunt
1086 2056 1214 2137 gaudia
1229 2040 1302 2111 l

138 2141 324 2219 Inclusas
355 2143 510 2208 laetitiae
533 2154 569 2208 et
601 2146 787 2225 tristitiae;
818 2149 1081 2230 perceptionum
1106 2131 1302 2233 opposiss

137 2250 218 2304 sunt
233 2239 324 2303 bona
340 2249 376 2304 et
393 2239 496 2314 mala,
511 2258 550 2303 ac
568 2259 649 2302 vera
664 2249 700 2303 et
715 2240 822 2319 falsa3
846 2251 882 2305 et
898 2243 1138 2308 sensationum
1156 2235 1302 2329 opp&

137 2335 205 2399 sita
226 2343 307 2399 sunt
326 2332 476 2416 jucunda
500 2342 536 2398 et
567 2332 759 2416 injucunda.
804 2335 889 2400 Inde
912 2337 946 2399 in
970 2339 1063 2401 omni
1087 2331 1269 2405 evidente‘
1282 2341 1302 2377 ³

136 2429 297 2494 concludi
320 2439 449 2511 potest,
474 2430 565 2511 quod
588 2430 696 2493 amori
718 2430 903 2513 conjugiali
930 2431 975 2495 sit
998 2453 1098 2496 suum
1122 2428 1272 2518 oppos?
1300 2447 1302 2452 '

136 2535 221 2589 turn.
258 2523 359 2606 Quod
376 2524 442 2588 hoc
457 2525 502 2587 sit
515 2524 732 2600 adulterium,
743 2527 972 2609 unusquisque
985 2538 1119 2610 potest,
1132 2531 1161 2593 si
1178 2530 1302 2621 vuhff¹

135 2640 182 2683 ex
206 2620 362 2683 omnibus
386 2639 490 2683 sanae
513 2620 657 2683 rationis
675 2617 916 2685 diciaminibus
935 2622 1072 2686 videre:
1098 2625 1218 2702 dicite,
1239 2648 1261 2690 s
1275 2626 1302 2679 1

135 2714 294 2797 potestis
308 2714 389 2797 quid
409 2714 500 2777 aliud
514 2713 585 2795 ejus
597 2716 796 2796 oppositum
809 2725 874 2779 est.
919 2714 1084 2792 Accedit,
1099 2722 1299 2801 quonian’t

133 2830 220 2872 sana
239 2811 328 2873 ratio
350 2830 396 2872 ex
420 2830 481 2872 sua
501 2809 576 2872 luce
600 2809 665 2873 hoc
685 2811 867 2874 manifeste
885 2811 1002 2874 videre
1022 2815 1150 2894 potuit,
1172 2816 1279 2893 ideo,

134 2905 194 2969 illa
209 2907 357 2968 sancivit
376 2905 482 2985 leges,
494 2926 582 2987 quae
600 2916 770 2968 vocantur
782 2905 936 2987 justitiae
952 2906 1083 2982 civiles,
1099 2929 1164 2990 pro
1180 2931 1279 2976 cont

130 3001 244 3084 jugiis,
268 3010 305 3063 et
328 3009 449 3062 contra
473 3000 653 3064 adulteria.
709 3000 760 3064 Ut
782 3000 893 3064 adhuc
917 3005 1117 3067 exstantius
1140 3017 1267 3088 pateat

133 3096 225 3179 quod
248 3094 410 3177 opposita
433 3095 513 3169 sint,
538 3094 619 3159 licet
643 3095 766 3158 relerre
789 3095 881 3177 quod
911 3098 1046 3179 saepius
1070 3099 1105 3162 in
1131 3104 1265 3168 mundo

133 3191 300 3274 spirituali
318 3190 399 3253 vidi.
440 3187 590 3270 Quando
609 3190 658 3253 illi
674 3192 730 3272 qui
747 3191 781 3253 in
799 3190 927 3254 mundo
944 3193 1096 3256 naturali
1111 3216 1160 3259 ex
1176 3217 1260 3262 con·

132 3284 267 3348 firmato
279 3284 425 3348 adulteri
441 3284 588 3358 suerunt,
601 3287 793 3368 percipiunt
806 3286 986 3368 sphaeram
1000 3291 1128 3353 amoris
1140 3293 1259 3375 conJu·

131 3378 232 3462 gialis
245 3379 453 3443 defluentem
467 3400 485 3442 e
499 3378 609 3453 caelo,
621 3377 773 3444 adiutum
787 3380 842 3443 vel
855 3381 1033 3463 aufugiunt
1045 3383 1078 3445 in
1092 3404 1259 3451 cavernas

131 3486 167 3538 et
184 3495 221 3537 se
237 3475 466 3549 abscondunt,
484 3474 539 3537 vel
556 3475 584 3537 si
601 3475 781 3539 obstinant
798 3496 835 3539 se
850 3486 972 3540 contra
988 3476 1094 3552 illam,
1112 3501 1258 3546 exacer-

131 3569 257 3633 bantur
268 3570 391 3644 surore,
409 3578 446 3634 et
465 3569 550 3634 fiunt
568 3571 656 3634 sicut
671 3570 785 3634 suriae.
831 3568 934 3651 Quod
950 3572 1000 3635 ita
1015 3571 1086 3647 liat,
1105 3585 1160 3638 est
1180 3577 1258 3659 quia

131 3666 246 3728 omnia
256 3664 474 3729 affectionum
485 3666 637 3747 jucunda
654 3675 690 3729 et
706 3665 889 3746 injucunda
902 3668 1136 3749 percipiuntur
1148 3670 1206 3746 ibi,
1220 3681 1257 3736 et

130 3760 335 3843 quandoque
348 3770 419 3824 tam
433 3761 525 3824 clare
536 3762 625 3824 sicut
636 3761 722 3824 odor
731 3762 919 3843 percipitur
931 3760 1068 3838 olfactu,
1079 3784 1150 3828 non
1163 3768 1256 3832 enim

130 3864 184 3919 est
197 3854 264 3918 illis
278 3855 456 3918 materiale
469 3874 592 3937 corpus
604 3855 695 3937 quod
709 3855 793 3918 talia
805 3855 978 3920 absorbet.
1020 3855 1123 3938 Quod
1137 3868 1256 3925 autent

130 3950 306 4032 oppositio
322 3951 446 4013 amoris
462 3951 659 4014 scortatorii
679 3959 715 4014 et
735 3951 861 4014 amoris
876 3951 1078 4033 conjugialis
1096 3973 1117 4016 a
1136 3955 1256 4020 multis

129 4046 163 4108 in
184 4045 312 4108 mundo
331 4045 479 4109 naturali
497 4046 686 4127 ignoretur,
707 4053 762 4109 est
781 4065 826 4108 ex
846 4043 1004 4126 jucundis
1023 4049 1147 4124 carnis,
1167 4070 1257 4132 quae

128 4150 336 4222 apparenter
354 4139 570 4204 aemulantur
589 4139 739 4221 jucunda
758 4142 883 4204 amoris
906 4140 1109 4224 conjugialis
1133 4145 1166 4208 in
1191 4166 1257 4209 ex·

130 4236 259 4308 tremis,
277 4245 312 4299 et
333 4236 381 4299 illi
400 4236 507 4319 quiin
526 4235 609 4298 solis
624 4235 785 4317 jucundis
802 4246 894 4311 sunt,
912 4255 980 4300 non
996 4239 1109 4302 sciunt
1127 4239 1257 4323 aliquid

129 4330 173 4391 de
192 4332 409 4411 oppositione
429 4331 507 4394 illa:
532 4350 571 4393 ac
593 4349 733 4412 possum
752 4341 943 4407 autumare,
962 4333 1054 4414 quod
1078 4335 1106 4397 si
1125 4336 1258 4400 dixeris

129 4425 220 4508 quod
251 4425 429 4509 unicuique
459 4427 508 4490 rei
541 4427 585 4490 sit
616 4444 714 4490 suum
743 4427 952 4511 oppositum,
975 4437 1013 4492 et
1043 4431 1257 4497 concluseris
