2782 5026
196 425 262 492 410
502 420 554 473 DE
576 419 711 472 AMORE
733 415 1016 471 SCORTATORIO.

196 590 410 664 jucunditates,
423 605 500 662 quae
513 605 638 662 usquam
651 588 780 644 conferri
794 599 919 660 possunt
933 604 951 643 a
967 586 1118 650 Domino:
1136 597 1171 644 et
1183 589 1268 659 quod
1283 605 1327 646 re-

196 671 385 742 ceptaculum
406 670 522 724 illarum
540 669 580 725 sit
598 685 684 725 amor
701 684 770 724 vere
785 668 971 740 coniugialia.
987 668 1040 739 qui
1058 670 1098 723 ad
1118 669 1245 739 plenum
1260 685 1325 725 sen·

197 766 265 807 sum
279 761 381 821 potest
394 751 459 805 illas
471 749 603 819 recipere
614 747 849 819 et·percipere?”

252 829 415 901 Respondi,
428 829 510 900 quod
530 828 588 883 hoc
606 844 668 883 non
686 829 790 891 sciant,
803 827 874 898 quia
891 843 952 882 non
969 826 1131 882 adiverunt
1147 826 1321 888 Dominum,

196 918 229 965 et
241 910 381 965 vixerunt
393 908 559 964 secundum
573 919 732 978 praecepta
746 907 843 978 Ipsius
855 906 999 978 fugiendo
1012 906 1091 961 mala
1101 916 1134 961 ut
1147 919 1281 977 peccata
1291 919 1319 962 et

197 987 337 1044 iaciendo
351 990 446 1051 bona;
464 998 496 1042 et
510 1003 595 1042 amor
606 1002 675 1042 vere
691 986 869 1058 coniugialia
883 1002 952 1041 cunr
968 986 1031 1041 suis
1043 986 1162 1042 deliciis
1175 988 1264 1042 unice
1276 998 1318 1042 est

196 1084 215 1123 a
231 1067 371 1130 Domino,
384 1078 415 1122 et
430 1068 519 1122 datur
532 1066 590 1121 illis
605 1065 656 1136 qui
671 1066 778 1120 vivunt
792 1066 959 1121 secundum
973 1077 1133 1136 praecepta
1147 1065 1261 1137 Ipsius:
1279 1067 1317 1122 ita

196 1148 279 1219 quod
295 1147 385 1202 detur
397 1147 463 1203 illis.
479 1147 529 1216 qui
546 1145 732 1215 recipiuntur
750 1145 780 1199 in
796 1161 905 1200 novam
922 1144 1046 1199 Domini
1061 1146 1229 1210 ecclesiam,
1244 1162 1314 1217 quae

197 1227 227 1281 in
235 1227 414 1297 Apocalypsi
423 1242 477 1295 per
485 1234 501 1255 ⁴·
509 1225 626 1280 Novam
639 1225 879 1296 Hierosolymam
890 1225 905 1244 ”
914 1225 1098 1296 intelligitur.
1137 1224 1196 1281 His
1208 1227 1312 1288 addidi

196 1306 279 1376 quod
298 1305 328 1360 in
348 1305 441 1359 dubio
456 1305 522 1366 sim.
536 1321 608 1359 num
622 1305 718 1360 velint
737 1305 767 1359 in
786 1304 900 1358 mundo
918 1303 1010 1359 hodie
1024 1304 1156 1367 credere,
1169 1308 1249 1376 quod
1269 1307 1312 1361 ille

195 1400 281 1439 amor
299 1385 330 1438 in
349 1400 381 1439 se
399 1384 439 1439 sit
451 1400 538 1439 amor
549 1384 719 1454 spiritualis.
733 1394 764 1439 et
783 1384 853 1438 inde
870 1399 908 1439 ex
925 1383 1077 1456 religione,
1090 1400 1129 1439 ex
1146 1401 1239 1440 causa
1250 1386 1312 1456 quia

196 1463 236 1519 de
248 1463 302 1518 illo
314 1462 419 1518 iovent
432 1463 525 1518 modo
538 1463 637 1517 ideam
650 1479 834 1534 corpoream.

250 1543 336 1599 Tunc
351 1543 492 1597 dixerunt
506 1542 544 1597 ad
561 1559 617 1604 me,
634 1542 761 1597 “Scribe
775 1543 814 1596 de
831 1542 890 1603 illo,
905 1550 937 1596 et
954 1557 1080 1613 sequere
1095 1543 1309 1603 revelationem.

196 1632 228 1678 et
240 1632 347 1694 postea
359 1623 434 1677 liber
445 1623 484 1677 de
499 1622 551 1678 illo
563 1622 691 1694 scriptus
704 1622 879 1678 demittetur
891 1638 911 1677 a
924 1623 1011 1677 nobis
1024 1624 1144 1684 ecaelo.
1158 1634 1190 1679 et
1204 1625 1309 1680 videbi·

196 1717 265 1757 mus
274 1718 346 1756 num
356 1700 540 1771 recipiantur
549 1702 686 1773 illaquae
696 1702 769 1757 inibi
779 1712 866 1763 sunt:
884 1712 915 1756 et
924 1701 1011 1756 simul
1022 1718 1094 1756 num
1104 1703 1202 1758 velint
1212 1720 1310 1775 agnos·

196 1795 271 1843 cere.
284 1781 366 1852 quod
382 1781 432 1836 ille
444 1797 530 1836 amor
544 1781 585 1836 sit
596 1783 762 1837 secundum
775 1781 948 1852 religionem
961 1782 1041 1851 apud
1055 1781 1221 1845 hominem,
1234 1784 1309 1854 spiri-

196 1861 286 1915 tualis
307 1861 387 1931 apud
408 1860 587 1931 spirituales,
604 1861 748 1916 naturalis
766 1861 846 1932 apud
864 1860 1022 1923 naturales.
1037 1872 1070 1916 et
1088 1878 1171 1917 mere
1191 1863 1309 1918 carnalis

196 1940 278 2010 apud
291 1939 472 1995 adulteros.”

249 2031 339 2092 533.
365 2019 441 2076 Post
453 2021 528 2076 haec
536 2020 637 2075 audivi
649 2020 791 2076 iniestum
802 2036 936 2075 murmur
947 2036 984 2076 ex
997 2019 1107 2084 inieris,
1117 2031 1150 2079 et
1161 2022 1250 2081 simul
1262 2023 1309 2078 has
1351 2092 1354 2097 Α

196 2113 295 2161 voces,
310 2107 326 2129 ‘⁶
336 2099 396 2154 Fac
411 2100 556 2154 miracula
567 2109 598 2155 et
610 2101 796 2155 credemus.”

252 2177 291 2233 Et
303 2178 445 2249 quaesivi.
457 2187 473 2208 “
485 2178 605 2234 Numne
619 2180 669 2234 illa
680 2190 753 2235 sunt
765 2180 908 2235 miracula
915 2178 946 2236 ?”

252 2256 291 2312 Et
303 2275 481 2328 responsum
495 2269 550 2319 est,
565 2256 661 2314 “Non
674 2259 773 2314 sunt.”

252 2337 290 2391 Et
302 2337 445 2408 quaesivi,
459 2337 568 2410 “Quae
582 2354 654 2409 ergo
667 2338 810 2392 miracula
818 2336 848 2393 Ρ·

252 2414 290 2470 Et
303 2414 416 2471 dicium
429 2428 484 2478 est,
495 2417 682 2472 “Manifesta
693 2428 724 2472 et
737 2418 836 2472 revela
848 2416 956 2478 lutura,
966 2427 997 2472 et
1010 2416 1100 2471 fidem
1114 2417 1312 2474 habebimus.''

251 2494 311 2551 Sed
322 2497 471 2566 respondi,
482 2504 498 2526 ⁴⁸
507 2497 592 2551 Talia
600 2513 617 2551 e
626 2497 712 2551 caelo
721 2513 781 2551 non
791 2497 908 2557 dantur.
917 2496 1058 2566 quoniam
1068 2508 1215 2567 quantum
1227 2498 1313 2552 homo

196 2574 255 2631 scit
270 2573 378 2638 lutura.
394 2586 512 2630 tantum
527 2576 593 2646 ejus
609 2577 732 2631 ratioet
748 2574 916 2630 inte11eetus
931 2592 998 2630 curn
1015 2577 1176 2647 prudentia
1191 2590 1223 2632 et
1240 2578 1314 2648 sapi·

197 2655 288 2715 entia.
301 2656 383 2710 cadit
396 2655 426 2709 in
439 2656 545 2716 otium,
558 2665 668 2726 torpet,
681 2667 712 2710 et
725 2655 947 2711 labefactatur?

252 2734 290 2789 Et
303 2734 410 2789 iterum
427 2735 570 2806 quaesivi,
584 2743 600 2764 ‘⁸
609 2735 694 2807 Quae
706 2735 766 2790 alia
778 2736 920 2790 miracula
932 2734 1037 2788 faciam
1047 2733 1078 2788 ?”

253 2814 291 2869 Et
303 2824 377 2868 tunc
389 2815 553 2869 clamatum
564 2825 619 2876 est,
633 2822 649 2843 “
659 2814 718 2869 Pac
731 2815 840 2870 similia
851 2831 929 2884 quae
944 2815 1045 2869 Moses
1058 2815 1088 2867 in
1102 2813 1274 2886 Aegypto.”

251 2893 300 2948 Ad
323 2894 382 2948 hoc
398 2893 548 2964 respondi,
565 2893 680 2949 “Forte
701 2895 739 2949 ad
763 2895 812 2948 illa
829 2893 1003 2949 obduraturi
1018 2894 1091 2949 estis
1109 2896 1203 2949 corda
1217 2905 1317 2950 vestra

196 2972 276 3029 sicut
290 2972 407 3028 Pharao
420 2984 450 3027 et
461 2972 630 3044 Aegyptii.”

254 3052 291 3107 Et
304 3068 481 3122 responsum
495 3063 550 3113 est.
564 3052 646 3123 quod
660 3068 730 3106 non.

251 3130 294 3185 Ar
305 3131 413 3185 iterum
423 3132 493 3194 dixi,
507 3140 523 3161 ‘⁴
531 3133 710 3187 Asseverate
722 3131 804 3192 mihi,
818 3131 898 3201 quod
913 3146 972 3185 non
982 3131 1116 3185 saltaturi
1127 3131 1195 3186 sitis
1204 3132 1317 3187 circum

196 3210 324 3265 vitulum
338 3227 470 3273 aureum,
486 3222 517 3265 et
536 3212 688 3266 adoraturi
703 3211 785 3264 illum
801 3211 878 3265 sicut
894 3211 1005 3280 posteri
1017 3210 1130 3282 Jicobi,
1144 3213 1226 3281 quod
1240 3211 1318 3266 lece-

197 3299 268 3344 runt
279 3306 297 3344 a
308 3291 419 3344 mensis
428 3291 527 3360 spatio
536 3301 694 3360 postquam
705 3291 846 3344 viderunt
858 3300 956 3344 totum
968 3291 1101 3344 Montem
1113 3289 1196 3344 Sinai
1209 3291 1318 3344 arden·

197 3381 268 3431 tem.
287 3379 319 3423 et
337 3369 516 3423 audiverunt
533 3369 634 3440 Ipsum
653 3369 799 3441 Jehovam
817 3385 854 3423 ex
880 3369 947 3440 igne
966 3369 1155 3439 loquentem:
1184 3370 1227 3424 ita
1246 3380 1319 3440 post

198 3448 383 3509 miraculum,
399 3449 480 3518 quod
503 3460 567 3503 erat
589 3449 724 3503 omnium
747 3448 937 3503 maximum.”
973 3448 1117 3503 “Vitulus
1138 3449 1272 3504 aureus''
1287 3450 1316 3503 in

196 3528 345 3600 spirituali
358 3544 447 3582 sensu
461 3538 507 3582 est
520 3529 660 3598 voluptas
672 3528 778 3583 carnis.

252 3607 290 3662 Et
303 3623 478 3677 responsum
493 3617 540 3662 est
554 3624 591 3662 ex
605 3607 715 3668 inieris,
729 3606 824 3661 “Non
838 3607 948 3661 erimus
961 3606 1038 3660 sicut
1051 3607 1163 3675 posteri
1174 3607 1311 3679 Jacobi.”

251 3687 293 3740 At
302 3697 375 3740 tunc
384 3687 485 3741 audivi
496 3688 580 3741 hoce
590 3687 674 3740 caelo
685 3687 742 3741 illis
753 3685 867 3740 diilum
878 3703 884 3740 :
899 3694 914 3715 ‘⁴
923 3685 953 3740 Si
965 3702 1024 3739 non
1034 3686 1157 3740 creditis
1168 3687 1275 3741 Mosen
1287 3698 1320 3742 et

199 3763 375 3836 Prophetas.
389 3767 447 3821 hoc
459 3777 514 3828 est,
528 3765 661 3821 Verbum
677 3766 808 3827 Domini,
821 3782 881 3820 non
894 3765 1023 3819 credetis
1035 3781 1072 3819 ex
1085 3765 1237 3821 miraculis
1251 3768 1320 3838 plus

196 3861 287 3917 quarn
298 3846 350 3899 lilii
360 3847 464 3918 Jacobi
475 3847 504 3900 in
513 3848 647 3908 deserto;
658 3863 732 3900 neve
742 3847 808 3916 plus
816 3863 904 3915 quam
914 3845 1161 3907 illicrediderunt,
1173 3847 1245 3901 dum
1256 3848 1320 3903 suis

197 3925 440 3981 oculisviderunt
449 3926 636 3981 miraculaab
646 3927 716 3998 Ipso
726 3925 866 3989 Domino,
874 3926 945 3980 dum
952 3924 1009 3979 luit
1017 3923 1046 3979 in
1054 3924 1177 3988 mundo,
1185 3923 1293 3982 faiial'
