2782 5026
144 434 185 502 50
487 432 670 484 DELICIAE
693 433 923 485 SAPIENTIAB

140 603 212 667 sive
228 623 317 667 non:
341 602 368 666 si
384 600 604 685 conjugiales‚
619 602 723 681 fiunt;
747 604 775 667 si
791 624 870 679 non,
884 603 1037 668 feruntur
1051 603 1096 668 ad
1112 604 1252 670 caelibes

139 720 161 761 a
190 699 300 762 latere
329 697 437 777 caeli;
471 709 508 762 at
530 701 586 781 qui
610 709 856 764 aestuaverunt
878 701 1081 764 inconcessa
1109 701 1252 776 libidine,

140 792 353 874 dejiciuntur.
400 807 426 874 5.
452 791 554 874 Quod
573 794 722 857 caelibes
742 797 810 858 sint
828 816 849 857 a
868 794 976 859 latere
995 794 1093 869 caeli,
1109 805 1166 859 est
1184 797 1255 879 quia

139 887 285 969 sphaera
301 890 457 970 perpetui
473 888 663 953 caelibatus
679 890 820 952 infestat
836 889 1017 972 sphaeram
1034 892 1162 954 amoris
1177 910 1255 955 con·

135 982 283 1065 jugialis,
297 1003 384 1063 quae
401 993 456 1046 est
472 984 546 1065 ipsa
561 984 707 1065 sphaera
719 982 816 1047 caeli.
859 983 960 1064 Quod
974 984 1121 1066 sphaera
1136 987 1256 1049 amoris

138 1076 341 1158 conjugialis
364 1079 408 1140 sit
436 1078 510 1159 ipsa
533 1077 679 1160 sphaera
707 1077 805 1152 caeli,
829 1089 884 1143 est
906 1080 985 1163 quia
1007 1080 1192 1145 descendit
1213 1101 1256 1144 ex

137 1173 282 1237 caelesti
300 1171 460 1254 conjugio
479 1173 619 1236 Domini
638 1183 674 1237 et
693 1173 882 1238 Ecclesiae.
1257 1244 1262 1283 1

136 1418 210 1490 55.
240 1403 305 1468 His
323 1402 480 1486 adjiciam
497 1405 564 1468 duo
583 1405 844 1485 Memorabilia;
868 1405 1013 1488 primum
1036 1405 1104 1471 hoc
1117 1426 1172 1472 :—

190 1544 352 1618 Quondam
374 1562 391 1602 e
415 1546 500 1601 caelo
518 1546 654 1601 auditum
677 1557 723 1602 est
745 1547 954 1602 suavissimum
974 1548 1086 1633 melps3
1111 1559 1198 1604 erant
1219 1549 1257 1603 ibi

137 1641 245 1680 uxores
257 1641 325 1680 cum
339 1625 513 1697 virginibus,
523 1643 599 1697 quae
612 1626 812 1681 concinebant
824 1627 1024 1689 cantilenam:
1043 1628 1178 1683 suavitas
1192 1644 1258 1682 can·

136 1705 229 1760 tionis
253 1716 317 1759 erat
342 1705 420 1760 sicut
444 1703 565 1760 affectio
589 1706 744 1776 cujusdam
770 1705 880 1760 amoris
902 1705 1075 1761 harmonice
1099 1708 1257 1778 profluens.

137 1785 251 1841 Cantus
264 1786 408 1840 caelestes
418 1801 473 1839 nec
485 1785 565 1838 aliud
580 1795 650 1838 sunt
663 1801 752 1855 quarn
766 1783 940 1840 affectiones
953 1801 1090 1847 sonorae,
1104 1803 1159 1841 seu
1169 1802 1256 1857 quam

136 1864 311 1919 affectiones
331 1865 414 1919 sonis
435 1880 591 1934 expressae
610 1875 641 1918 et
660 1864 857 1926 modificatae,
871 1881 940 1918 nam
960 1864 1038 1919 sicut
1056 1865 1258 1936 cogitationes

135 1945 344 2014 exprimuntur
351 1961 404 2014 per
411 1945 552 2015 loquelas,
564 1945 606 1998 ita
614 1943 788 2000 affetiiones
798 1961 851 2015 per
859 1956 981 2006 cantus;
996 1945 1095 2015 angeli
1105 1962 1143 2000 ex
1154 1946 1259 2001 modu·

137 2024 258 2079 lationis
270 2024 444 2095 symmetria
456 2034 487 2078 et
501 2024 680 2093 profluentia
693 2024 861 2094 percipiunt
875 2041 936 2078 rem
949 2021 1127 2080 affectionis.

190 2104 282 2159 Erant
301 2115 375 2158 ωηο
395 2102 481 2157 multi
501 2103 623 2172 spiritus
643 2103 755 2157 circum
775 2120 830 2165 me,
846 2114 876 2158 et
895 2103 995 2157 audivi
1014 2120 1052 2158 ex
1066 2104 1258 2174 quibusdam,

134 2184 216 2255 quod
239 2184 378 2238 audirent
400 2183 609 2238 suavissimum
632 2183 705 2237 illud
728 2183 831 2245 melos,
852 2193 884 2237 et
905 2183 988 2253 quod
1012 2183 1042 2236 id
1064 2193 1146 2238 esset
1165 2185 1259 2243 melos

134 2264 289 2333 cujusdam
301 2263 436 2318 amabilis
446 2262 621 2324 aflediionis
632 2264 717 2333 cujus
728 2279 790 2316 rem
801 2263 965 2316 nescirent:
979 2277 1071 2332 quare
1081 2262 1259 2318 divinabant

133 2343 222 2406 varia,
233 2343 284 2398 sed
300 2343 465 2406 incassum
484 2342 659 2397 divinabant
668 2343 750 2413 quod
761 2342 862 2396 cantio
872 2342 923 2396 illa
932 2342 1115 2412 exprimeret
1125 2342 1259 2397 affectio

133 2439 202 2477 nem
226 2422 328 2492 sponsi
350 2433 381 2476 et
403 2437 531 2492 sponsae
553 2438 621 2476 cum
643 2433 793 2493 pangunt:
819 2421 941 2492 quidam
963 2421 1044 2493 quod
1065 2420 1258 2477 aliedlionem

133 2503 235 2572 sponsi
249 2512 279 2557 et
292 2518 419 2572 sponsae
435 2517 504 2556 cum
525 2502 638 2556 intrant
655 2503 693 2557 ad
713 2501 850 2572 nuptias:
868 2513 900 2557 et
914 2502 1036 2572 quidam
1052 2502 1136 2573 quod
1156 2503 1258 2573 primi·

133 2582 228 2636 tivum
243 2598 375 2636 amorem
389 2581 487 2635 mariti
501 2591 532 2636 et
545 2582 655 2637 uxoris.

186 2662 228 2717 At
244 2672 316 2715 tunc
332 2661 362 2714 in
382 2661 483 2714 medio
499 2660 617 2714 illorum
633 2660 771 2730 apparuit
786 2660 909 2732 angelus
924 2676 941 2715 e
956 2660 1047 2723 caelo,
1060 2670 1093 2715 et
1109 2659 1258 2725 illedixit,

132 2741 213 2812 quod
226 2750 368 2794 canerent
381 2756 514 2794 amorem
528 2755 616 2794 sexus
629 2750 753 2795 castum.

186 2819 228 2874 At
241 2820 469 2873 circumstantes
482 2820 673 2889 quaerebant,
686 2820 757 2890 quid
771 2835 857 2873 amor
867 2835 957 2874 sexus
969 2828 1077 2874 castus.

186 2898 224 2952 Et
237 2897 313 2951 dixit
329 2898 461 2968 angelus,
474 2899 555 2969 quod
569 2899 608 2952 sit
623 2914 708 2952 amor
722 2899 778 2952 viri
793 2899 831 2952 ad
847 2899 992 2969 virginem
1007 2908 1059 2952 aut
1074 2898 1114 2952 ad
1129 2914 1257 2954 uxorem

132 2977 286 3047 pulchram
303 2976 399 3031 forma
414 2988 444 3031 et
463 2979 603 3032 decoram
620 2979 761 3041 moribus,
778 2978 918 3032 immunis
934 2978 972 3033 ab
986 2977 1068 3032 omni
1086 2977 1155 3033 idea
1170 2979 1258 3035 lasci-

131 3057 207 3118 viae,
220 3067 251 3110 et
263 3056 413 3119 vicissim
435 3056 481 3110 his
495 3055 582 3111 ditiis
595 3056 719 3128 angelus
734 3058 864 3112 evanuit.

186 3135 399 3190 Perseverabat
409 3147 529 3199 cantus;
548 3146 580 3192 et
592 3147 665 3191 tunc
677 3137 748 3208 quia
760 3137 894 3191 sciebant
906 3153 968 3191 rem
982 3133 1151 3191 alietiionis
1164 3153 1256 3208 quam

130 3215 325 3286 exprimebat,
336 3215 498 3270 audiebant
509 3215 591 3269 illum
602 3232 670 3270 cum
682 3217 775 3270 multa
784 3216 936 3276 varietate.
946 3216 1075 3286 quisque
1084 3218 1255 3272 secundum

130 3306 242 3349 statum
256 3294 301 3349 sui
315 3296 440 3358 amoris:
461 3296 503 3350 illi
515 3295 566 3366 qui
580 3305 662 3351 caste
674 3293 850 3365 spectabant
864 3295 996 3356 feminas.
1007 3295 1173 3350 audiebant
1186 3312 1256 3351 can·

129 3384 194 3429 turn
211 3375 294 3428 illurn
307 3384 341 3429 ut
351 3375 580 3445 symphonicum
591 3386 623 3430 et
632 3391 753 3430 suavem
764 3393 770 3438 ;
787 3376 828 3429 illi
839 3386 939 3430 autern
950 3374 1001 3446 qui
1013 3374 1126 3429 incaste
1137 3374 1255 3446 spedla·

130 3454 203 3508 bant
216 3453 351 3516 feminas,
365 3455 526 3509 audiebant
540 3455 622 3509 illum
636 3456 714 3509 sicut
727 3455 980 3510 disharmonicum
994 3464 1026 3509 et
1039 3465 1206 3517 maestum:
1225 3467 1256 3511 et

131 3532 174 3587 illi
189 3534 241 3604 qui
256 3533 411 3590 fastidiose
427 3533 603 3605 spectabant
618 3534 753 3597 feminas,
768 3535 931 3590 audiebant
946 3534 1029 3588 illum
1045 3533 1125 3588 sicut
1140 3534 1253 3590 discor·

129 3614 199 3669 dem
213 3623 244 3668 et
258 3630 389 3670 raucum.

183 3694 225 3748 At
242 3694 343 3748 subito
358 3704 432 3749 tunc
451 3695 581 3764 planum,
598 3709 688 3763 super
702 3708 764 3763 quo
782 3694 909 3757 stabant,
926 3693 1099 3748 mutabatur
1118 3692 1148 3748 in
1169 3693 1254 3749 thea-

128 3781 217 3832 trum.
232 3783 263 3827 et
276 3774 453 3827 audiebatur
465 3790 532 3835 vox,
546 3781 562 3802 “
571 3773 723 3828 Ventilate
737 3772 817 3826 hunc
829 3773 989 3827 amorem.”

183 3852 230 3907 Αο
251 3853 352 3906 subito
370 3854 496 3907 aderant
516 3852 639 3923 spiritus
660 3868 696 3906 ex
717 3852 807 3906 variis
829 3852 1031 3914 societatibus,
1047 3860 1078 3905 et
1101 3850 1132 3906 in
1151 3853 1255 3908 medio

129 3932 247 3988 illorum
263 3932 354 4003 aliqui
371 3932 468 4003 angeli
486 3933 515 3985 in
531 3933 615 3994 albo;
634 3943 665 3986 et
680 3932 711 3986 hi
730 3942 805 3986 tunc
823 3933 915 3986 locuti
935 3932 1091 3986 dicebant:
1110 3931 1203 3988 “Nos
1223 3932 1253 3986 in

128 4012 243 4066 mundo
263 4012 322 4065 hoc
342 4012 489 4080 spirituali
510 4011 720 4081 inquisivimus
741 4013 771 4065 in
792 4028 897 4066 omnes
916 4011 1031 4082 species
1050 4011 1171 4073 amoris,
1191 4028 1254 4067 non

129 4093 221 4146 modo
237 4091 267 4145 in
283 4107 416 4145 amorem
432 4091 486 4146 viri
502 4107 573 4162 erga
588 4091 694 4154 virum,
709 4108 744 4146 ac
760 4091 889 4146 feminae
904 4107 976 4162 erga
990 4090 1151 4153 feminam3
1170 4108 1206 4146 ac
1222 4092 1253 4146 in

127 4186 261 4226 amorem
275 4171 459 4239 reciprocum
471 4171 569 4224 mariti
583 4182 614 4224 et
627 4170 744 4234 uxoris;
763 4171 916 4225 sedetiam
931 4170 961 4224 in
971 4186 1103 4224 amorem
1114 4170 1171 4225 viri
1181 4187 1255 4244 erga

128 4249 262 4313 feminas,
276 4261 307 4304 et
320 4249 448 4304 leminae
461 4266 532 4321 erga
546 4250 641 4312 viros:
661 4261 692 4304 et
705 4251 809 4304 datum
822 4260 869 4305 est
882 4249 967 4304 nobis
980 4250 1161 4319 pertransire
1175 4252 1253 4307 soci·

129 4339 232 4392 etates,
254 4340 284 4384 et
306 4329 468 4398 explorare,
491 4340 523 4384 et
544 4331 679 4383 nondum
706 4329 875 4384 invenimus
899 4345 1089 4384 communem
1116 4347 1253 4388 amorem

128 4423 216 4465 sexus
231 4419 348 4464 castum
364 4408 421 4464 nisi
436 4425 526 4481 quam
542 4409 622 4480 apud
639 4409 706 4464 illos
718 4410 769 4481 qui
785 4424 822 4463 ex
836 4424 938 4464 amore
953 4425 1023 4465 vere
1038 4410 1204 4483 conjugiali
1221 4414 1251 4468 in
