2850 5026
408 434 458 484 oe
481 433 957 500 uuonacouJuo1un1.-u.
980 433 1027 500 54.
1233 437 1277 502 49

158 605 322 689 angelus;
360 626 462 689 quare
492 627 553 690 per
581 605 811 688 conjugialem
842 606 1032 670 unitionem
1062 625 1099 669 se
1130 603 1275 687 implent

156 702 317 778 humano,
338 702 429 785 quod
448 711 501 766 est
520 701 611 766 velle
625 722 761 784 sapere,
781 722 821 765 ac
841 721 956 765 amare
975 701 1009 764 id
1028 701 1119 784 quod
1138 701 1275 784 sapien·

156 798 225 864 tiae
242 808 309 861 est.

217 907 288 975 53.
317 889 416 974 (viii.)
442 891 540 970 Quod
546 891 597 955 ita
599 891 671 974 fiat
681 891 752 954 illis
763 889 825 973 qui
832 890 967 954 oemunt
978 890 1012 953 in
1024 890 1159 964 caelum,
1173 889 1275 953 aliter

155 1007 232 1052 vero
249 985 319 1049 illis
337 987 398 1068 qui
416 985 451 1049 in
469 985 792 1067 infimum—Quod
817 996 896 1068 post
916 996 1063 1050 mortem
1083 987 1184 1049 detur
1201 986 1275 1049 viro

156 1102 243 1146 uxor
268 1082 487 1156 conveniens,
511 1091 548 1146 et
576 1082 674 1145 uxori
701 1082 842 1145 maritus
869 1081 1035 1156 similiter,
1060 1091 1096 1144 et
1123 1081 1213 1163 quod
1239 1079 1275 1142 hi

155 1177 306 1240 fruantur
325 1176 507 1240 consortiis
526 1174 683 1256 jucundis
706 1185 742 1240 et
765 1176 886 1249 beatis,
906 1194 1023 1239 verum
1043 1176 1172 1257 absque
1195 1194 1274 1256 pro·

157 1270 343 1334 lificatione
365 1271 432 1333 alia
455 1290 556 1352 quam
580 1270 757 1353 spirituali,
778 1269 1040 1351 intelligendum
1064 1279 1118 1333 est
1142 1270 1185 1332 de
1208 1268 1274 1331 illis

156 1366 209 1447 qui
228 1366 436 1446 recipiuntur
454 1366 487 1427 in
511 1364 643 1428 caelum
662 1375 698 1428 et
722 1363 807 1429 fiunt
830 1364 964 1446 angeli;
989 1385 1092 1429 causa
1111 1375 1175 1437 est,
1196 1365 1275 1446 quia

156 1460 188 1522 hi
210 1459 404 1542 spirituales
427 1469 519 1534 sunt,
540 1469 576 1522 et
606 1458 765 1541 conjugia
795 1460 827 1522 in
852 1480 888 1522 se
911 1468 991 1522 sunt
1018 1459 1216 1542 spiritualia,
1237 1468 1274 1522 et

155 1554 232 1617 inde
262 1552 400 1617 saneta:
433 1564 573 1619 atvero
602 1554 651 1617 illi
678 1555 734 1635 qui
762 1555 797 1617 in
827 1554 994 1617 infernum
1016 1556 1167 1628 veniunt,
1192 1563 1272 1618 sunt

155 1666 273 1712 omnes
289 1649 473 1723 naturales,
490 1656 526 1712 et
540 1647 699 1730 conjugia
714 1667 806 1712 mere
823 1647 991 1711 naturalia
1007 1669 1075 1711 non
1092 1659 1171 1712 sunt
1189 1668 1272 1712 con·

151 1740 252 1824 jugia,
269 1743 330 1806 sed
350 1741 607 1825 conjundtiones
626 1763 713 1825 quae
732 1742 874 1807 trahunt
893 1764 938 1807 ex
958 1743 1096 1806 libidine
1116 1745 1270 1806 incasta:

155 1836 272 1920 quales
294 1836 361 1900 hae
383 1836 640 1917 conjundliones
659 1848 750 1914 sunt,
771 1838 804 1901 in
828 1838 1058 1919 sequentibus,
1080 1839 1136 1900 ubi
1159 1839 1273 1920 agitur

153 1932 195 1995 de
219 1941 319 1996 casto
341 1941 377 1996 et
400 1933 545 2008 incasto,
564 1942 601 1997 et
624 1953 726 2016 porro
755 1932 811 1997 ubi
841 1933 884 1996 de
913 1952 1030 1996 amore
1053 1933 1270 2008 scortatorio,

153 2026 298 2090 dicetur.

214 2135 287 2205 54.
319 2121 394 2197 His,
414 2141 500 2204 quae
519 2120 685 2186 haetenus
704 2123 747 2187 de
766 2132 861 2187 statu
878 2120 1061 2204 conjugum
1080 2132 1160 2205 post
1179 2142 1271 2186 mor-

153 2224 222 2279 tem
240 2226 430 2280 memorata
446 2227 536 2292 sunt,
551 2217 712 2280 addenda
728 2226 808 2281 sunt
823 2218 908 2280 haec
923 2234 1006 2279 2-1.
1030 2216 1132 2297 Quod
1150 2237 1270 2281 omnes

152 2309 199 2373 illi
228 2309 403 2392 conjuges,
431 2312 487 2393 qui
516 2331 609 2376 mere
639 2312 813 2376 naturales
842 2319 931 2385 sunt,
959 2321 1162 2394 separentur
1191 2320 1269 2393 post

152 2415 318 2484 mortem;
342 2416 528 2481 causaest,
552 2408 630 2489 quia
653 2427 749 2471 amor
771 2405 919 2488 conjugii
942 2407 1030 2487 apud
1055 2405 1132 2468 illos
1155 2405 1268 2487 friget,

151 2509 186 2563 et
202 2519 299 2564 amor
314 2501 471 2564 adulterii
487 2501 597 2566 calet:
623 2512 660 2565 at
676 2523 781 2585 usque
797 2511 876 2584 post
892 2501 1145 2582 separationem
1161 2520 1269 2582 quan·

152 2594 262 2677 doque
289 2616 326 2658 se
354 2616 431 2660 cum
457 2596 531 2659 aliis
558 2596 645 2660 sicut
673 2595 836 2678 conjuges
860 2596 1073 2671 consociant,
1098 2596 1159 2658 sed
1189 2603 1269 2677 post

150 2689 253 2754 breve
283 2700 418 2773 tempus
447 2711 468 2754 a
496 2712 533 2754 se
559 2692 705 2754 invicem
734 2691 921 2768 recedunt;
952 2691 1043 2773 quod
1074 2691 1208 2772 saepius
1231 2688 1269 2752 fit

150 2785 280 2848 vicibus
299 2786 452 2864 iteratis;
477 2796 513 2851 et
533 2787 673 2850 tandem
695 2787 930 2869 emancipatur
948 2787 999 2848 vir
1016 2785 1115 2848 alicui
1139 2793 1266 2859 scorto,

150 2887 185 2942 et
203 2879 328 2943 semina
348 2876 447 2943 alicui
464 2881 629 2956 adultero,
647 2881 739 2964 quod
757 2880 795 2944 fit
813 2881 847 2943 in
867 2900 1003 2944 carcere
1019 2879 1186 2954 infernali,
1209 2877 1268 2961 (de

150 2993 216 3056 quo
246 2974 281 3037 in
304 2973 513 3057 Apocalypsi
538 2976 710 3050 Revelato,
736 2996 767 3039 n.
795 2974 937 3058 153(10),)
963 2975 1018 3039 ubi
1049 2976 1182 3057 utrique
1205 2973 1269 3037 sub

149 3088 260 3151 poena
275 3069 488 3132 interdicitur
504 3072 669 3134 scortatio
684 3071 887 3154 promiscua.
932 3087 961 3134 2.
985 3069 1168 3151 Conjuges,
1183 3090 1267 3151 quo·

149 3181 221 3225 rum
243 3183 329 3225 unus
352 3173 406 3226 est
429 3165 612 3245 spiritualis
635 3175 671 3229 et
701 3165 790 3228 alter
812 3164 988 3238 naturalis,
1013 3174 1092 3247 post
1120 3174 1267 3227 mortem

149 3257 253 3320 etiam
278 3269 490 3340 separantur,
515 3269 551 3322 et
578 3259 678 3322 datur
701 3258 868 3342 spirituali
896 3258 1021 3340 conjux
1045 3260 1266 3332 conveniens,

148 3360 184 3415 at
203 3352 369 3416 naturalis
388 3354 561 3435 relegatur
579 3354 612 3417 in
637 3352 714 3417 loca
737 3354 896 3418 lasciviae
915 3355 959 3417 ad
976 3353 1113 3418 similes.
1159 3371 1186 3435 3.
1212 3354 1267 3418 Illi

148 3457 273 3521 autem,
293 3448 350 3528 qui
372 3448 404 3509 in
429 3448 557 3511 mundo
581 3448 729 3512 caelibes
747 3451 920 3525 vixerunt,
937 3470 977 3512 ac
1001 3470 1140 3532 prorsus
1159 3450 1267 3513 abali-

149 3551 336 3604 enaverunt
355 3552 507 3605 mentem
526 3562 546 3605 a
565 3542 734 3625 conjugio,
754 3545 782 3606 si
800 3545 994 3626 spirituales
1014 3555 1104 3619 sunt,
1126 3555 1267 3609 manent

148 3635 316 3713 caelibes;
347 3637 374 3699 si
400 3647 516 3700 autem
547 3638 732 3712 naturales,
763 3638 848 3703 fiunt
878 3650 1099 3703 scortatores.
1150 3639 1266 3704 Aliter

148 3748 228 3792 vero
246 3729 295 3792 illi
314 3731 419 3813 quiin
439 3752 499 3795 suo
516 3733 685 3796 caelibatu
705 3735 984 3797 desideraverunt
1003 3734 1209 3817 conjugium,
1230 3745 1266 3800 et

148 3822 222 3905 plus
241 3826 297 3907 qui
316 3827 445 3908 absque
464 3848 625 3892 successu
644 3828 915 3894 sollicitaverunt
935 3829 1038 3893 illud:
1063 3831 1127 3905 his,
1148 3833 1176 3894 si
1195 3833 1264 3913 spi·

148 3918 287 3982 rituales
307 3930 397 3994 sunt,
418 3921 577 4003 conjugia
595 3923 699 3986 beata
722 3925 964 4006 providentur;
989 3926 1050 3988 sed
1070 3946 1138 3988 non
1162 3928 1263 4008 prius,

147 4031 248 4095 quam
264 4014 346 4077 dum
362 4016 396 4077 in
413 4016 615 4080 caelosunt.
659 4036 691 4097 4
716 4018 770 4081 Illi
783 4021 839 4102 qui
858 4021 891 4082 in
908 4021 1035 4083 mundo
1049 4023 1265 4084 monasteriis

147 4107 267 4171 inclusi
291 4118 382 4184 sunt,
403 4120 475 4173 tam
495 4113 645 4193 virgines
661 4134 762 4194 quam
782 4116 855 4190 viri,
875 4125 955 4197 post
979 4115 1137 4178 exadlam
1157 4117 1263 4178 vitam

148 4196 437 4281 monasterialem,
458 4226 545 4288 quae
568 4218 701 4289 perstat
725 4208 838 4291 aliquo
861 4211 975 4291 spatio
998 4212 1161 4292 temporis
1184 4220 1265 4292 post

148 4306 305 4372 mortem,
323 4298 549 4365 exsolvuntur
564 4312 600 4366 et
619 4303 834 4379 emittuntur,
851 4324 891 4368 ac
910 4305 1086 4387 potiuntur
1104 4305 1265 4373 libertate

147 4393 263 4457 votiva
278 4392 522 4460 desideriorum
537 4417 686 4475 suorum,
700 4398 772 4463 sive
788 4398 897 4464 velint
914 4399 1122 4482 conjugiales
1138 4399 1263 4479 vivere,

1198 4714 1285 4732 Α
