2782 5026
394 112 444 164 ue
466 110 602 163 avone
624 109 943 178 comumnes-N.
961 113 1014 176 44.
1219 110 1260 175 41

179 284 243 340 Sed
269 284 401 356 spiritus
421 282 547 355 angelici
567 282 606 337 ad
629 282 679 337 illa
699 281 929 352 respondebant,
943 279 1104 352 “Cogitate
1123 279 1262 352 penitius,

127 364 308 436 expendite,
322 373 357 419 et
370 363 538 433 percipietis
550 363 633 432 quod
645 372 745 417 vester
756 377 841 417 amor
852 377 943 416 sexus
957 361 998 417 sit
1009 376 1094 416 amor
1105 370 1263 417 extracon·

127 444 263 514 jugialls,
278 454 313 499 et
325 443 409 514 quod
422 458 507 497 amor
518 442 696 514 conjugialis
708 442 748 496 sit
766 457 887 511 prorsus
899 441 985 502 alius,
997 451 1029 496 et
1043 441 1124 511 quod
1138 440 1187 496 hic
1201 441 1263 497 dis·

129 521 247 578 tinctus
260 523 304 578 sit
317 523 358 576 ab
371 522 429 584 illo,
442 522 521 576 sicut
532 522 665 576 triticum
678 537 697 576 a
711 521 805 591 palea,
818 531 872 575 aut
888 521 989 590 potius
1003 519 1082 575 sicut
1096 519 1262 575 humanum

129 618 147 656 a
160 602 279 658 lerino:
299 602 325 657 si
342 601 548 672 quaesiveritis
563 600 689 656 feminas
705 601 735 655 in
750 601 843 661 caelo,
856 600 928 671 quid
944 615 1030 655 amor
1041 600 1262 671 extraconjugi·

129 682 195 744 alis,
208 692 243 736 et
258 698 403 736 assevero
417 681 498 751 quod
518 689 713 750 responsurae
729 680 797 742 sint,
811 679 907 752 ‘Quid
923 679 1003 735 hoc?
1022 680 1095 750 quid
1111 678 1262 751 loqueris?

130 762 293 832 quomodo
307 771 408 831 potest
421 762 480 815 tale
493 760 575 815 exire
587 776 639 815 ore
651 770 706 814 tuo
718 759 800 830 quod
817 759 860 814 ita
874 759 966 814 laedit
981 759 1089 815 aures?
1107 760 1263 830 quomodo

130 851 239 910 potest
257 855 344 896 amor
363 856 422 894 non
445 849 562 895 creatus
583 839 747 910 ingenerari
768 838 903 895 homini!
941 837 973 894 Si
991 849 1064 893 tunc
1079 839 1262 909 quaesiveris

130 920 209 981 illas,
220 920 296 991 quid
309 936 395 974 amor
404 935 473 974 vere
485 919 671 990 conjugialis,
681 929 712 973 et
724 918 787 973 scio
797 918 879 988 quod
893 934 1089 988 responsurae
1098 919 1167 981 sint,
1177 920 1260 989 quod

130 1015 196 1053 non
216 1000 259 1053 sit
276 1015 362 1053 amor
379 1015 476 1060 sexus,
488 999 541 1053 sed
560 1013 646 1053 amor
660 998 748 1053 unius
766 1014 783 1053 e
801 1014 882 1058 sexu,
895 998 947 1068 qui
966 1014 1027 1053 non
1046 998 1133 1053 aliter
1150 998 1260 1060 existit,

129 1094 226 1149 quarn
250 1078 323 1132 dum
344 1078 462 1149 juvenis
483 1078 567 1132 videt
585 1077 730 1148 virginem
753 1093 772 1132 a
793 1075 926 1132 Domino
949 1077 1108 1147 provisam,
1127 1086 1158 1133 et
1175 1077 1261 1149 virgo

129 1159 287 1229 juvenem,
300 1157 441 1227 utrinque
460 1155 592 1212 sentiant
609 1156 780 1228 conjugiale
799 1157 918 1211 inoendi
938 1156 968 1212 in
983 1157 1124 1212 cordibus
1139 1157 1210 1218 suis,
1225 1171 1260 1212 ac

128 1236 311 1308 percipiant,
328 1236 377 1290 ille
392 1236 474 1307 quod
496 1253 550 1291 sua
570 1236 618 1298 sit,
633 1246 665 1291 et
685 1236 736 1290 illa
753 1236 834 1306 quod
854 1251 926 1290 suus
946 1235 994 1298 sit,
1009 1236 1112 1291 obviat
1131 1237 1211 1291 enim
1227 1253 1260 1293 se

126 1332 222 1371 amor
243 1315 347 1378 amori,
363 1325 396 1370 et
414 1315 485 1370 lacit
506 1331 539 1370 se
557 1326 795 1386 cognoscereet
812 1315 970 1386 conjungit
988 1315 1069 1371 illico
1087 1316 1210 1378 animas,
1229 1327 1261 1371 et

127 1406 244 1466 postea
262 1405 386 1457 mentes,
401 1405 435 1450 et
453 1394 522 1449 inde
541 1394 633 1449 intrat
651 1393 781 1465 pectora,
796 1410 832 1450 ac
851 1406 920 1465 post
935 1395 1055 1466 nuptias
1070 1396 1155 1458 ultra,
1171 1396 1261 1450 etsie

127 1475 166 1530 fit
182 1475 293 1546 plenus
307 1489 399 1536 amor,
415 1473 466 1545 qui
487 1474 583 1529 indies
602 1475 632 1528 in
651 1472 894 1544 conjunctionem
910 1475 1025 1537 crescit,
1039 1490 1133 1546 usque
1148 1485 1183 1529 ut
1198 1491 1259 1530 non

126 1555 264 1625 amplius
282 1554 344 1609 sint
361 1554 431 1615 duo,
444 1554 498 1608 sed
517 1553 595 1608 sicut
613 1569 707 1608 unus:
725 1553 788 1608 scio
807 1553 906 1615 etiam,
920 1554 1001 1624 quod
1019 1555 1171 1625 juraturae
1189 1555 1263 1627 sint,

125 1634 217 1705 quod
231 1649 292 1687 non
302 1633 400 1688 sciant
408 1633 499 1687 alium
511 1648 644 1688 amorem
655 1648 760 1695 sexum
778 1632 884 1687 dicunt
901 1633 991 1695 enirn,
1002 1632 1179 1705 ‘Quomodo
1192 1646 1260 1704 pot·

126 1723 178 1768 est
193 1712 259 1768 dari
272 1728 358 1767 amor
369 1728 467 1773 sexus,
481 1712 540 1767 nisi
553 1712 592 1767 sit
605 1712 648 1766 ita
658 1711 766 1767 obvius
778 1723 811 1767 et
823 1712 1001 1783 reciprocus,
1011 1723 1044 1768 ut
1057 1713 1150 1784 spiret
1162 1724 1259 1768 aeter-

127 1808 204 1847 nam
224 1792 376 1853 unionem,
390 1808 467 1863 quae
484 1801 530 1846 est
549 1801 584 1846 ut
602 1792 664 1846 duo
682 1792 743 1847 sint
761 1808 821 1846 una
838 1791 963 1847 caro?'”
1001 1792 1058 1848 His
1076 1793 1259 1848 addiderunt

127 1872 260 1942 spiritus
277 1872 414 1943 angelici,
427 1879 443 1900 ⁴⁴
453 1870 488 1925 ln
506 1872 591 1926 caelo
610 1887 731 1941 prorsus
749 1888 810 1927 non
826 1872 927 1926 sciunt
941 1872 1186 1942 quid-scortatio
1202 1889 1258 1927 nec

128 1951 217 2023 quod
234 1951 282 2014 sit,
296 1967 351 2006 nec
365 1951 447 2022 quod
464 1950 586 2013 dabilis;
604 1951 702 2022 angeli
718 1950 828 2023 frigent
846 1961 914 2006 toto
932 1967 1057 2022 corpore
1070 1952 1109 2006 ad
1124 1968 1257 2008 amorem

129 2031 285 2085 incastum
301 2046 353 2085 seu
372 2030 664 2100 extraconjugialem,
679 2047 715 2085 ac
733 2030 864 2085 vicissim
879 2031 978 2085 calent
995 2041 1063 2085 toto
1078 2047 1202 2101 corpore
1220 2048 1258 2087 ex

127 2125 236 2164 amore
249 2121 333 2165 casto
348 2126 400 2165 seu
415 2109 593 2181 conjugiali;
611 2110 691 2180 apud
704 2110 784 2165 viros
803 2110 844 2165 ibi
862 2127 968 2165 omnes
986 2110 1069 2166 nervi
1088 2112 1201 2166 cadunt
1218 2112 1257 2166 ad

129 2187 290 2260 aspectum
302 2189 404 2251 scorti,
417 2200 448 2244 et
460 2206 493 2244 se
505 2190 634 2245 tendunt
647 2190 684 2244 ad
698 2187 851 2260 aspectum
864 2190 992 2245 uxoris.”

188 2269 263 2324 Tres
285 2269 401 2331 novitii,
417 2268 464 2323 his
483 2268 602 2330 auditis,
615 2269 837 2339 quaesiverunt,
856 2286 928 2324 num
948 2269 1054 2325 similis
1075 2286 1160 2326 amor
1178 2270 1257 2326 iuter

132 2349 283 2419 conjuges
296 2358 342 2403 est
355 2349 386 2401 in
399 2348 497 2410 caelis,
511 2349 588 2402 sicut
601 2348 631 2402 in
644 2349 739 2404 terris.
833 2364 836 2370 ⁴

189 2427 227 2482 Et
243 2429 305 2482 duo
320 2428 444 2498 spiritus
456 2428 583 2498 angelici
597 2429 825 2497 responderunt,
838 2429 920 2499 quod
934 2445 1053 2499 prorsus
1066 2428 1179 2484 similis.
1219 2429 1256 2485 Et

127 2507 205 2577 quia
214 2517 421 2577 perceperunt,
430 2508 512 2578 quod
522 2506 633 2562 vellent
644 2507 727 2568 scire,
739 2525 811 2561 num
822 2508 933 2563 similes
944 2508 1067 2563 deliciae
1079 2508 1201 2563 ultimae
1215 2510 1255 2564 ibi

127 2597 243 2648 essent,
256 2598 288 2640 et
300 2587 441 2640 dixerunt
453 2587 533 2657 quod
550 2603 670 2656 prorsus
683 2587 804 2649 similes,
817 2588 869 2642 sed
886 2588 980 2642 multo
994 2588 1149 2650 beatiores,
1163 2589 1257 2659 “quia

128 2666 288 2736 perceptio
303 2675 335 2720 et
350 2666 483 2721 sensatio
498 2665 633 2737 angelica
647 2677 693 2720 est
712 2666 808 2720 multo
823 2667 999 2737 exquisitior
1014 2667 1205 2737 perceptione
1225 2679 1256 2724 et

126 2745 305 2800 sensatione
323 2744 471 2806 humana;
490 2755 520 2799 et
535 2745 608 2815 quid
623 2745 687 2799 vita
704 2745 813 2800 amoris
833 2745 912 2800 illius
932 2745 988 2800 nisi
1007 2763 1044 2801 ex
1059 2763 1135 2802 vena
1150 2758 1256 2818 poten-

125 2824 214 2880 tiae?
229 2841 342 2879 numne
351 2824 408 2879 hac
418 2823 575 2879 deficiente
584 2840 669 2878 amor
680 2825 728 2879 ille
738 2824 839 2879 deficit
849 2836 880 2879 et
893 2824 1047 2895 frigescit?
1065 2837 1151 2880 estne
1161 2827 1256 2882 virtus

129 2904 185 2958 illa
197 2905 261 2975 ipsa
273 2919 422 2965 mensura,
436 2903 498 2973 ipse
511 2904 629 2974 gradus,
643 2914 673 2957 et
687 2904 751 2974 ipsa
763 2904 842 2959 basis
859 2904 938 2959 illius
950 2905 1083 2960 amoris?
1101 2918 1186 2960 estne
1201 2907 1255 2961 ini-

126 2983 218 3044 tium,
237 2983 458 3037 firmamentum
477 2992 508 3036 et
531 2983 785 3053 complementum
807 2984 893 3053 ejus?
932 2983 1114 3039 Universalis
1134 2986 1181 3039 lex
1200 2997 1254 3048 est,

127 3063 214 3132 quod
234 3063 330 3133 prima
348 3062 487 3124 existant,
500 3062 671 3124 subsistant,
685 3073 716 3117 et
732 3063 892 3132 persistant
907 3064 944 3118 ab
959 3064 1088 3127 ultimis:
1109 3065 1152 3119 ita
1164 3066 1254 3120 etiarn

131 3140 184 3195 ille
195 3157 293 3203 amon
311 3157 405 3212 quare
415 3141 471 3196 nisi
484 3140 584 3196 forent
593 3141 716 3196 ultimae
726 3141 858 3204 deliciae,
869 3159 929 3197 non
943 3142 1040 3198 locent
1054 3144 1132 3198 ullae
1144 3145 1255 3200 amoris

129 3220 337 3292 coniugialis.”

185 3300 271 3356 Tunc
285 3299 498 3372 quaesiverunt
516 3299 631 3362 novitii,
648 3316 720 3354 num
735 3316 773 3354 ex
792 3301 904 3355 ultimis
920 3301 1034 3356 deliciis
1051 3302 1129 3357 illius
1144 3303 1254 3359 amoris

134 3379 175 3434 ibi
184 3391 345 3436 nascantur
354 3379 468 3451 proles:
485 3390 516 3434 et
528 3380 554 3434 si
567 3395 628 3433 non
640 3390 832 3434 nascerentur
841 3380 947 3449 proles,
957 3380 1004 3434 cui
1016 3381 1082 3435 usui
1095 3392 1166 3436 sunt
1177 3382 1254 3437 illae.

136 3456 366 3530 Responderunt
382 3457 504 3530 spiritus
519 3458 653 3531 angelici,
666 3459 748 3531 quod
769 3475 828 3514 non
847 3459 963 3530 aliquae
982 3461 1080 3532 proles
1096 3462 1254 3523 naturales,

131 3539 186 3592 sed
199 3541 295 3611 proles
307 3538 488 3610 spirituales.

187 3618 224 3674 Et
234 3619 457 3691 quaesiverunt,
471 3617 576 3691 “Quid
590 3617 688 3689 proles
701 3617 870 3689 spirituales
879 3616 910 3672 ?'’

186 3697 223 3754 Et
234 3700 467 3770 responderunt.
477 3698 570 3754 “Duo
579 3699 724 3769 conjuges
738 3714 791 3768 per
800 3697 922 3754 delicias
935 3697 1055 3753 ultimas
1067 3698 1134 3769 plus
1144 3697 1254 3752 uniun-

134 3783 183 3831 tur
191 3780 334 3851 conjugio
351 3778 425 3833 boni
440 3788 472 3833 et
483 3778 554 3840 veri,
567 3788 597 3833 et
610 3777 784 3850 conjugium
805 3777 876 3832 boni
895 3788 926 3832 et
938 3778 1000 3832 veri
1013 3789 1060 3832 est
1077 3777 1253 3848 conjugium

137 3859 236 3915 amoris
248 3871 280 3916 et
292 3857 470 3929 sapientiae,
482 3873 518 3911 ac
535 3874 621 3913 atuor
632 3869 664 3912 et
676 3857 823 3928 sapientia
838 3868 908 3912 sunt
924 3858 1029 3928 proles,
1042 3873 1119 3928 quae
1131 3873 1168 3911 ex
1181 3872 1253 3911 con·

140 3933 212 4007 jugie
225 3940 278 3995 illo
296 3947 479 3994 nascuntur:
497 3948 528 3992 et
542 3937 613 4009 quia
631 3937 753 3992 maritus
774 3937 813 3992 ibi
832 3947 879 3992 est
897 3936 1051 4007 sapientia,
1067 3947 1097 3991 et
1116 3952 1192 3990 uxor
1206 3946 1253 3994 est

141 4027 211 4072 auor
223 4021 298 4092 ejus,
314 4027 348 4074 et
363 4032 487 4087 quoque
506 4017 595 4071 ambo
610 4028 680 4071 sunt
698 4017 874 4088 spirituales,
891 4017 960 4071 ideo
975 4032 1035 4070 non
1051 4016 1125 4070 aliae
1144 4015 1252 4085 proles,

97 4151 109 4177 ⁴
142 4106 214 4162 quam
222 4097 409 4173 spirituales,
420 4106 545 4167 possunt
556 4095 596 4152 ibi
609 4096 726 4168 concipi
736 4107 767 4153 et
779 4096 871 4169 gigni.
909 4095 983 4151 lnde
992 4106 1047 4158 est,
1057 4095 1138 4166 quod
1152 4096 1252 4166 angeli
