2782 5026
381 433 430 484 DE
452 431 588 484 AMORE
611 431 931 499 CONJUGIALI.-N.
949 422 1020 502 380.
1191 438 1252 505 295

121 604 182 687 qui
198 602 312 667 modo
330 602 540 678 naturaliter,
553 602 621 666 alia
637 604 728 686 apud
744 601 907 686 conjuges
923 604 978 686 qui
995 604 1163 671 dissident
1179 608 1253 669 ani-

121 701 202 775 mis,
223 709 262 763 et
294 698 364 762 alia
389 699 477 781 apud
501 695 709 780 [¹¹conjugem
732 699 789 782 qui
819 709 1017 763 consortem
1045 700 1109 763 sub
1134 699 1253 784 jugum

122 794 353 858 obedientiae
369 815 449 858 suae
466 794 569 857 misit.
615 793 742 858 Viriles
758 803 794 857 et
811 793 994 858 muliebres
1010 794 1203 878 zelotypiae
1219 797 1252 859 in

121 909 163 953 se
195 887 378 972 spe6tatae
407 898 487 952 sunt
517 889 683 963 diversae,
703 890 781 970 quia
800 909 845 951 ex
875 888 942 952 alia
972 891 1123 972 origine:
1155 891 1252 972 origo

122 983 382 1066 zelotypiarum
406 983 552 1046 virilium
575 992 628 1046 est
651 984 685 1045 in
708 980 899 1056 intellectu,
920 992 956 1046 at
981 985 1193 1049 muliebrium
1216 987 1250 1047 in

121 1078 316 1142 voluntate
339 1078 511 1161 applicata
534 1075 725 1141 intellec‘iui
755 1079 806 1140 sui
835 1079 917 1156 viri;
951 1099 1054 1160 quare
1078 1080 1254 1163 zelotypia

120 1173 236 1238 virilis
255 1184 310 1238 est
327 1174 413 1236 sicut
429 1172 564 1236 flamma
580 1173 893 1236 excandescentiae
910 1183 945 1237 et
964 1175 1054 1252 irae;
1078 1184 1114 1238 at
1133 1176 1252 1240 mulie-

121 1269 198 1332 bris
221 1278 277 1332 est
301 1270 390 1331 sicut
414 1269 502 1350 ignis
525 1269 697 1331 coercitus
720 1269 814 1330 vario
837 1269 971 1343 timore,
996 1270 1090 1333 vario
1112 1269 1253 1353 aspectu

122 1365 172 1428 ad
190 1364 362 1438 maritum,
376 1364 471 1425 vario
487 1359 644 1445 respedtu
660 1363 704 1425 ad
720 1382 817 1425 suum
833 1382 996 1438 amorem,
1010 1376 1047 1428 et
1065 1367 1158 1428 varia
1174 1387 1253 1448 pru·

121 1459 250 1524 dentia
268 1478 337 1521 non
353 1458 527 1539 aperiendi
546 1457 636 1520 hunc
656 1458 786 1520 maritis
804 1478 864 1539 per
879 1458 1107 1540 zelotypiam:
1123 1448 1253 1525 ‘discri-

122 1556 317 1629 minantur,
341 1555 418 1635 quia
442 1573 568 1616 uxores
596 1562 676 1617 sunt
699 1571 846 1627 amores,
871 1573 910 1616 ac
941 1554 1002 1616 viri
1026 1557 1251 1638 recipientes;

123 1670 167 1714 ac
200 1650 303 1713 obest
323 1648 487 1711 uxoribus
510 1667 663 1711 amorem
686 1668 784 1711 suum
808 1649 1005 1730 disperdere
1035 1652 1125 1732 apud
1148 1654 1251 1727 viros,

122 1745 191 1809 sed
216 1765 285 1807 non
310 1743 466 1806 similiter
482 1743 725 1823 recipientibus
744 1744 834 1825 apud
853 1765 989 1808 uxores.
1035 1745 1151 1810 Aliter
1170 1769 1252 1812 vero

122 1839 221 1922 apud
245 1837 460 1920 spirituales;
494 1838 584 1920 apud
615 1837 679 1900 hos
702 1838 879 1921 zelotypia
902 1840 962 1901 viri
986 1841 1189 1905 transfertur
1217 1845 1252 1907 in

123 1952 287 2008 uxorem,
312 1934 401 1996 sicut
432 1951 529 1995 amor
559 1933 676 1996 uxoris
706 1933 909 1997 transfertur
937 1935 971 1996 in
1001 1935 1121 2011 virum,
1145 1957 1249 2018 quare

122 2030 290 2111 utrinque
302 2037 445 2111 apparet
460 2027 524 2090 sibi
541 2028 660 2090 similis
674 2037 796 2091 contra
808 2038 954 2092 conatus
967 2030 1145 2095 violatoris
1157 2053 1165 2109 ;
1189 2032 1251 2096 sed

123 2125 247 2187 uxoris
263 2123 437 2204 zelotypia
456 2123 641 2204 inspiratur
659 2124 732 2186 viro
751 2132 873 2186 contra
890 2134 1035 2189 conatus
1053 2126 1159 2188 scorti
1176 2126 1251 2189 vio·

123 2217 273 2290 latricis,
291 2238 378 2300 quae
402 2226 455 2280 est
478 2218 567 2280 sicut
590 2216 690 2280 dolor
713 2216 919 2298 lacrymans,
943 2228 980 2283 et
1002 2220 1251 2285 conscientiam

123 2332 305 2378 emovens.

121 2467 235 2553 38⁰.
263 2464 436 2547 Adjiciam
455 2463 523 2530 duo
542 2463 788 2528 Memorabilia.
833 2463 980 2528 Primum
998 2465 1128 2529 hoc:-

182 2588 345 2662 Quondam
359 2604 441 2643 eram
456 2588 485 2641 in
499 2597 621 2658 stupore
635 2587 673 2642 de
687 2587 809 2658 ingente
823 2588 1016 2642 multitudine
1030 2587 1186 2643 hominum
1199 2589 1251 2660 qui

123 2670 313 2726 creationem
327 2668 471 2722 addicunt
485 2676 619 2728 naturae,
632 2677 664 2721 et
680 2666 749 2721 inde
765 2666 866 2721 omnia
879 2682 955 2737 quae
971 2668 1026 2721 sub
1041 2668 1113 2731 sole,
1129 2679 1160 2723 et
1174 2684 1251 2739 quae

123 2765 219 2821 supra
232 2749 327 2803 solem
340 2757 425 2810 sunt;
444 2747 581 2801 dicentes
593 2763 631 2801 ex
643 2746 797 2817 agnitione
810 2747 918 2808 cordis,
932 2763 999 2800 cum
1012 2747 1117 2802 vident
1130 2748 1251 2818 aliquid,

125 2830 266 2884 “Annon
280 2828 339 2882 hoc
352 2836 474 2880 naturae
487 2836 533 2881 est
542 2825 572 2880 ?’'
596 2835 628 2880 et
646 2841 714 2880 cum
735 2826 965 2897 interrogantur,
979 2842 1069 2896 quare
1082 2826 1187 2882 dicunt
1202 2828 1253 2883 illa

124 2921 253 2964 naturae
262 2923 337 2968 esse,
347 2918 378 2961 et
391 2922 444 2961 cur
456 2922 516 2961 non
528 2905 593 2967 Dei,
603 2922 671 2959 cum
682 2915 783 2960 tamen
793 2906 953 2976 aliquoties
963 2922 1030 2961 cum
1040 2908 1252 2964 communione

124 2989 242 3050 dicunt,
262 2987 343 3058 quod
364 2985 448 3040 Deus
466 2985 612 3040 creaverit
631 2995 777 3046 naturam,
791 2995 822 3040 et
841 2985 911 3040 inde
931 2996 1057 3056 possunt
1075 2996 1137 3040 tam
1156 3003 1251 3057 aeque

126 3068 238 3128 dicere,
254 3066 336 3137 quod
357 3066 415 3127 illa,
431 3081 507 3135 quae
527 3064 640 3128 vident,
661 3064 717 3119 Dei
737 3064 807 3126 sint,
822 3080 916 3135 quam
932 3065 1013 3134 quod
1033 3075 1157 3120 naturae
1175 3067 1252 3128 sint:

125 3147 180 3202 sed
194 3146 466 3216 respondent·sono
479 3145 598 3198 interno
609 3159 703 3214 paene
713 3143 815 3205 tacito,
827 3141 932 3214 “Quid
948 3142 1030 3199 Deus
1041 3144 1097 3198 nisi
1108 3155 1213 3199 natura
1221 3144 1252 3200 ?''

128 3228 286 3298 Apparent
299 3225 341 3279 illi
354 3240 459 3279 omnes
472 3239 510 3278 ex
523 3223 715 3294 persuasione
729 3223 767 3277 de
779 3223 932 3277 creatione
943 3223 1073 3277 universi
1087 3239 1123 3278 ex
1137 3235 1251 3287 natura,

128 3317 160 3361 et
171 3321 209 3360 ex
219 3304 335 3359 insania
345 3304 395 3356 illa
404 3302 482 3358 sicut
495 3319 532 3357 ex
545 3303 699 3372 sapientia,
708 3302 841 3372 gloriosi,
851 3302 929 3357 adeo
941 3312 976 3355 ut
988 3302 1136 3372 aspiciant
1145 3319 1252 3359 omnes

129 3386 180 3456 qui
189 3393 359 3457 agnoscunt
368 3383 551 3437 creationem
562 3382 691 3437 universi
702 3399 720 3436 a
730 3382 804 3444 Deo,
815 3382 893 3437 sicut
903 3381 1049 3444 formicas,
1056 3398 1132 3453 quae
1143 3394 1252 3452 repunt

131 3465 212 3519 humi
225 3474 257 3519 et
268 3472 371 3518 terunt
380 3472 506 3517 stratam
516 3461 604 3524 viam,
614 3472 645 3516 et
657 3462 803 3532 quosdam
815 3461 891 3516 sicut
902 3461 1068 3531 papiliones
1077 3462 1129 3532 qui
1143 3461 1173 3516 in
1183 3478 1251 3518 aere

131 3544 246 3604 volant;
271 3552 416 3597 vocantes
432 3542 551 3596 illorum
571 3541 715 3612 dogmata
733 3541 858 3602 somnia,
878 3541 949 3610 quia
966 3541 1071 3594 vident
1090 3557 1167 3610 quae
1189 3557 1250 3596 non

132 3623 247 3684 vident:
267 3622 411 3683 dicentes,
422 3619 523 3692 “Quis
535 3620 612 3673 vidit
625 3619 732 3681 Deum,
742 3629 773 3673 et
787 3619 854 3689 quis
867 3636 927 3673 non
940 3620 1023 3674 videt
1037 3630 1173 3674 naturam
1184 3619 1215 3674 ?''

182 3700 313 3773 Quando
333 3701 363 3754 in
378 3711 500 3769 stupore
516 3699 553 3753 de
573 3697 765 3753 multitudine
780 3697 884 3752 talium
900 3715 991 3761 eram,
1007 3698 1124 3753 adstitit
1140 3699 1214 3754 mihi
1232 3715 1252 3755 a

133 3780 222 3836 latere
235 3781 368 3851 angelus,
382 3789 412 3833 et
425 3778 502 3833 dixit
515 3778 597 3840 mihi,
611 3777 715 3850 “Quid
731 3777 885 3832 meditaris
894 3777 925 3834 ?”

184 3859 222 3914 Et
237 3859 388 3930 respondi,
402 3858 472 3912 “De
489 3858 682 3912 multitudine
697 3857 812 3920 talium,
826 3855 875 3928 qui
896 3857 1031 3919 credunt,
1044 3857 1125 3927 quod
1142 3866 1251 3913 natura

132 3939 274 3995 creaverit
286 3937 486 3992 universum.''

185 4018 223 4073 Et
235 4018 312 4073 dixit
323 4016 395 4072 mihi
406 4016 539 4087 angelus,
551 4015 685 4070 “Totum
698 4013 845 4070 infernum
856 4031 894 4070 ex
905 4014 1016 4070 talibus
1031 4023 1084 4077 est,
1095 4025 1127 4069 et
1139 4031 1250 4070 vocan-

132 4108 180 4154 tur
192 4098 231 4154 ibi
241 4108 364 4154 satanae
374 4107 404 4151 et
418 4094 545 4157 diaboli;
564 4105 686 4150 satanae
696 4094 747 4165 qui
758 4094 1010 4150 confirmaverunt
1023 4110 1055 4148 se
1068 4110 1123 4164 pro
1133 4105 1249 4158 natura,

131 4188 162 4234 et
175 4178 243 4232 inde
257 4186 444 4248 negaverunt
459 4174 573 4236 Deum:
592 4174 704 4229 diaboli
717 4174 769 4245 qui
785 4171 952 4229 facinorose
964 4174 1111 4236 vixerunt,
1127 4183 1158 4228 et
1173 4174 1217 4229 sic
1232 4190 1249 4229 e

131 4257 270 4312 cordibus
290 4272 411 4310 omnem
430 4254 615 4326 agnitionem
637 4253 693 4308 Dei
713 4254 898 4324 rejecerunt:
923 4254 975 4308 sed
995 4253 1141 4308 deducam
1160 4262 1191 4307 te
1210 4254 1248 4308 ad

130 4328 291 4408 gymnasia,
305 4352 382 4406 quae
402 4335 431 4388 in
451 4336 538 4406 plaga
556 4332 743 4389 meridionali
759 4331 938 4389 occidentali
957 4342 1034 4395 sunt,
1048 4332 1099 4387 ubi
1118 4332 1203 4396 tales,
1218 4342 1250 4388 et

132 4416 265 4473 nondum
280 4416 309 4470 in
324 4414 442 4470 inferno
454 4411 553 4470 sunt.''
