<?xml version="1.0" encoding="UTF-8"?>
<!DOCTYPE html PUBLIC "-//W3C//DTD XHTML 1.0 Transitional//EN"
    "http://www.w3.org/TR/xhtml1/DTD/xhtml1-transitional.dtd">
<html xmlns="http://www.w3.org/1999/xhtml" xml:lang="en" lang="en">
 <head>
  <title>
</title>
<meta http-equiv="Content-Type" content="text/html;charset=utf-8" />
  <meta name='ocr-system' content='tesseract 3.04.00' />
  <meta name='ocr-capabilities' content='ocr_page ocr_carea ocr_par ocr_line ocrx_word'/>
</head>
<body>
  <div class='ocr_page' id='page_1' title='image "./deliciaesapient00swedgoog_0048.png"; bbox 0 0 2782 5026; ppageno 0'>
   <div class='ocr_carea' id='block_1_1' title="bbox 381 467 1253 538">
    <p class='ocr_par' dir='ltr' id='par_1_1' title="bbox 381 467 1253 538">
     <span class='ocr_line' id='line_1_1' title="bbox 381 467 1253 538; baseline -0.001 -18"><span class='ocrx_word' id='word_1_1' title='bbox 381 468 432 520; x_wconf 80' lang='lat' dir='ltr'>bs</span> <span class='ocrx_word' id='word_1_2' title='bbox 455 467 590 520; x_wconf 80' lang='lat' dir='ltr'>nuona</span> <span class='ocrx_word' id='word_1_3' title='bbox 613 467 931 534; x_wconf 68' lang='lat' dir='ltr'>cornubiam-n.</span> <span class='ocrx_word' id='word_1_4' title='bbox 951 473 1002 536; x_wconf 84' lang='lat'>44.</span> <span class='ocrx_word' id='word_1_5' title='bbox 1211 472 1253 538; x_wconf 84' lang='lat'>39</span> 
     </span>
    </p>
   </div>
   <div class='ocr_carea' id='block_1_2' title="bbox 122 636 1255 2057">
    <p class='ocr_par' dir='ltr' id='par_1_2' title="bbox 122 636 1255 788">
     <span class='ocr_line' id='line_1_2' title="bbox 122 636 1255 709; baseline 0.003 -17"><span class='ocrx_word' id='word_1_6' title='bbox 122 636 221 692; x_wconf 80' lang='lat' dir='ltr'>audivi</span> <span class='ocrx_word' id='word_1_7' title='bbox 241 653 359 692; x_wconf 92' lang='lat' dir='ltr'>sonum</span> <span class='ocrx_word' id='word_1_8' title='bbox 378 637 489 693; x_wconf 89' lang='lat' dir='ltr'>amoris</span> <span class='ocrx_word' id='word_1_9' title='bbox 507 637 694 709; x_wconf 67' lang='lat' dir='ltr'>coniugialia</span> <span class='ocrx_word' id='word_1_10' title='bbox 707 639 790 709; x_wconf 90' lang='lat' dir='ltr'>quod</span> <span class='ocrx_word' id='word_1_11' title='bbox 809 637 889 693; x_wconf 91' lang='lat' dir='ltr'>intus</span> <span class='ocrx_word' id='word_1_12' title='bbox 907 648 987 693; x_wconf 89' lang='lat' dir='ltr'>esset</span> <span class='ocrx_word' id='word_1_13' title='bbox 1005 637 1210 702; x_wconf 83' lang='lat' dir='ltr'>simultaneus,</span> <span class='ocrx_word' id='word_1_14' title='bbox 1223 648 1255 695; x_wconf 85' lang='lat' dir='ltr'>et</span> 
     </span>
     <span class='ocr_line' id='line_1_3' title="bbox 122 717 1068 788; baseline 0.003 -18"><span class='ocrx_word' id='word_1_15' title='bbox 122 733 243 788; x_wconf 86' lang='lat' dir='ltr'>quoque</span> <span class='ocrx_word' id='word_1_16' title='bbox 257 717 432 788; x_wconf 83' lang='lat' dir='ltr'>procedens</span> <span class='ocrx_word' id='word_1_17' title='bbox 443 734 480 773; x_wconf 81' lang='lat' dir='ltr'>ex</span> <span class='ocrx_word' id='word_1_18' title='bbox 493 717 608 773; x_wconf 90' lang='lat' dir='ltr'>deliciis</span> <span class='ocrx_word' id='word_1_19' title='bbox 620 728 717 773; x_wconf 90' lang='lat' dir='ltr'>status</span> <span class='ocrx_word' id='word_1_20' title='bbox 730 719 812 788; x_wconf 83' lang='lat' dir='ltr'>pacis</span> <span class='ocrx_word' id='word_1_21' title='bbox 824 729 854 773; x_wconf 88' lang='lat' dir='ltr'>et</span> <span class='ocrx_word' id='word_1_22' title='bbox 870 718 1068 773; x_wconf 85' lang='lat' dir='ltr'>innocentiae.</span> 
     </span>
    </p>

    <p class='ocr_par' dir='ltr' id='par_1_3' title="bbox 124 796 1253 1185">
     <span class='ocr_line' id='line_1_4' title="bbox 175 796 1253 869; baseline 0.003 -19"><span class='ocrx_word' id='word_1_23' title='bbox 175 796 318 851; x_wconf 86' lang='lat' dir='ltr'>Tandem</span> <span class='ocrx_word' id='word_1_24' title='bbox 333 797 481 860; x_wconf 86' lang='lat' dir='ltr'>dicebant,</span> <span class='ocrx_word' id='word_1_25' title='bbox 495 805 512 826; x_wconf 81' lang='lat'>⁴⁴</span> <span class='ocrx_word' id='word_1_26' title='bbox 524 797 722 859; x_wconf 89' lang='lat' dir='ltr'>Revocamur‚</span> <span class='ocrx_word' id='word_1_27' title='bbox 732 798 907 853; x_wconf 86' lang='lat' dir='ltr'>abibimus.’‘</span> <span class='ocrx_word' id='word_1_28' title='bbox 940 797 978 852; x_wconf 81' lang='lat' dir='ltr'>Et</span> <span class='ocrx_word' id='word_1_29' title='bbox 993 808 1066 853; x_wconf 92' lang='lat' dir='ltr'>tunc</span> <span class='ocrx_word' id='word_1_30' title='bbox 1080 797 1188 852; x_wconf 88' lang='lat' dir='ltr'>iterum</span> <span class='ocrx_word' id='word_1_31' title='bbox 1200 813 1253 869; x_wconf 84' lang='lat' dir='ltr'>ap·</span> 
     </span>
     <span class='ocr_line' id='line_1_5' title="bbox 124 874 1252 948; baseline 0.002 -18"><span class='ocrx_word' id='word_1_32' title='bbox 124 887 291 946; x_wconf 89' lang='lat' dir='ltr'>paruerunt</span> <span class='ocrx_word' id='word_1_33' title='bbox 299 874 381 931; x_wconf 61' lang='lat' dir='ltr'>vetii</span> <span class='ocrx_word' id='word_1_34' title='bbox 396 877 426 930; x_wconf 91' lang='lat' dir='ltr'>in</span> <span class='ocrx_word' id='word_1_35' title='bbox 438 893 534 940; x_wconf 86' lang='lat' dir='ltr'>curru,</span> <span class='ocrx_word' id='word_1_36' title='bbox 548 878 626 932; x_wconf 90' lang='lat' dir='ltr'>sicut</span> <span class='ocrx_word' id='word_1_37' title='bbox 639 878 737 948; x_wconf 85' lang='lat' dir='ltr'>prius;</span> <span class='ocrx_word' id='word_1_38' title='bbox 756 888 787 932; x_wconf 92' lang='lat' dir='ltr'>et</span> <span class='ocrx_word' id='word_1_39' title='bbox 799 875 877 933; x_wconf 62' lang='lat' dir='ltr'>vecti</span> <span class='ocrx_word' id='word_1_40' title='bbox 891 888 962 932; x_wconf 88' lang='lat' dir='ltr'>sunt</span> <span class='ocrx_word' id='word_1_41' title='bbox 975 878 1116 948; x_wconf 88' lang='lat' dir='ltr'>perviam</span> <span class='ocrx_word' id='word_1_42' title='bbox 1129 887 1252 932; x_wconf 88' lang='lat' dir='ltr'>stratam</span> 
     </span>
     <span class='ocr_line' id='line_1_6' title="bbox 126 955 1253 1027; baseline 0.003 -18"><span class='ocrx_word' id='word_1_43' title='bbox 126 955 204 1010; x_wconf 89' lang='lat' dir='ltr'>inter</span> <span class='ocrx_word' id='word_1_44' title='bbox 221 956 341 1018; x_wconf 82' lang='lat' dir='ltr'>floreta.</span> <span class='ocrx_word' id='word_1_45' title='bbox 357 972 375 1010; x_wconf 93' lang='lat' dir='ltr'>e</span> <span class='ocrx_word' id='word_1_46' title='bbox 389 972 517 1026; x_wconf 86' lang='lat' dir='ltr'>quorum</span> <span class='ocrx_word' id='word_1_47' title='bbox 536 957 613 1010; x_wconf 91' lang='lat' dir='ltr'>areis</span> <span class='ocrx_word' id='word_1_48' title='bbox 631 958 833 1027; x_wconf 85' lang='lat' dir='ltr'>exsurgebant</span> <span class='ocrx_word' id='word_1_49' title='bbox 850 957 942 1019; x_wconf 84' lang='lat' dir='ltr'>oleae.</span> <span class='ocrx_word' id='word_1_50' title='bbox 958 967 990 1012; x_wconf 88' lang='lat' dir='ltr'>et</span> <span class='ocrx_word' id='word_1_51' title='bbox 1008 958 1127 1011; x_wconf 87' lang='lat' dir='ltr'>arbores</span> <span class='ocrx_word' id='word_1_52' title='bbox 1147 958 1253 1027; x_wconf 87' lang='lat' dir='ltr'>plenae</span> 
     </span>
     <span class='ocr_line' id='line_1_7' title="bbox 126 1035 1253 1106; baseline 0.002 -17"><span class='ocrx_word' id='word_1_53' title='bbox 126 1035 225 1104; x_wconf 88' lang='lat' dir='ltr'>pomis</span> <span class='ocrx_word' id='word_1_54' title='bbox 243 1035 407 1090; x_wconf 87' lang='lat' dir='ltr'>aurantiis:</span> <span class='ocrx_word' id='word_1_55' title='bbox 425 1045 456 1089; x_wconf 90' lang='lat' dir='ltr'>et</span> <span class='ocrx_word' id='word_1_56' title='bbox 475 1052 545 1090; x_wconf 90' lang='lat' dir='ltr'>curn</span> <span class='ocrx_word' id='word_1_57' title='bbox 565 1052 658 1106; x_wconf 88' lang='lat' dir='ltr'>prope</span> <span class='ocrx_word' id='word_1_58' title='bbox 677 1053 763 1091; x_wconf 87' lang='lat' dir='ltr'>suum</span> <span class='ocrx_word' id='word_1_59' title='bbox 783 1036 897 1091; x_wconf 88' lang='lat' dir='ltr'>caelum</span> <span class='ocrx_word' id='word_1_60' title='bbox 917 1046 1011 1099; x_wconf 85' lang='lat' dir='ltr'>erant,</span> <span class='ocrx_word' id='word_1_61' title='bbox 1024 1037 1144 1091; x_wconf 87' lang='lat' dir='ltr'>obviam</span> <span class='ocrx_word' id='word_1_62' title='bbox 1163 1052 1253 1091; x_wconf 89' lang='lat' dir='ltr'>vene-</span> 
     </span>
     <span class='ocr_line' id='line_1_8' title="bbox 126 1113 981 1185; baseline 0.001 -17"><span class='ocrx_word' id='word_1_63' title='bbox 126 1125 197 1168; x_wconf 88' lang='lat' dir='ltr'>runt</span> <span class='ocrx_word' id='word_1_64' title='bbox 210 1113 353 1185; x_wconf 85' lang='lat' dir='ltr'>virgines,</span> <span class='ocrx_word' id='word_1_65' title='bbox 366 1125 398 1169; x_wconf 92' lang='lat' dir='ltr'>et</span> <span class='ocrx_word' id='word_1_66' title='bbox 411 1114 596 1184; x_wconf 86' lang='lat' dir='ltr'>recipiebant</span> <span class='ocrx_word' id='word_1_67' title='bbox 610 1115 685 1176; x_wconf 87' lang='lat' dir='ltr'>iilos,</span> <span class='ocrx_word' id='word_1_68' title='bbox 697 1125 728 1171; x_wconf 92' lang='lat' dir='ltr'>et</span> <span class='ocrx_word' id='word_1_69' title='bbox 742 1115 981 1170; x_wconf 83' lang='lat' dir='ltr'>introducebant.</span> 
     </span>
    </p>

    <p class='ocr_par' dir='ltr' id='par_1_4' title="bbox 126 1192 1252 2057">
     <span class='ocr_line' id='line_1_9' title="bbox 179 1192 1251 1265; baseline -0.002 -15"><span class='ocrx_word' id='word_1_70' title='bbox 179 1205 244 1264; x_wconf 73' lang='lat'>43·</span> <span class='ocrx_word' id='word_1_71' title='bbox 271 1192 346 1247; x_wconf 84' lang='lat' dir='ltr'>Post</span> <span class='ocrx_word' id='word_1_72' title='bbox 364 1193 439 1248; x_wconf 90' lang='lat' dir='ltr'>haec</span> <span class='ocrx_word' id='word_1_73' title='bbox 457 1194 539 1248; x_wconf 88' lang='lat' dir='ltr'>visus</span> <span class='ocrx_word' id='word_1_74' title='bbox 558 1206 605 1249; x_wconf 91' lang='lat' dir='ltr'>est</span> <span class='ocrx_word' id='word_1_75' title='bbox 623 1194 697 1248; x_wconf 89' lang='lat' dir='ltr'>mihi</span> <span class='ocrx_word' id='word_1_76' title='bbox 716 1194 840 1265; x_wconf 83' lang='lat' dir='ltr'>angelus</span> <span class='ocrx_word' id='word_1_77' title='bbox 858 1210 895 1249; x_wconf 86' lang='lat' dir='ltr'>ex</span> <span class='ocrx_word' id='word_1_78' title='bbox 913 1195 997 1250; x_wconf 90' lang='lat' dir='ltr'>caelo</span> <span class='ocrx_word' id='word_1_79' title='bbox 1017 1194 1076 1256; x_wconf 86' lang='lat' dir='ltr'>illo,</span> <span class='ocrx_word' id='word_1_80' title='bbox 1094 1203 1201 1249; x_wconf 90' lang='lat' dir='ltr'>tenens</span> <span class='ocrx_word' id='word_1_81' title='bbox 1221 1193 1251 1248; x_wconf 91' lang='lat' dir='ltr'>in</span> 
     </span>
     <span class='ocr_line' id='line_1_10' title="bbox 129 1273 1252 1344; baseline 0.003 -19"><span class='ocrx_word' id='word_1_82' title='bbox 129 1287 218 1326; x_wconf 90' lang='lat' dir='ltr'>manu</span> <span class='ocrx_word' id='word_1_83' title='bbox 231 1273 444 1335; x_wconf 87' lang='lat' dir='ltr'>membranam,</span> <span class='ocrx_word' id='word_1_84' title='bbox 454 1289 543 1343; x_wconf 91' lang='lat' dir='ltr'>quam</span> <span class='ocrx_word' id='word_1_85' title='bbox 553 1274 719 1335; x_wconf 88' lang='lat' dir='ltr'>evolvebat‚</span> <span class='ocrx_word' id='word_1_86' title='bbox 730 1274 841 1333; x_wconf 88' lang='lat' dir='ltr'>dicens.</span> <span class='ocrx_word' id='word_1_87' title='bbox 852 1281 868 1302; x_wconf 83' lang='lat'>‘⁴</span> <span class='ocrx_word' id='word_1_88' title='bbox 878 1273 948 1327; x_wconf 91' lang='lat' dir='ltr'>Vidi</span> <span class='ocrx_word' id='word_1_89' title='bbox 958 1274 1040 1344; x_wconf 89' lang='lat' dir='ltr'>quod</span> <span class='ocrx_word' id='word_1_90' title='bbox 1050 1273 1204 1328; x_wconf 85' lang='lat' dir='ltr'>mediteris</span> <span class='ocrx_word' id='word_1_91' title='bbox 1213 1273 1252 1331; x_wconf 88' lang='lat' dir='ltr'>de</span> 
     </span>
     <span class='ocr_line' id='line_1_11' title="bbox 126 1352 1252 1423; baseline 0.001 -18"><span class='ocrx_word' id='word_1_92' title='bbox 126 1366 230 1406; x_wconf 82' lang='lat' dir='ltr'>amore</span> <span class='ocrx_word' id='word_1_93' title='bbox 243 1352 422 1423; x_wconf 85' lang='lat' dir='ltr'>conjugiaIi:</span> <span class='ocrx_word' id='word_1_94' title='bbox 442 1353 471 1405; x_wconf 95' lang='lat' dir='ltr'>in</span> <span class='ocrx_word' id='word_1_95' title='bbox 488 1352 544 1407; x_wconf 93' lang='lat' dir='ltr'>hac</span> <span class='ocrx_word' id='word_1_96' title='bbox 560 1355 732 1408; x_wconf 89' lang='lat' dir='ltr'>membrana</span> <span class='ocrx_word' id='word_1_97' title='bbox 747 1364 818 1407; x_wconf 90' lang='lat' dir='ltr'>sunt</span> <span class='ocrx_word' id='word_1_98' title='bbox 832 1352 871 1407; x_wconf 92' lang='lat' dir='ltr'>de</span> <span class='ocrx_word' id='word_1_99' title='bbox 891 1353 942 1407; x_wconf 93' lang='lat' dir='ltr'>illo</span> <span class='ocrx_word' id='word_1_100' title='bbox 956 1368 1065 1407; x_wconf 89' lang='lat' dir='ltr'>arcana</span> <span class='ocrx_word' id='word_1_101' title='bbox 1079 1353 1252 1422; x_wconf 83' lang='lat' dir='ltr'>sapientiae,</span> 
     </span>
     <span class='ocr_line' id='line_1_12' title="bbox 128 1429 1252 1502; baseline 0.003 -19"><span class='ocrx_word' id='word_1_102' title='bbox 128 1446 189 1485; x_wconf 91' lang='lat' dir='ltr'>non</span> <span class='ocrx_word' id='word_1_103' title='bbox 202 1431 302 1485; x_wconf 88' lang='lat' dir='ltr'>adhuc</span> <span class='ocrx_word' id='word_1_104' title='bbox 312 1429 433 1486; x_wconf 71' lang='lat' dir='ltr'>retecta</span> <span class='ocrx_word' id='word_1_105' title='bbox 445 1431 475 1485; x_wconf 92' lang='lat' dir='ltr'>in</span> <span class='ocrx_word' id='word_1_106' title='bbox 490 1432 619 1493; x_wconf 79' lang='lat' dir='ltr'>mundo:</span> <span class='ocrx_word' id='word_1_107' title='bbox 639 1432 820 1502; x_wconf 89' lang='lat' dir='ltr'>detegentur</span> <span class='ocrx_word' id='word_1_108' title='bbox 829 1447 916 1495; x_wconf 88' lang='lat' dir='ltr'>nunc,</span> <span class='ocrx_word' id='word_1_109' title='bbox 927 1432 997 1502; x_wconf 90' lang='lat' dir='ltr'>quia</span> <span class='ocrx_word' id='word_1_110' title='bbox 1011 1432 1143 1487; x_wconf 90' lang='lat' dir='ltr'>interest.</span> <span class='ocrx_word' id='word_1_111' title='bbox 1174 1431 1252 1486; x_wconf 86' lang='lat' dir='ltr'>Sunt</span> 
     </span>
     <span class='ocr_line' id='line_1_13' title="bbox 129 1509 1251 1582; baseline 0.002 -19"><span class='ocrx_word' id='word_1_112' title='bbox 129 1509 159 1563; x_wconf 92' lang='lat' dir='ltr'>in</span> <span class='ocrx_word' id='word_1_113' title='bbox 172 1520 277 1565; x_wconf 86' lang='lat' dir='ltr'>nostro</span> <span class='ocrx_word' id='word_1_114' title='bbox 286 1511 370 1565; x_wconf 85' lang='lat' dir='ltr'>caelo</span> <span class='ocrx_word' id='word_1_115' title='bbox 381 1510 430 1565; x_wconf 89' lang='lat' dir='ltr'>illa</span> <span class='ocrx_word' id='word_1_116' title='bbox 439 1527 547 1565; x_wconf 90' lang='lat' dir='ltr'>arcana</span> <span class='ocrx_word' id='word_1_117' title='bbox 557 1511 624 1580; x_wconf 90' lang='lat' dir='ltr'>plus</span> <span class='ocrx_word' id='word_1_118' title='bbox 633 1527 723 1581; x_wconf 90' lang='lat' dir='ltr'>quam</span> <span class='ocrx_word' id='word_1_119' title='bbox 739 1511 768 1566; x_wconf 94' lang='lat' dir='ltr'>in</span> <span class='ocrx_word' id='word_1_120' title='bbox 781 1510 910 1582; x_wconf 88' lang='lat' dir='ltr'>reliquis,</span> <span class='ocrx_word' id='word_1_121' title='bbox 921 1511 992 1581; x_wconf 92' lang='lat' dir='ltr'>quia</span> <span class='ocrx_word' id='word_1_122' title='bbox 1004 1527 1059 1566; x_wconf 92' lang='lat' dir='ltr'>nos</span> <span class='ocrx_word' id='word_1_123' title='bbox 1069 1510 1100 1564; x_wconf 92' lang='lat' dir='ltr'>in</span> <span class='ocrx_word' id='word_1_124' title='bbox 1109 1510 1251 1581; x_wconf 83' lang='lat' dir='ltr'>conjugio</span> 
     </span>
     <span class='ocr_line' id='line_1_14' title="bbox 127 1589 1249 1661; baseline 0.005 -19"><span class='ocrx_word' id='word_1_125' title='bbox 127 1589 237 1644; x_wconf 89' lang='lat' dir='ltr'>amoris</span> <span class='ocrx_word' id='word_1_126' title='bbox 256 1599 287 1643; x_wconf 91' lang='lat' dir='ltr'>et</span> <span class='ocrx_word' id='word_1_127' title='bbox 306 1589 471 1659; x_wconf 90' lang='lat' dir='ltr'>sapientiae</span> <span class='ocrx_word' id='word_1_128' title='bbox 490 1606 609 1645; x_wconf 88' lang='lat' dir='ltr'>sumus:</span> <span class='ocrx_word' id='word_1_129' title='bbox 627 1591 680 1645; x_wconf 91' lang='lat' dir='ltr'>sed</span> <span class='ocrx_word' id='word_1_130' title='bbox 700 1591 848 1661; x_wconf 90' lang='lat' dir='ltr'>praedico,</span> <span class='ocrx_word' id='word_1_131' title='bbox 867 1590 949 1660; x_wconf 91' lang='lat' dir='ltr'>quod</span> <span class='ocrx_word' id='word_1_132' title='bbox 968 1606 1029 1645; x_wconf 91' lang='lat' dir='ltr'>non</span> <span class='ocrx_word' id='word_1_133' title='bbox 1049 1589 1099 1644; x_wconf 93' lang='lat' dir='ltr'>alii</span> <span class='ocrx_word' id='word_1_134' title='bbox 1118 1605 1249 1648; x_wconf 86' lang='lat' dir='ltr'>amorem</span> 
     </span>
     <span class='ocr_line' id='line_1_15' title="bbox 129 1667 1251 1741; baseline 0.003 -19"><span class='ocrx_word' id='word_1_135' title='bbox 129 1667 211 1722; x_wconf 92' lang='lat' dir='ltr'>illum</span> <span class='ocrx_word' id='word_1_136' title='bbox 227 1668 283 1724; x_wconf 90' lang='lat' dir='ltr'>sibi</span> <span class='ocrx_word' id='word_1_137' title='bbox 303 1669 524 1739; x_wconf 90' lang='lat' dir='ltr'>appropriaturi</span> <span class='ocrx_word' id='word_1_138' title='bbox 542 1669 611 1731; x_wconf 88' lang='lat' dir='ltr'>sint,</span> <span class='ocrx_word' id='word_1_139' title='bbox 625 1686 715 1740; x_wconf 90' lang='lat' dir='ltr'>quam</span> <span class='ocrx_word' id='word_1_140' title='bbox 730 1669 782 1740; x_wconf 91' lang='lat' dir='ltr'>qui</span> <span class='ocrx_word' id='word_1_141' title='bbox 802 1670 831 1723; x_wconf 94' lang='lat' dir='ltr'>in</span> <span class='ocrx_word' id='word_1_142' title='bbox 852 1668 968 1724; x_wconf 87' lang='lat' dir='ltr'>Novam</span> <span class='ocrx_word' id='word_1_143' title='bbox 986 1669 1158 1732; x_wconf 87' lang='lat' dir='ltr'>Ecclesiam,</span> <span class='ocrx_word' id='word_1_144' title='bbox 1174 1687 1251 1741; x_wconf 89' lang='lat' dir='ltr'>quae</span> 
     </span>
     <span class='ocr_line' id='line_1_16' title="bbox 128 1747 1250 1819; baseline 0.001 -17"><span class='ocrx_word' id='word_1_145' title='bbox 128 1757 174 1802; x_wconf 82' lang='lat' dir='ltr'>est</span> <span class='ocrx_word' id='word_1_146' title='bbox 186 1747 274 1802; x_wconf 87' lang='lat' dir='ltr'>Nova</span> <span class='ocrx_word' id='word_1_147' title='bbox 288 1747 505 1819; x_wconf 87' lang='lat' dir='ltr'>Hierosolyma,</span> <span class='ocrx_word' id='word_1_148' title='bbox 519 1765 536 1803; x_wconf 97' lang='lat' dir='ltr'>a</span> <span class='ocrx_word' id='word_1_149' title='bbox 556 1748 689 1804; x_wconf 93' lang='lat' dir='ltr'>Dornino</span> <span class='ocrx_word' id='word_1_150' title='bbox 702 1749 911 1819; x_wconf 87' lang='lat' dir='ltr'>recipiuntur.”</span> <span class='ocrx_word' id='word_1_151' title='bbox 949 1749 1005 1804; x_wconf 89' lang='lat' dir='ltr'>His</span> <span class='ocrx_word' id='word_1_152' title='bbox 1018 1748 1115 1810; x_wconf 75' lang='lat' dir='ltr'>dietis,</span> <span class='ocrx_word' id='word_1_153' title='bbox 1128 1749 1250 1804; x_wconf 88' lang='lat' dir='ltr'>demisit</span> 
     </span>
     <span class='ocr_line' id='line_1_17' title="bbox 128 1827 1251 1899; baseline 0.002 -19"><span class='ocrx_word' id='word_1_154' title='bbox 128 1827 252 1898; x_wconf 87' lang='lat' dir='ltr'>angelus</span> <span class='ocrx_word' id='word_1_155' title='bbox 265 1828 469 1882; x_wconf 88' lang='lat' dir='ltr'>membranam</span> <span class='ocrx_word' id='word_1_156' title='bbox 482 1829 643 1889; x_wconf 84' lang='lat' dir='ltr'>evolutam,</span> <span class='ocrx_word' id='word_1_157' title='bbox 657 1844 746 1898; x_wconf 90' lang='lat' dir='ltr'>quam</span> <span class='ocrx_word' id='word_1_158' title='bbox 760 1828 882 1899; x_wconf 91' lang='lat' dir='ltr'>quidam</span> <span class='ocrx_word' id='word_1_159' title='bbox 901 1829 1024 1898; x_wconf 89' lang='lat' dir='ltr'>spiritus</span> <span class='ocrx_word' id='word_1_160' title='bbox 1036 1829 1188 1899; x_wconf 92' lang='lat' dir='ltr'>angelicus</span> <span class='ocrx_word' id='word_1_161' title='bbox 1200 1845 1251 1884; x_wconf 85' lang='lat' dir='ltr'>ex·</span> 
     </span>
     <span class='ocr_line' id='line_1_18' title="bbox 128 1906 1250 1979; baseline 0.003 -19"><span class='ocrx_word' id='word_1_162' title='bbox 128 1906 215 1976; x_wconf 83' lang='lat' dir='ltr'>cepit,</span> <span class='ocrx_word' id='word_1_163' title='bbox 228 1916 259 1962; x_wconf 90' lang='lat' dir='ltr'>et</span> <span class='ocrx_word' id='word_1_164' title='bbox 272 1908 407 1977; x_wconf 85' lang='lat' dir='ltr'>reposuit</span> <span class='ocrx_word' id='word_1_165' title='bbox 418 1923 509 1976; x_wconf 88' lang='lat' dir='ltr'>super</span> <span class='ocrx_word' id='word_1_166' title='bbox 521 1923 624 1962; x_wconf 89' lang='lat' dir='ltr'>mensa</span> <span class='ocrx_word' id='word_1_167' title='bbox 643 1908 673 1961; x_wconf 93' lang='lat' dir='ltr'>in</span> <span class='ocrx_word' id='word_1_168' title='bbox 689 1909 821 1978; x_wconf 90' lang='lat' dir='ltr'>quodam</span> <span class='ocrx_word' id='word_1_169' title='bbox 834 1908 977 1970; x_wconf 89' lang='lat' dir='ltr'>conclavi,</span> <span class='ocrx_word' id='word_1_170' title='bbox 990 1909 1073 1979; x_wconf 89' lang='lat' dir='ltr'>quod</span> <span class='ocrx_word' id='word_1_171' title='bbox 1086 1908 1167 1963; x_wconf 94' lang='lat' dir='ltr'>illico</span> <span class='ocrx_word' id='word_1_172' title='bbox 1178 1923 1250 1963; x_wconf 90' lang='lat' dir='ltr'>con·</span> 
     </span>
     <span class='ocr_line' id='line_1_19' title="bbox 128 1985 947 2057; baseline 0.004 -17"><span class='ocrx_word' id='word_1_173' title='bbox 128 1985 222 2049; x_wconf 85' lang='lat' dir='ltr'>clusit.</span> <span class='ocrx_word' id='word_1_174' title='bbox 236 1997 268 2042; x_wconf 94' lang='lat' dir='ltr'>et</span> <span class='ocrx_word' id='word_1_175' title='bbox 280 1987 415 2057; x_wconf 86' lang='lat' dir='ltr'>porrexit</span> <span class='ocrx_word' id='word_1_176' title='bbox 427 1986 501 2040; x_wconf 90' lang='lat' dir='ltr'>mihi</span> <span class='ocrx_word' id='word_1_177' title='bbox 514 1987 637 2050; x_wconf 86' lang='lat' dir='ltr'>clavem,</span> <span class='ocrx_word' id='word_1_178' title='bbox 650 1998 683 2043; x_wconf 93' lang='lat' dir='ltr'>et</span> <span class='ocrx_word' id='word_1_179' title='bbox 695 1987 779 2050; x_wconf 85' lang='lat' dir='ltr'>dixit,</span> <span class='ocrx_word' id='word_1_180' title='bbox 792 1996 809 2016; x_wconf 81' lang='lat'>⁴·</span> <span class='ocrx_word' id='word_1_181' title='bbox 817 1985 947 2043; x_wconf 65' lang='lat' dir='ltr'>Scribes·</span> 
     </span>
    </p>
   </div>
   <div class='ocr_carea' id='block_1_3' title="bbox 128 2107 702 2191">
    <p class='ocr_par' dir='ltr' id='par_1_5' title="bbox 128 2107 702 2191">
     <span class='ocr_line' id='line_1_20' title="bbox 128 2107 702 2191; baseline 0.002 -20"><span class='ocrx_word' id='word_1_182' title='bbox 128 2120 199 2191; x_wconf 76' lang='grc'>44.</span> <span class='ocrx_word' id='word_1_183' title='bbox 228 2107 392 2172; x_wconf 88' lang='lat' dir='ltr'>Alterum</span> <span class='ocrx_word' id='word_1_184' title='bbox 411 2107 635 2172; x_wconf 89' lang='lat' dir='ltr'>Memorabile</span> <span class='ocrx_word' id='word_1_185' title='bbox 647 2128 702 2172; x_wconf 93' lang='lat'>:—</span> 
     </span>
    </p>
   </div>
   <div class='ocr_carea' id='block_1_4' title="bbox 179 2227 1249 2301">
    <p class='ocr_par' dir='ltr' id='par_1_6' title="bbox 179 2227 1249 2301">
     <span class='ocr_line' id='line_1_21' title="bbox 179 2227 1249 2301; baseline -0.001 -17"><span class='ocrx_word' id='word_1_186' title='bbox 179 2227 341 2301; x_wconf 78' lang='lat' dir='ltr'>Quondam</span> <span class='ocrx_word' id='word_1_187' title='bbox 357 2229 418 2284; x_wconf 86' lang='lat' dir='ltr'>vidi</span> <span class='ocrx_word' id='word_1_188' title='bbox 437 2239 499 2284; x_wconf 91' lang='lat' dir='ltr'>tres</span> <span class='ocrx_word' id='word_1_189' title='bbox 517 2229 640 2299; x_wconf 91' lang='lat' dir='ltr'>spiritus</span> <span class='ocrx_word' id='word_1_190' title='bbox 659 2229 821 2284; x_wconf 88' lang='lat' dir='ltr'>novitiose</span> <span class='ocrx_word' id='word_1_191' title='bbox 841 2228 963 2291; x_wconf 81' lang='lat' dir='ltr'>mundo,</span> <span class='ocrx_word' id='word_1_192' title='bbox 975 2229 1028 2300; x_wconf 82' lang='lat' dir='ltr'>qni</span> <span class='ocrx_word' id='word_1_193' title='bbox 1046 2228 1249 2300; x_wconf 86' lang='lat' dir='ltr'>circumvaga·</span> 
     </span>
    </p>
   </div>
   <div class='ocr_carea' id='block_1_5' title="bbox 127 2308 1248 4522">
    <p class='ocr_par' dir='ltr' id='par_1_7' title="bbox 129 2308 1248 3092">
     <span class='ocr_line' id='line_1_22' title="bbox 129 2308 1248 2380; baseline 0 -16"><span class='ocrx_word' id='word_1_194' title='bbox 129 2308 242 2372; x_wconf 85' lang='lat' dir='ltr'>bantur.</span> <span class='ocrx_word' id='word_1_195' title='bbox 255 2309 430 2371; x_wconf 81' lang='lat' dir='ltr'>lustrabant,</span> <span class='ocrx_word' id='word_1_196' title='bbox 441 2319 471 2364; x_wconf 89' lang='lat' dir='ltr'>et</span> <span class='ocrx_word' id='word_1_197' title='bbox 484 2309 684 2364; x_wconf 88' lang='lat' dir='ltr'>sciscitabant.</span> <span class='ocrx_word' id='word_1_198' title='bbox 723 2309 814 2363; x_wconf 89' lang='lat' dir='ltr'>Erant</span> <span class='ocrx_word' id='word_1_199' title='bbox 827 2308 857 2362; x_wconf 93' lang='lat' dir='ltr'>in</span> <span class='ocrx_word' id='word_1_200' title='bbox 868 2309 1065 2364; x_wconf 87' lang='lat' dir='ltr'>admiratione</span> <span class='ocrx_word' id='word_1_201' title='bbox 1075 2309 1156 2380; x_wconf 90' lang='lat' dir='ltr'>quod</span> <span class='ocrx_word' id='word_1_202' title='bbox 1167 2310 1248 2364; x_wconf 90' lang='lat' dir='ltr'>vive·</span> 
     </span>
     <span class='ocr_line' id='line_1_23' title="bbox 129 2388 1248 2459; baseline 0 -16"><span class='ocrx_word' id='word_1_203' title='bbox 129 2399 191 2443; x_wconf 85' lang='lat' dir='ltr'>rent</span> <span class='ocrx_word' id='word_1_204' title='bbox 200 2389 340 2444; x_wconf 92' lang='lat' dir='ltr'>homines</span> <span class='ocrx_word' id='word_1_205' title='bbox 349 2404 471 2458; x_wconf 89' lang='lat' dir='ltr'>prorsus</span> <span class='ocrx_word' id='word_1_206' title='bbox 480 2389 558 2443; x_wconf 88' lang='lat' dir='ltr'>sicut</span> <span class='ocrx_word' id='word_1_207' title='bbox 568 2389 657 2458; x_wconf 85' lang='lat' dir='ltr'>prius,</span> <span class='ocrx_word' id='word_1_208' title='bbox 665 2398 696 2444; x_wconf 91' lang='lat' dir='ltr'>et</span> <span class='ocrx_word' id='word_1_209' title='bbox 706 2390 786 2459; x_wconf 90' lang='lat' dir='ltr'>quod</span> <span class='ocrx_word' id='word_1_210' title='bbox 797 2388 935 2444; x_wconf 87' lang='lat' dir='ltr'>viderent</span> <span class='ocrx_word' id='word_1_211' title='bbox 945 2388 1054 2443; x_wconf 89' lang='lat' dir='ltr'>similia</span> <span class='ocrx_word' id='word_1_212' title='bbox 1063 2405 1139 2459; x_wconf 91' lang='lat' dir='ltr'>quae</span> <span class='ocrx_word' id='word_1_213' title='bbox 1150 2388 1232 2458; x_wconf 89' lang='lat' dir='ltr'>prius</span> <span class='ocrx_word' id='word_1_214' title='bbox 1241 2406 1248 2452; x_wconf 73' lang='grc' dir='ltr'><strong>ς</strong></span> 
     </span>
     <span class='ocr_line' id='line_1_24' title="bbox 130 2467 1246 2538; baseline 0.002 -17"><span class='ocrx_word' id='word_1_215' title='bbox 130 2478 276 2522; x_wconf 87' lang='lat' dir='ltr'>noverunt</span> <span class='ocrx_word' id='word_1_216' title='bbox 287 2469 368 2523; x_wconf 92' lang='lat' dir='ltr'>enim</span> <span class='ocrx_word' id='word_1_217' title='bbox 382 2468 466 2538; x_wconf 91' lang='lat' dir='ltr'>quod</span> <span class='ocrx_word' id='word_1_218' title='bbox 478 2484 496 2523; x_wconf 91' lang='lat' dir='ltr'>e</span> <span class='ocrx_word' id='word_1_219' title='bbox 509 2469 623 2522; x_wconf 90' lang='lat' dir='ltr'>mundo</span> <span class='ocrx_word' id='word_1_220' title='bbox 636 2468 728 2537; x_wconf 87' lang='lat' dir='ltr'>priori</span> <span class='ocrx_word' id='word_1_221' title='bbox 741 2484 793 2523; x_wconf 86' lang='lat' dir='ltr'>seu</span> <span class='ocrx_word' id='word_1_222' title='bbox 808 2467 935 2522; x_wconf 85' lang='lat' dir='ltr'>naturali</span> <span class='ocrx_word' id='word_1_223' title='bbox 948 2467 1107 2529; x_wconf 87' lang='lat' dir='ltr'>obiverint,</span> <span class='ocrx_word' id='word_1_224' title='bbox 1120 2479 1152 2522; x_wconf 92' lang='lat' dir='ltr'>et</span> <span class='ocrx_word' id='word_1_225' title='bbox 1164 2468 1246 2538; x_wconf 90' lang='lat' dir='ltr'>quod</span> 
     </span>
     <span class='ocr_line' id='line_1_25' title="bbox 130 2544 1245 2619; baseline -0.001 -18"><span class='ocrx_word' id='word_1_226' title='bbox 130 2546 166 2601; x_wconf 92' lang='lat' dir='ltr'>ibi</span> <span class='ocrx_word' id='word_1_227' title='bbox 178 2547 361 2602; x_wconf 87' lang='lat' dir='ltr'>crediderint</span> <span class='ocrx_word' id='word_1_228' title='bbox 370 2547 451 2619; x_wconf 91' lang='lat' dir='ltr'>quod</span> <span class='ocrx_word' id='word_1_229' title='bbox 466 2563 526 2602; x_wconf 91' lang='lat' dir='ltr'>non</span> <span class='ocrx_word' id='word_1_230' title='bbox 539 2544 647 2601; x_wconf 62' lang='lat' dir='ltr'>victuri</span> <span class='ocrx_word' id='word_1_231' title='bbox 660 2547 721 2602; x_wconf 89' lang='lat' dir='ltr'>sint</span> <span class='ocrx_word' id='word_1_232' title='bbox 733 2546 872 2602; x_wconf 91' lang='lat' dir='ltr'>homines</span> <span class='ocrx_word' id='word_1_233' title='bbox 885 2547 967 2616; x_wconf 91' lang='lat' dir='ltr'>prius</span> <span class='ocrx_word' id='word_1_234' title='bbox 980 2563 1069 2617; x_wconf 90' lang='lat' dir='ltr'>quam</span> <span class='ocrx_word' id='word_1_235' title='bbox 1084 2556 1151 2616; x_wconf 89' lang='lat' dir='ltr'>post</span> <span class='ocrx_word' id='word_1_236' title='bbox 1165 2547 1245 2601; x_wconf 91' lang='lat' dir='ltr'>diem</span> 
     </span>
     <span class='ocr_line' id='line_1_26' title="bbox 131 2624 1247 2696; baseline 0 -18"><span class='ocrx_word' id='word_1_237' title='bbox 131 2625 224 2679; x_wconf 91' lang='lat' dir='ltr'>ultimi</span> <span class='ocrx_word' id='word_1_238' title='bbox 236 2625 351 2695; x_wconf 84' lang='lat' dir='ltr'>judicii,</span> <span class='ocrx_word' id='word_1_239' title='bbox 361 2625 483 2696; x_wconf 89' lang='lat' dir='ltr'>quando</span> <span class='ocrx_word' id='word_1_240' title='bbox 494 2624 761 2679; x_wconf 89' lang='lat' dir='ltr'>circumdabuntur</span> <span class='ocrx_word' id='word_1_241' title='bbox 770 2640 859 2679; x_wconf 91' lang='lat' dir='ltr'>carne</span> <span class='ocrx_word' id='word_1_242' title='bbox 868 2634 898 2679; x_wconf 89' lang='lat' dir='ltr'>et</span> <span class='ocrx_word' id='word_1_243' title='bbox 911 2625 1029 2680; x_wconf 86' lang='lat' dir='ltr'>ossibus</span> <span class='ocrx_word' id='word_1_244' title='bbox 1039 2625 1203 2679; x_wconf 88' lang='lat' dir='ltr'>reconditis</span> <span class='ocrx_word' id='word_1_245' title='bbox 1217 2624 1247 2678; x_wconf 92' lang='lat' dir='ltr'>in</span> 
     </span>
     <span class='ocr_line' id='line_1_27' title="bbox 129 2703 1247 2775; baseline 0 -16"><span class='ocrx_word' id='word_1_246' title='bbox 129 2704 283 2774; x_wconf 82' lang='lat' dir='ltr'>sepulcris;</span> <span class='ocrx_word' id='word_1_247' title='bbox 302 2720 394 2775; x_wconf 89' lang='lat' dir='ltr'>quare</span> <span class='ocrx_word' id='word_1_248' title='bbox 413 2714 447 2758; x_wconf 88' lang='lat' dir='ltr'>ut</span> <span class='ocrx_word' id='word_1_249' title='bbox 465 2704 692 2774; x_wconf 88' lang='lat' dir='ltr'>deprivarentur</span> <span class='ocrx_word' id='word_1_250' title='bbox 710 2704 792 2758; x_wconf 90' lang='lat' dir='ltr'>omni</span> <span class='ocrx_word' id='word_1_251' title='bbox 812 2703 913 2766; x_wconf 84' lang='lat' dir='ltr'>dubio,</span> <span class='ocrx_word' id='word_1_252' title='bbox 928 2704 1001 2774; x_wconf 92' lang='lat' dir='ltr'>quin</span> <span class='ocrx_word' id='word_1_253' title='bbox 1020 2719 1090 2759; x_wconf 90' lang='lat' dir='ltr'>vere</span> <span class='ocrx_word' id='word_1_254' title='bbox 1109 2704 1247 2759; x_wconf 88' lang='lat' dir='ltr'>homines</span> 
     </span>
     <span class='ocr_line' id='line_1_28' title="bbox 129 2782 1247 2854; baseline -0.002 -16"><span class='ocrx_word' id='word_1_255' title='bbox 129 2795 233 2847; x_wconf 84' lang='lat' dir='ltr'>essent,</span> <span class='ocrx_word' id='word_1_256' title='bbox 244 2800 297 2854; x_wconf 89' lang='lat' dir='ltr'>per</span> <span class='ocrx_word' id='word_1_257' title='bbox 306 2784 388 2838; x_wconf 86' lang='lat' dir='ltr'>vices</span> <span class='ocrx_word' id='word_1_258' title='bbox 402 2784 595 2853; x_wconf 85' lang='lat' dir='ltr'>inspexerunt</span> <span class='ocrx_word' id='word_1_259' title='bbox 606 2797 641 2837; x_wconf 92' lang='lat' dir='ltr'>ac</span> <span class='ocrx_word' id='word_1_260' title='bbox 651 2782 816 2853; x_wconf 87' lang='lat' dir='ltr'>tetigerunt</span> <span class='ocrx_word' id='word_1_261' title='bbox 825 2798 857 2837; x_wconf 91' lang='lat' dir='ltr'>se</span> <span class='ocrx_word' id='word_1_262' title='bbox 870 2792 901 2837; x_wconf 90' lang='lat' dir='ltr'>et</span> <span class='ocrx_word' id='word_1_263' title='bbox 913 2783 996 2844; x_wconf 89' lang='lat' dir='ltr'>alios,</span> <span class='ocrx_word' id='word_1_264' title='bbox 1007 2793 1038 2837; x_wconf 90' lang='lat' dir='ltr'>et</span> <span class='ocrx_word' id='word_1_265' title='bbox 1051 2783 1247 2853; x_wconf 87' lang='lat' dir='ltr'>palpaverunt</span> 
     </span>
     <span class='ocr_line' id='line_1_29' title="bbox 129 2861 1246 2932; baseline -0.002 -16"><span class='ocrx_word' id='word_1_266' title='bbox 129 2861 251 2932; x_wconf 66' lang='lat' dir='ltr'>obiecta,</span> <span class='ocrx_word' id='word_1_267' title='bbox 264 2873 296 2918; x_wconf 91' lang='lat' dir='ltr'>et</span> <span class='ocrx_word' id='word_1_268' title='bbox 314 2878 368 2932; x_wconf 89' lang='lat' dir='ltr'>per</span> <span class='ocrx_word' id='word_1_269' title='bbox 385 2862 478 2916; x_wconf 91' lang='lat' dir='ltr'>millia</span> <span class='ocrx_word' id='word_1_270' title='bbox 496 2861 712 2917; x_wconf 86' lang='lat' dir='ltr'>confirmabant</span> <span class='ocrx_word' id='word_1_271' title='bbox 731 2877 763 2916; x_wconf 92' lang='lat' dir='ltr'>se</span> <span class='ocrx_word' id='word_1_272' title='bbox 782 2862 865 2932; x_wconf 91' lang='lat' dir='ltr'>quod</span> <span class='ocrx_word' id='word_1_273' title='bbox 884 2878 964 2916; x_wconf 93' lang='lat' dir='ltr'>nunc</span> <span class='ocrx_word' id='word_1_274' title='bbox 982 2873 1083 2917; x_wconf 84' lang='lat' dir='ltr'>essent</span> <span class='ocrx_word' id='word_1_275' title='bbox 1101 2861 1246 2924; x_wconf 85' lang='lat' dir='ltr'>homines,</span> 
     </span>
     <span class='ocr_line' id='line_1_30' title="bbox 129 2941 1247 3012; baseline 0.002 -16"><span class='ocrx_word' id='word_1_276' title='bbox 129 2942 201 2996; x_wconf 80' lang='lat' dir='ltr'>sicut</span> <span class='ocrx_word' id='word_1_277' title='bbox 215 2942 245 2996; x_wconf 91' lang='lat' dir='ltr'>in</span> <span class='ocrx_word' id='word_1_278' title='bbox 260 2941 350 3012; x_wconf 90' lang='lat' dir='ltr'>priori</span> <span class='ocrx_word' id='word_1_279' title='bbox 364 2941 495 3004; x_wconf 72' lang='lat' dir='ltr'>mundo:</span> <span class='ocrx_word' id='word_1_280' title='bbox 515 2941 724 3011; x_wconf 88' lang='lat' dir='ltr'>praeterquod</span> <span class='ocrx_word' id='word_1_281' title='bbox 735 2957 768 2996; x_wconf 89' lang='lat' dir='ltr'>se</span> <span class='ocrx_word' id='word_1_282' title='bbox 781 2951 888 2996; x_wconf 90' lang='lat' dir='ltr'>mutuo</span> <span class='ocrx_word' id='word_1_283' title='bbox 902 2941 931 2996; x_wconf 92' lang='lat' dir='ltr'>in</span> <span class='ocrx_word' id='word_1_284' title='bbox 945 2941 1119 2997; x_wconf 80' lang='lat' dir='ltr'>candidiore</span> <span class='ocrx_word' id='word_1_285' title='bbox 1131 2942 1205 3003; x_wconf 83' lang='lat' dir='ltr'>luce.</span> <span class='ocrx_word' id='word_1_286' title='bbox 1215 2951 1247 2998; x_wconf 85' lang='lat' dir='ltr'>et</span> 
     </span>
     <span class='ocr_line' id='line_1_31' title="bbox 129 3017 1063 3092; baseline -0.001 -16"><span class='ocrx_word' id='word_1_287' title='bbox 129 3019 242 3092; x_wconf 68' lang='lat' dir='ltr'>objecta</span> <span class='ocrx_word' id='word_1_288' title='bbox 256 3021 285 3074; x_wconf 96' lang='lat' dir='ltr'>in</span> <span class='ocrx_word' id='word_1_289' title='bbox 299 3021 452 3091; x_wconf 89' lang='lat' dir='ltr'>superiore</span> <span class='ocrx_word' id='word_1_290' title='bbox 465 3021 632 3091; x_wconf 88' lang='lat' dir='ltr'>splendore.</span> <span class='ocrx_word' id='word_1_291' title='bbox 643 3030 675 3075; x_wconf 89' lang='lat' dir='ltr'>et</span> <span class='ocrx_word' id='word_1_292' title='bbox 687 3020 731 3075; x_wconf 92' lang='lat' dir='ltr'>sic</span> <span class='ocrx_word' id='word_1_293' title='bbox 743 3017 905 3091; x_wconf 57' lang='lat' dir='ltr'>perfectius</span> <span class='ocrx_word' id='word_1_294' title='bbox 917 3020 1063 3076; x_wconf 90' lang='lat' dir='ltr'>viderent.</span> 
     </span>
    </p>

    <p class='ocr_par' dir='ltr' id='par_1_8' title="bbox 129 3099 1246 3242">
     <span class='ocr_line' id='line_1_32' title="bbox 175 3099 1246 3172; baseline 0.001 -18"><span class='ocrx_word' id='word_1_295' title='bbox 175 3099 263 3154; x_wconf 84' lang='lat' dir='ltr'>Tunc</span> <span class='ocrx_word' id='word_1_296' title='bbox 281 3099 358 3155; x_wconf 86' lang='lat' dir='ltr'>iorte</span> <span class='ocrx_word' id='word_1_297' title='bbox 374 3101 436 3155; x_wconf 92' lang='lat' dir='ltr'>duo</span> <span class='ocrx_word' id='word_1_298' title='bbox 450 3100 572 3169; x_wconf 88' lang='lat' dir='ltr'>spiritus</span> <span class='ocrx_word' id='word_1_299' title='bbox 586 3100 713 3172; x_wconf 79' lang='lat' dir='ltr'>angelici</span> <span class='ocrx_word' id='word_1_300' title='bbox 729 3100 788 3155; x_wconf 90' lang='lat' dir='ltr'>iliis</span> <span class='ocrx_word' id='word_1_301' title='bbox 802 3101 1007 3162; x_wconf 89' lang='lat' dir='ltr'>occurrebant,</span> <span class='ocrx_word' id='word_1_302' title='bbox 1020 3110 1052 3155; x_wconf 91' lang='lat' dir='ltr'>et</span> <span class='ocrx_word' id='word_1_303' title='bbox 1066 3099 1246 3163; x_wconf 87' lang='lat' dir='ltr'>retinebant.</span> 
     </span>
     <span class='ocr_line' id='line_1_33' title="bbox 129 3178 516 3242; baseline 0 -8"><span class='ocrx_word' id='word_1_304' title='bbox 129 3178 262 3242; x_wconf 85' lang='lat' dir='ltr'>dicendo,</span> <span class='ocrx_word' id='word_1_305' title='bbox 276 3179 393 3235; x_wconf 88' lang='lat' dir='ltr'>“Unde</span> <span class='ocrx_word' id='word_1_306' title='bbox 405 3178 516 3235; x_wconf 80' lang='lat' dir='ltr'>estis?&#39;&#39;</span> 
     </span>
    </p>

    <p class='ocr_par' dir='ltr' id='par_1_9' title="bbox 128 3257 1246 3409">
     <span class='ocr_line' id='line_1_34' title="bbox 177 3257 1245 3329; baseline -0.004 -14"><span class='ocrx_word' id='word_1_307' title='bbox 177 3259 216 3315; x_wconf 85' lang='lat' dir='ltr'>Et</span> <span class='ocrx_word' id='word_1_308' title='bbox 237 3259 466 3329; x_wconf 86' lang='lat' dir='ltr'>responderunt,</span> <span class='ocrx_word' id='word_1_309' title='bbox 486 3257 670 3314; x_wconf 84' lang='lat' dir='ltr'>“Obivimus</span> <span class='ocrx_word' id='word_1_310' title='bbox 691 3274 709 3313; x_wconf 92' lang='lat' dir='ltr'>e</span> <span class='ocrx_word' id='word_1_311' title='bbox 730 3259 852 3322; x_wconf 88' lang='lat' dir='ltr'>mundo,</span> <span class='ocrx_word' id='word_1_312' title='bbox 874 3273 910 3313; x_wconf 93' lang='lat' dir='ltr'>ac</span> <span class='ocrx_word' id='word_1_313' title='bbox 932 3257 1039 3313; x_wconf 88' lang='lat' dir='ltr'>iterurn</span> <span class='ocrx_word' id='word_1_314' title='bbox 1060 3258 1189 3313; x_wconf 85' lang='lat' dir='ltr'>vivimus</span> <span class='ocrx_word' id='word_1_315' title='bbox 1215 3258 1245 3312; x_wconf 93' lang='lat' dir='ltr'>in</span> 
     </span>
     <span class='ocr_line' id='line_1_35' title="bbox 128 3336 1246 3409; baseline -0.004 -15"><span class='ocrx_word' id='word_1_316' title='bbox 128 3340 252 3403; x_wconf 85' lang='lat' dir='ltr'>mundo;</span> <span class='ocrx_word' id='word_1_317' title='bbox 268 3339 311 3393; x_wconf 89' lang='lat' dir='ltr'>ita</span> <span class='ocrx_word' id='word_1_318' title='bbox 323 3339 515 3409; x_wconf 87' lang='lat' dir='ltr'>migravimus</span> <span class='ocrx_word' id='word_1_319' title='bbox 527 3354 544 3393; x_wconf 90' lang='lat' dir='ltr'>e</span> <span class='ocrx_word' id='word_1_320' title='bbox 557 3338 671 3393; x_wconf 91' lang='lat' dir='ltr'>mundo</span> <span class='ocrx_word' id='word_1_321' title='bbox 688 3338 717 3391; x_wconf 96' lang='lat' dir='ltr'>in</span> <span class='ocrx_word' id='word_1_322' title='bbox 734 3337 896 3400; x_wconf 74' lang='lat' dir='ltr'>mundum:</span> <span class='ocrx_word' id='word_1_323' title='bbox 914 3336 973 3392; x_wconf 90' lang='lat' dir='ltr'>hoc</span> <span class='ocrx_word' id='word_1_324' title='bbox 986 3353 1066 3391; x_wconf 94' lang='lat' dir='ltr'>nunc</span> <span class='ocrx_word' id='word_1_325' title='bbox 1076 3336 1246 3391; x_wconf 88' lang='lat' dir='ltr'>miramur.”</span> 
     </span>
    </p>

    <p class='ocr_par' dir='ltr' id='par_1_10' title="bbox 127 3417 1246 4281">
     <span class='ocr_line' id='line_1_36' title="bbox 176 3417 1246 3488; baseline -0.003 -14"><span class='ocrx_word' id='word_1_326' title='bbox 176 3418 214 3474; x_wconf 84' lang='lat' dir='ltr'>Et</span> <span class='ocrx_word' id='word_1_327' title='bbox 234 3428 311 3473; x_wconf 94' lang='lat' dir='ltr'>tunc</span> <span class='ocrx_word' id='word_1_328' title='bbox 332 3429 393 3472; x_wconf 90' lang='lat' dir='ltr'>tres</span> <span class='ocrx_word' id='word_1_329' title='bbox 413 3417 520 3472; x_wconf 91' lang='lat' dir='ltr'>novitii</span> <span class='ocrx_word' id='word_1_330' title='bbox 543 3417 768 3488; x_wconf 87' lang='lat' dir='ltr'>interrogabant</span> <span class='ocrx_word' id='word_1_331' title='bbox 788 3417 865 3471; x_wconf 90' lang='lat' dir='ltr'>duos</span> <span class='ocrx_word' id='word_1_332' title='bbox 887 3417 1012 3486; x_wconf 91' lang='lat' dir='ltr'>spiritus</span> <span class='ocrx_word' id='word_1_333' title='bbox 1032 3417 1184 3487; x_wconf 91' lang='lat' dir='ltr'>angelicos</span> <span class='ocrx_word' id='word_1_334' title='bbox 1207 3417 1246 3471; x_wconf 91' lang='lat' dir='ltr'>de</span> 
     </span>
     <span class='ocr_line' id='line_1_37' title="bbox 128 3495 1246 3568; baseline -0.003 -14"><span class='ocrx_word' id='word_1_335' title='bbox 128 3499 220 3561; x_wconf 81' lang='lat' dir='ltr'>uaelo;</span> <span class='ocrx_word' id='word_1_336' title='bbox 239 3508 271 3553; x_wconf 88' lang='lat' dir='ltr'>et</span> <span class='ocrx_word' id='word_1_337' title='bbox 283 3497 355 3568; x_wconf 91' lang='lat' dir='ltr'>quia</span> <span class='ocrx_word' id='word_1_338' title='bbox 369 3497 431 3551; x_wconf 92' lang='lat' dir='ltr'>duo</span> <span class='ocrx_word' id='word_1_339' title='bbox 443 3514 480 3552; x_wconf 82' lang='lat' dir='ltr'>ex</span> <span class='ocrx_word' id='word_1_340' title='bbox 494 3498 589 3552; x_wconf 90' lang='lat' dir='ltr'>tribus</span> <span class='ocrx_word' id='word_1_341' title='bbox 608 3496 731 3551; x_wconf 88' lang='lat' dir='ltr'>novitiis</span> <span class='ocrx_word' id='word_1_342' title='bbox 746 3506 831 3551; x_wconf 85' lang='lat' dir='ltr'>erant</span> <span class='ocrx_word' id='word_1_343' title='bbox 849 3496 1064 3557; x_wconf 85' lang='lat' dir='ltr'>adolescentes,</span> <span class='ocrx_word' id='word_1_344' title='bbox 1078 3507 1109 3550; x_wconf 89' lang='lat' dir='ltr'>et</span> <span class='ocrx_word' id='word_1_345' title='bbox 1127 3512 1164 3550; x_wconf 82' lang='lat' dir='ltr'>ex</span> <span class='ocrx_word' id='word_1_346' title='bbox 1180 3495 1246 3551; x_wconf 92' lang='lat' dir='ltr'>ilio·</span> 
     </span>
     <span class='ocr_line' id='line_1_38' title="bbox 128 3575 1245 3647; baseline -0.002 -16"><span class='ocrx_word' id='word_1_347' title='bbox 128 3592 186 3632; x_wconf 90' lang='lat' dir='ltr'>mm</span> <span class='ocrx_word' id='word_1_348' title='bbox 208 3577 306 3633; x_wconf 88' lang='lat' dir='ltr'>oculis</span> <span class='ocrx_word' id='word_1_349' title='bbox 327 3576 475 3631; x_wconf 88' lang='lat' dir='ltr'>emicabat</span> <span class='ocrx_word' id='word_1_350' title='bbox 499 3577 577 3631; x_wconf 90' lang='lat' dir='ltr'>sicut</span> <span class='ocrx_word' id='word_1_351' title='bbox 602 3576 750 3647; x_wconf 85' lang='lat' dir='ltr'>igniculus</span> <span class='ocrx_word' id='word_1_352' title='bbox 775 3575 908 3630; x_wconf 89' lang='lat' dir='ltr'>libidinis</span> <span class='ocrx_word' id='word_1_353' title='bbox 929 3576 967 3630; x_wconf 90' lang='lat' dir='ltr'>ad</span> <span class='ocrx_word' id='word_1_354' title='bbox 988 3590 1102 3637; x_wconf 81' lang='lat' dir='ltr'>sexum,</span> <span class='ocrx_word' id='word_1_355' title='bbox 1123 3575 1245 3629; x_wconf 88' lang='lat' dir='ltr'>aiebant</span> 
     </span>
     <span class='ocr_line' id='line_1_39' title="bbox 127 3654 1245 3727; baseline -0.001 -17"><span class='ocrx_word' id='word_1_356' title='bbox 127 3656 244 3727; x_wconf 79' lang='lat' dir='ltr'>spiritus</span> <span class='ocrx_word' id='word_1_357' title='bbox 256 3656 392 3727; x_wconf 84' lang='lat' dir='ltr'>angelici.</span> <span class='ocrx_word' id='word_1_358' title='bbox 406 3655 521 3711; x_wconf 82' lang='lat' dir='ltr'>“Forte</span> <span class='ocrx_word' id='word_1_359' title='bbox 536 3656 654 3711; x_wconf 82' lang='lat' dir='ltr'>vidistis</span> <span class='ocrx_word' id='word_1_360' title='bbox 670 3655 831 3719; x_wconf 77' lang='lat' dir='ltr'>feminas;”</span> <span class='ocrx_word' id='word_1_361' title='bbox 843 3665 873 3710; x_wconf 93' lang='lat' dir='ltr'>et</span> <span class='ocrx_word' id='word_1_362' title='bbox 891 3654 1118 3724; x_wconf 88' lang='lat' dir='ltr'>responderunt,</span> <span class='ocrx_word' id='word_1_363' title='bbox 1132 3661 1149 3684; x_wconf 87' lang='lat'>⁴‘</span> <span class='ocrx_word' id='word_1_364' title='bbox 1160 3654 1245 3709; x_wconf 85' lang='lat' dir='ltr'>Vidi·</span> 
     </span>
     <span class='ocr_line' id='line_1_40' title="bbox 128 3733 1243 3807; baseline -0.001 -18"><span class='ocrx_word' id='word_1_365' title='bbox 128 3735 214 3792; x_wconf 87' lang='lat' dir='ltr'>nus.”</span> <span class='ocrx_word' id='word_1_366' title='bbox 244 3736 282 3791; x_wconf 86' lang='lat' dir='ltr'>Et</span> <span class='ocrx_word' id='word_1_367' title='bbox 295 3736 365 3807; x_wconf 89' lang='lat' dir='ltr'>quia</span> <span class='ocrx_word' id='word_1_368' title='bbox 378 3736 638 3806; x_wconf 84' lang='lat' dir='ltr'>interrogavemnt</span> <span class='ocrx_word' id='word_1_369' title='bbox 658 3736 695 3790; x_wconf 92' lang='lat' dir='ltr'>de</span> <span class='ocrx_word' id='word_1_370' title='bbox 708 3736 801 3798; x_wconf 86' lang='lat' dir='ltr'>caelo,</span> <span class='ocrx_word' id='word_1_371' title='bbox 815 3735 956 3790; x_wconf 86' lang='lat' dir='ltr'>diremnt</span> <span class='ocrx_word' id='word_1_372' title='bbox 970 3734 1059 3788; x_wconf 89' lang='lat' dir='ltr'>haec:</span> <span class='ocrx_word' id='word_1_373' title='bbox 1079 3740 1095 3762; x_wconf 86' lang='grc'>“</span> <span class='ocrx_word' id='word_1_374' title='bbox 1106 3733 1140 3787; x_wconf 93' lang='lat' dir='ltr'>In</span> <span class='ocrx_word' id='word_1_375' title='bbox 1160 3734 1243 3788; x_wconf 87' lang='lat' dir='ltr'>caelo</span> 
     </span>
     <span class='ocr_line' id='line_1_41' title="bbox 128 3812 1243 3886; baseline 0 -19"><span class='ocrx_word' id='word_1_376' title='bbox 128 3826 190 3869; x_wconf 82' lang='lat' dir='ltr'>tunt</span> <span class='ocrx_word' id='word_1_377' title='bbox 208 3815 312 3871; x_wconf 89' lang='lat' dir='ltr'>omnia</span> <span class='ocrx_word' id='word_1_378' title='bbox 331 3813 489 3886; x_wconf 85' lang='lat' dir='ltr'>magnifica</span> <span class='ocrx_word' id='word_1_379' title='bbox 506 3824 538 3869; x_wconf 94' lang='lat' dir='ltr'>et</span> <span class='ocrx_word' id='word_1_380' title='bbox 556 3814 720 3883; x_wconf 86' lang='lat' dir='ltr'>splendida,</span> <span class='ocrx_word' id='word_1_381' title='bbox 736 3824 768 3868; x_wconf 91' lang='lat' dir='ltr'>et</span> <span class='ocrx_word' id='word_1_382' title='bbox 785 3814 858 3868; x_wconf 90' lang='lat' dir='ltr'>talia</span> <span class='ocrx_word' id='word_1_383' title='bbox 876 3829 952 3884; x_wconf 91' lang='lat' dir='ltr'>quae</span> <span class='ocrx_word' id='word_1_384' title='bbox 971 3812 1076 3867; x_wconf 92' lang='lat' dir='ltr'>oculus</span> <span class='ocrx_word' id='word_1_385' title='bbox 1096 3829 1243 3885; x_wconf 76' lang='lat' dir='ltr'>nusquam</span> 
     </span>
     <span class='ocr_line' id='line_1_42' title="bbox 127 3891 1244 3963; baseline -0.002 -15"><span class='ocrx_word' id='word_1_386' title='bbox 127 3894 252 3958; x_wconf 75' lang='lat' dir='ltr'>viderat3</span> <span class='ocrx_word' id='word_1_387' title='bbox 271 3906 302 3950; x_wconf 91' lang='lat' dir='ltr'>et</span> <span class='ocrx_word' id='word_1_388' title='bbox 314 3905 386 3950; x_wconf 91' lang='lat' dir='ltr'>sunt</span> <span class='ocrx_word' id='word_1_389' title='bbox 400 3894 440 3947; x_wconf 94' lang='lat' dir='ltr'>ibi</span> <span class='ocrx_word' id='word_1_390' title='bbox 454 3893 584 3963; x_wconf 91' lang='lat' dir='ltr'>virgines</span> <span class='ocrx_word' id='word_1_391' title='bbox 600 3904 632 3948; x_wconf 91' lang='lat' dir='ltr'>et</span> <span class='ocrx_word' id='word_1_392' title='bbox 645 3893 779 3963; x_wconf 86' lang='lat' dir='ltr'>juvenes,</span> <span class='ocrx_word' id='word_1_393' title='bbox 792 3892 922 3962; x_wconf 87' lang='lat' dir='ltr'>virgines</span> <span class='ocrx_word' id='word_1_394' title='bbox 936 3892 989 3946; x_wconf 89' lang='lat' dir='ltr'>tali</span> <span class='ocrx_word' id='word_1_395' title='bbox 1012 3891 1244 3961; x_wconf 82' lang='lat' dir='ltr'>pulchritudine.</span> 
     </span>
     <span class='ocr_line' id='line_1_43' title="bbox 128 3970 1243 4044; baseline -0.002 -18"><span class='ocrx_word' id='word_1_396' title='bbox 128 3975 266 4030; x_wconf 88' lang='lat' dir='ltr'>utvocari</span> <span class='ocrx_word' id='word_1_397' title='bbox 299 3975 417 4044; x_wconf 88' lang='lat' dir='ltr'>possint</span> <span class='ocrx_word' id='word_1_398' title='bbox 442 3972 680 4043; x_wconf 90' lang='lat' dir='ltr'>pulchritudines</span> <span class='ocrx_word' id='word_1_399' title='bbox 705 3972 734 4025; x_wconf 91' lang='lat' dir='ltr'>in</span> <span class='ocrx_word' id='word_1_400' title='bbox 759 3988 813 4026; x_wconf 89' lang='lat' dir='ltr'>sua</span> <span class='ocrx_word' id='word_1_401' title='bbox 839 3971 951 4033; x_wconf 74' lang='lat' dir='ltr'>iormn:</span> <span class='ocrx_word' id='word_1_402' title='bbox 978 3987 1013 4025; x_wconf 94' lang='lat' dir='ltr'>ac</span> <span class='ocrx_word' id='word_1_403' title='bbox 1037 3971 1163 4040; x_wconf 87' lang='lat' dir='ltr'>juvenes</span> <span class='ocrx_word' id='word_1_404' title='bbox 1188 3970 1243 4025; x_wconf 91' lang='lat' dir='ltr'>tali</span> 
     </span>
     <span class='ocr_line' id='line_1_44' title="bbox 128 4049 1244 4122; baseline -0.004 -15"><span class='ocrx_word' id='word_1_405' title='bbox 128 4055 299 4116; x_wconf 83' lang='lat' dir='ltr'>moralitate,</span> <span class='ocrx_word' id='word_1_406' title='bbox 309 4064 344 4108; x_wconf 90' lang='lat' dir='ltr'>ut</span> <span class='ocrx_word' id='word_1_407' title='bbox 352 4053 453 4108; x_wconf 87' lang='lat' dir='ltr'>vocari</span> <span class='ocrx_word' id='word_1_408' title='bbox 467 4053 584 4122; x_wconf 89' lang='lat' dir='ltr'>possint</span> <span class='ocrx_word' id='word_1_409' title='bbox 597 4051 780 4106; x_wconf 89' lang='lat' dir='ltr'>moralitates</span> <span class='ocrx_word' id='word_1_410' title='bbox 794 4051 823 4103; x_wconf 93' lang='lat' dir='ltr'>in</span> <span class='ocrx_word' id='word_1_411' title='bbox 834 4066 887 4105; x_wconf 89' lang='lat' dir='ltr'>sua</span> <span class='ocrx_word' id='word_1_412' title='bbox 899 4049 1010 4111; x_wconf 76' lang='lat' dir='ltr'>forma:</span> <span class='ocrx_word' id='word_1_413' title='bbox 1029 4059 1059 4104; x_wconf 92' lang='lat' dir='ltr'>et</span> <span class='ocrx_word' id='word_1_414' title='bbox 1069 4065 1244 4119; x_wconf 90' lang='lat' dir='ltr'>correspon-</span> 
     </span>
     <span class='ocr_line' id='line_1_45' title="bbox 129 4128 1243 4204; baseline -0.002 -19"><span class='ocrx_word' id='word_1_415' title='bbox 129 4131 193 4188; x_wconf 87' lang='lat' dir='ltr'>dent</span> <span class='ocrx_word' id='word_1_416' title='bbox 217 4134 275 4188; x_wconf 91' lang='lat' dir='ltr'>sibi</span> <span class='ocrx_word' id='word_1_417' title='bbox 301 4131 542 4204; x_wconf 87' lang='lat' dir='ltr'>pulchritudines</span> <span class='ocrx_word' id='word_1_418' title='bbox 559 4130 709 4201; x_wconf 87' lang='lat' dir='ltr'>virginum</span> <span class='ocrx_word' id='word_1_419' title='bbox 733 4140 766 4184; x_wconf 93' lang='lat' dir='ltr'>et</span> <span class='ocrx_word' id='word_1_420' title='bbox 789 4129 975 4185; x_wconf 85' lang='lat' dir='ltr'>moralitates</span> <span class='ocrx_word' id='word_1_421' title='bbox 992 4129 1146 4200; x_wconf 83' lang='lat' dir='ltr'>juvenum,</span> <span class='ocrx_word' id='word_1_422' title='bbox 1164 4128 1243 4184; x_wconf 90' lang='lat' dir='ltr'>sicut</span> 
     </span>
     <span class='ocr_line' id='line_1_46' title="bbox 130 4208 637 4281; baseline 0.004 -18"><span class='ocrx_word' id='word_1_423' title='bbox 130 4208 233 4268; x_wconf 79' lang='lat' dir='ltr'>idrmae</span> <span class='ocrx_word' id='word_1_424' title='bbox 246 4224 368 4267; x_wconf 90' lang='lat' dir='ltr'>mutuae</span> <span class='ocrx_word' id='word_1_425' title='bbox 382 4221 413 4266; x_wconf 91' lang='lat' dir='ltr'>et</span> <span class='ocrx_word' id='word_1_426' title='bbox 425 4209 637 4281; x_wconf 86' lang='lat' dir='ltr'>coaptabiles.”</span> 
     </span>
    </p>

    <p class='ocr_par' dir='ltr' id='par_1_11' title="bbox 131 4286 1242 4440">
     <span class='ocr_line' id='line_1_47' title="bbox 176 4286 1242 4364; baseline -0.005 -16"><span class='ocrx_word' id='word_1_427' title='bbox 176 4292 212 4347; x_wconf 84' lang='lat' dir='ltr'>Et</span> <span class='ocrx_word' id='word_1_428' title='bbox 224 4293 438 4364; x_wconf 88' lang='lat' dir='ltr'>quaesiverunt</span> <span class='ocrx_word' id='word_1_429' title='bbox 453 4291 515 4344; x_wconf 89' lang='lat' dir='ltr'>duo</span> <span class='ocrx_word' id='word_1_430' title='bbox 528 4288 644 4350; x_wconf 81' lang='lat' dir='ltr'>novitii,</span> <span class='ocrx_word' id='word_1_431' title='bbox 658 4304 729 4342; x_wconf 91' lang='lat' dir='ltr'>num</span> <span class='ocrx_word' id='word_1_432' title='bbox 746 4287 776 4342; x_wconf 92' lang='lat' dir='ltr'>in</span> <span class='ocrx_word' id='word_1_433' title='bbox 791 4286 876 4342; x_wconf 90' lang='lat' dir='ltr'>caelo</span> <span class='ocrx_word' id='word_1_434' title='bbox 891 4287 952 4342; x_wconf 88' lang='lat' dir='ltr'>sint</span> <span class='ocrx_word' id='word_1_435' title='bbox 966 4287 1079 4342; x_wconf 78' lang='lat' dir='ltr'>formae</span> <span class='ocrx_word' id='word_1_436' title='bbox 1093 4286 1242 4343; x_wconf 90' lang='lat' dir='ltr'>humanae</span> 
     </span>
     <span class='ocr_line' id='line_1_48' title="bbox 131 4367 964 4440; baseline -0.008 -13"><span class='ocrx_word' id='word_1_437' title='bbox 131 4384 240 4438; x_wconf 68' lang='lat' dir='ltr'>uorsus</span> <span class='ocrx_word' id='word_1_438' title='bbox 252 4371 399 4426; x_wconf 88' lang='lat' dir='ltr'>similares</span> <span class='ocrx_word' id='word_1_439' title='bbox 414 4370 471 4424; x_wconf 93' lang='lat' dir='ltr'>illis</span> <span class='ocrx_word' id='word_1_440' title='bbox 483 4385 560 4440; x_wconf 90' lang='lat' dir='ltr'>quae</span> <span class='ocrx_word' id='word_1_441' title='bbox 574 4368 603 4422; x_wconf 91' lang='lat' dir='ltr'>in</span> <span class='ocrx_word' id='word_1_442' title='bbox 618 4367 732 4422; x_wconf 91' lang='lat' dir='ltr'>mundo</span> <span class='ocrx_word' id='word_1_443' title='bbox 745 4367 873 4421; x_wconf 87' lang='lat' dir='ltr'>naturali</span> <span class='ocrx_word' id='word_1_444' title='bbox 885 4377 964 4421; x_wconf 93' lang='lat' dir='ltr'>sunt.</span> 
     </span>
    </p>

    <p class='ocr_par' dir='ltr' id='par_1_12' title="bbox 177 4444 1240 4522">
     <span class='ocr_line' id='line_1_49' title="bbox 177 4444 1240 4522; baseline -0.005 -16"><span class='ocrx_word' id='word_1_445' title='bbox 177 4450 212 4506; x_wconf 84' lang='lat' dir='ltr'>Et</span> <span class='ocrx_word' id='word_1_446' title='bbox 231 4450 478 4522; x_wconf 85' lang='lat' dir='ltr'>respondebatur,</span> <span class='ocrx_word' id='word_1_447' title='bbox 497 4448 578 4520; x_wconf 88' lang='lat' dir='ltr'>quod</span> <span class='ocrx_word' id='word_1_448' title='bbox 598 4462 720 4518; x_wconf 86' lang='lat' dir='ltr'>prorsus</span> <span class='ocrx_word' id='word_1_449' title='bbox 738 4445 893 4509; x_wconf 85' lang='lat' dir='ltr'>similares.</span> <span class='ocrx_word' id='word_1_450' title='bbox 912 4445 987 4500; x_wconf 91' lang='lat' dir='ltr'>nihil</span> <span class='ocrx_word' id='word_1_451' title='bbox 1005 4444 1138 4499; x_wconf 90' lang='lat' dir='ltr'>ablatum</span> <span class='ocrx_word' id='word_1_452' title='bbox 1157 4453 1240 4501; x_wconf 80' lang='lat' dir='ltr'>este</span> 
     </span>
    </p>
   </div>
   <div class='ocr_carea' id='block_1_6' title="bbox 0 0 1403 5026">
    <p class='ocr_par' dir='ltr' id='par_1_13' title="bbox 0 0 1403 5026">
     <span class='ocr_line' id='line_1_50' title="bbox 0 0 1403 5026; baseline 0 0"><span class='ocrx_word' id='word_1_453' title='bbox 0 0 1403 5026; x_wconf 95' lang='lat' dir='ltr'> </span> 
     </span>
    </p>
   </div>
  </div>
 </body>
</html>
