2782 5026
262 450 315 502 ur:
338 449 471 501 Axona
494 444 856 501 scoarxron1o.—u.
874 445 944 513 50²·
1123 431 1182 513 385

43 620 271 694 violationis,
292 629 329 683 et
347 619 454 683 libido
473 617 662 682 seducendi
680 615 909 689 innocentias,
929 614 971 678 de
990 613 1111 697 quibus
1129 635 1183 679 se·

46 719 176 802 quitur.
228 716 399 780 Dicuntur
414 714 583 789 libidines,
597 713 675 795 quia
691 721 820 794 quanta
831 722 867 774 et
884 710 992 792 qualis
1008 720 1061 773 est
1078 710 1184 775 libido

52 816 95 881 ad
115 815 194 890 illa,
215 821 321 877 tanta
341 820 379 875 et
400 809 482 874 talis
500 818 555 872 est
577 808 809 890 appropriatio
830 806 977 870 illorum.
1022 805 1124 888 Quod
1146 809 1178 872 iu

55 911 170 992 specie
194 908 376 972 libidinem
394 904 630 969 deflorationis
648 902 836 975 concernit,
856 911 894 964 ut
917 898 1088 964 convictio
1109 901 1182 964 evi·
1245 937 1254 955 ‚

57 1006 140 1070 dens
171 1003 236 1067 fiat
266 1001 358 1084 quod
392 1002 437 1064 sit
470 999 649 1081 flagitium,
680 995 951 1060 manifestabitur
984 1017 1029 1059 ex
1062 996 1115 1061 his
1147 997 1182 1061 in

58 1101 175 1164 ordine
188 1116 247 1158 :—

237 1230 281 1298 (i.)
307 1227 448 1282 Exstatu
456 1225 1181 1297 w’rgr'm'sseusemr'naeillibataeanteconjugr’um,

380 1305 408 1352 11
417 1303 484 1368 post
494 1299 672 1367 conjugium.

228 1371 284 1438 (ii)
312 1369 398 1440 Quod
406 1370 570 1490 virginitas
583 1370 624 1420 sit
634 1384 738 1421 corona
751 1369 905 1430 castr'tatr's,
915 1373 943 1421 11
955 1373 1059 1421 tessera
1073 1370 1183 1422 amoris

217 1509 284 1578 (iii.)
312 1508 441 1633 Quoddon
380 1455 497 1578 ff
405 1439 563 1563 llltld
566 1507 670 1577 absque
673 1507 737 1578 fine
745 1525 876 1579 conyugrr
875 1509 927 1562 111
930 1508 1088 1579 stagrtrum
1092 1512 1182 1578 prae·

221 1650 285 1721 (iv.)
313 1650 399 1721 Quod
409 1666 471 1704 sors
485 1649 674 1718 1111111111111
673 1648 774 1719 apud
784 1665 813 1702 se
826 1648 1071 1719 confirmaverunt
1084 1648 1182 1703 libidi-

379 1737 443 1774 nem
468 1719 673 1805 defloratrbnis
690 1736 747 1773 non
770 1736 827 1774 esse
850 1719 959 1773 malum
978 1723 1102 1791 pcccati,
1114 1724 1182 1790 post

379 1796 499 1845 mortem
505 1795 617 1862 gravis
628 1792 676 1845 111.

63 1942 223 2028 Sequitur
241 1940 362 2004 horum
381 1939 581 2048 explicatio.

119 2054 277 2124 somn
252 2035 277 2120 (i
280 2035 303 2119 .)
327 2035 379 2098 De
403 2045 496 2099 statu
518 2033 668 2116 virginis
690 2054 748 2098 seu
761 2033 947 2114 [1111111111
945 2033 1084 2099 llibatae
1104 2044 1181 2099 ante

63 2134 259 2222 eonjugium,
282 2139 315 2195 et
331 2140 412 2212 post
433 2129 631 2215 conjugium
633 2128 797 2211 -Qualis
819 2139 873 2194 est
896 2140 1007 2194 status
1029 2131 1180 2212 virginis,

64 2241 250 2312 antequam
269 2223 435 2291 instrud'ta
457 2234 511 2289 est
533 2226 576 2288 de
598 2226 699 2288 variis
724 2226 847 2289 taedae
871 2225 1080 2307 conjugialis,
1100 2226 1182 2290 mihi

64 2324 319 2391 manifestatum
337 2333 390 2385 est
410 2323 454 2384 ab
473 2322 637 2385 uxoribus
660 2322 693 2384 in
712 2322 840 2384 mundo
859 2322 1033 2404 spirituali,
1052 2321 1182 2384 abillis

63 2422 113 2495 ibi,
133 2439 224 2502 quae
243 2418 277 2481 in
296 2417 438 2480 infantia
457 2437 516 2479 sua
535 2437 554 2479 e
577 2417 704 2480 mundo
722 2416 867 2480 naturali
886 2426 1120 2491 excesserunt,
1140 2436 1180 2480 ac

63 2518 228 2580 educatae
254 2522 334 2576 sunt
356 2513 390 2576 in
414 2511 521 2576 caelo.
574 2511 757 2586 Dixerunt,
777 2512 867 2595 quod
891 2513 972 2575 dum
994 2512 1028 2575 in
1051 2521 1181 2575 statum

64 2610 211 2674 nubilem
240 2616 420 2682 venerunt,
445 2606 599 2670 ex⁴visis
629 2606 840 2687 conjugibus,
864 2607 1051 2689 inceperint
1073 2607 1180 2670 vitam

64 2701 290 2787 coniugialem
311 2722 437 2776 amare,
458 2702 519 2765 sed
542 2712 682 2783 propter
705 2702 815 2765 solum
839 2701 940 2765 finem
964 2710 1002 2766 ut
1024 2702 1182 2766 dicantur

64 2819 199 2873 uxores,
218 2818 258 2860 ac
281 2806 319 2862 ut
340 2799 450 2861 amice
474 2806 510 2860 et
533 2796 746 2861 confidenter
764 2817 839 2862 cum
863 2817 931 2861 uno
948 2798 1021 2861 viro
1039 2817 1180 2861 consor·

64 2896 147 2958 tium
166 2901 321 2966 teneant,
338 2902 374 2955 et
398 2912 532 2974 quoque
552 2902 589 2954 ut
612 2892 827 2955 abalienatae
850 2913 869 2956 e
892 2893 996 2956 domo
1017 2893 1180 2956 obedien·

64 2991 142 3061 tiae,
156 2987 207 3050 sui
223 2983 304 3064 juris
321 2986 425 3063 fiant;
449 2997 485 3050 et
504 2987 666 3050 dixerunt
680 2988 770 3069 quod
783 2988 894 3051 solum
906 3009 951 3052 ex
969 2989 1181 3053 beatitudine

64 3082 233 3148 amicitiae
262 3088 297 3143 et
326 3081 555 3145 confidentiae
578 3092 716 3146 mutuae
745 3102 822 3147 cum
851 3093 1011 3148 consorte
1036 3085 1109 3148 viro
1137 3085 1181 3150 de

65 3177 223 3259 conjugio
245 3176 485 3256 cogitaverint,
509 3186 545 3240 et
568 3196 703 3258 prorsus
726 3198 794 3242 non
824 3199 868 3242 ex
896 3178 1019 3245 delicio
1041 3179 1181 3261 alicujus

65 3274 229 3339 llammae.
275 3271 326 3335 At
348 3273 439 3355 quod
463 3282 574 3337 status
597 3273 729 3336 illarum
749 3274 920 3355 virgineus
943 3285 1023 3356 post
1046 3277 1181 3357 nuptias

66 3378 216 3435 mutatus
232 3368 276 3430 sit
295 3369 328 3431 in
346 3388 481 3443 novum,
500 3369 542 3431 de
561 3389 628 3451 quo
644 3368 734 3451 prius
751 3389 792 3432 ne
808 3369 914 3433 hilum
930 3372 1120 3448 sciverunt;
1145 3381 1181 3437 et

65 3465 255 3548 inquierunt
268 3463 358 3544 quod
372 3463 427 3527 hic
443 3473 555 3527 status
567 3474 659 3528 esset
676 3473 786 3527 status
798 3467 1018 3547 expansionis
1030 3468 1180 3531 omnium

66 3562 154 3624 vitae
172 3558 323 3669 corporis
340 3558 389 3620 sui
408 3578 428 3620 a
447 3559 562 3638 primis
581 3559 624 3622 ad
643 3558 763 3622 ultima
782 3559 824 3622 ad
844 3560 1073 3641 recipiendum
1090 3562 1181 3626 dona

61 3635 174 3721 mariti
197 3655 258 3728 sui,
282 3664 318 3718 et
349 3654 391 3718 ad
421 3654 506 3718 haec
530 3655 713 3719 uniendum
737 3676 817 3719 suae
847 3657 951 3730 vitae,
975 3666 1012 3720 ut
1043 3659 1089 3721 sic
1119 3658 1180 3724 liat

65 3769 157 3815 amor
176 3748 258 3831 ejus,
279 3758 315 3812 et
333 3769 440 3827 uxor
468 3761 503 3814 et
522 3751 613 3833 quod
632 3751 687 3815 hic
707 3760 818 3815 status
835 3751 1180 3816 inchoaverrtamo

65 3854 182 3910 tnento
212 3843 455 3918 deflorationis,
480 3854 516 3908 et
545 3847 637 3928 quod
668 3856 747 3928 post
776 3846 864 3910 hanc
895 3847 1015 3912 arserit
1045 3847 1181 3911 flamma

65 3940 186 4004 amoris
215 3939 258 4001 ad
288 3939 398 4003 solum
426 3941 596 4018 maritum,
621 3950 656 4005 et
686 3942 775 4025 quod
799 3942 938 4006 delicias
960 3943 1181 4024 expansionis

64 4030 157 4099 istius
180 4034 326 4097 senserit
345 4034 534 4100 caelestes:
566 4047 602 4101 et
625 4038 716 4120 quod
739 4039 817 4120 quia
838 4040 871 4101 in
894 4038 983 4102 hunc
1007 4048 1137 4103 statum
1160 4059 1181 4103 a

65 4145 122 4194 suo
139 4129 265 4194 marito
283 4128 479 4194 introducta
502 4140 567 4207 est,
586 4141 622 4195 et
646 4133 724 4215 quia
745 4142 800 4197 est
822 4153 867 4195 ex
890 4133 962 4208 illo,
981 4142 1017 4199 et
1039 4135 1087 4197 sic
1110 4132 1181 4216 ejus

66 4220 97 4286 in
114 4245 162 4302 se,
183 4223 286 4307 plane
306 4244 375 4288 non
394 4227 503 4308 possit
521 4246 623 4310 quam
641 4227 736 4291 illum
755 4228 865 4291 solum
883 4247 1007 4292 amare.
1052 4227 1109 4292 lix
1128 4228 1181 4293 his

68 4320 320 4386 manifestatum
343 4329 408 4394 est,
429 4321 537 4403 qualis
560 4331 614 4388 est
637 4333 750 4387 status
767 4324 935 4405 virginum
959 4333 1042 4388 ante
1063 4323 1180 4405 conju·

69 4413 153 4494 glum
165 4425 201 4482 et
215 4413 500 4499 postconjugium
515 4418 549 4481 in
561 4418 668 4484 caelo.
710 4416 811 4502 Quod
822 4418 940 4484 similis
952 4419 997 4486 sit
1012 4419 1180 4503 virginum
