2850 5026
233 429 293 513 198
577 440 760 492 uumerus
784 440 1013 492 sumantur

229 615 309 679 inde
331 613 374 678 sit
397 613 512 695 frigus,
534 611 712 676 manifeste
732 611 825 675 videt
845 611 942 684 ratio,
963 610 1043 672 dum
1062 608 1243 692 expendit,
1262 607 1343 691 quod

227 730 324 773 amor
342 709 566 772 scortatorius
585 710 629 770 sit
649 729 667 770 e
688 709 857 770 diametro
875 707 1052 788 oppositus
1070 705 1179 768 amori
1198 705 1344 787 conjugi·

228 804 292 882 ali;
323 824 427 887 quare
450 823 527 867 cum
550 804 710 877 creditur,
736 802 826 884 quod
850 822 945 864 amor
968 798 1170 881 conjugialis
1195 801 1241 863 sit
1268 820 1345 862 unus

227 919 305 963 cum
328 919 444 961 amore
467 898 684 972 scortatorio,
709 895 746 958 fit
770 907 912 978 uterque
934 916 1031 958 amor
1053 896 1086 959 in
1110 895 1190 958 idea
1212 895 1345 969 similis;

227 1004 263 1058 et
279 1005 361 1057 tunc
379 1014 466 1057 uxor
481 994 643 1075 aspicitur
659 1002 695 1055 ut
712 1004 874 1066 scortum,
888 1002 923 1054 et
940 991 1134 1072 conjugium
1151 999 1189 1053 ut
1205 990 1346 1054 immun·

227 1090 335 1166 ditia;
366 1088 439 1171 ipse
468 1088 518 1150 vir
537 1089 641 1150 etiam
671 1097 725 1150 est
754 1086 900 1160 adulter,
924 1087 953 1149 si
983 1106 1051 1149 non
1071 1105 1226 1167 corpore,
1247 1105 1346 1167 usque

227 1185 366 1267 spiritu:
399 1183 489 1265 quod
520 1182 599 1246 inde
628 1183 718 1246 inter
736 1183 844 1245 virum
874 1191 911 1245 et
940 1180 1011 1262 ejus
1030 1180 1205 1243 mulierem
1237 1180 1347 1243 effluat

227 1289 460 1360 contemptus,
477 1278 661 1352 fastidium,
674 1288 710 1340 et
729 1277 910 1351 aversatio,
923 1286 960 1340 et
979 1277 1027 1339 sic
1045 1277 1218 1339 intensum
1235 1276 1345 1356 frigus,

227 1375 420 1438 indevitato
438 1375 610 1455 sequitur;
636 1372 719 1435 nihil
742 1373 831 1435 enim
855 1371 932 1455 plus
955 1373 988 1434 in
1012 1391 1049 1434 se
1068 1371 1226 1434 recondit
1249 1370 1347 1453 frigus

227 1468 430 1553 conjugiale,
451 1488 552 1552 quam
571 1488 668 1531 amor
686 1468 929 1544 scortatorius;
954 1476 989 1530 et
1007 1468 1086 1549 quia
1104 1469 1208 1530 etiam
1228 1467 1299 1530 abit
1317 1468 1347 1529 in

226 1564 321 1640 illud,
343 1585 411 1629 non
429 1565 602 1627 immerito
620 1564 735 1626 vocari
754 1574 870 1644 potest
890 1564 999 1644 ipsum
1018 1562 1122 1644 frigus
1138 1561 1337 1644 conjugiale.

291 1659 391 1744 248·
415 1657 505 1743 (xii.)
531 1659 629 1738 Quod
639 1679 817 1723 causarum
829 1667 1044 1721 externarum
1059 1658 1162 1721 tertia
1177 1659 1226 1721 sit
1239 1680 1345 1721 aemu-

229 1756 312 1819 latio
333 1754 629 1836 supereminentiae
650 1753 738 1817 iuter
759 1754 920 1836 conjuges,
944 1755 1033 1816 ratio
1062 1762 1128 1828 est,
1152 1755 1232 1835 quia
1255 1773 1346 1838 amor

227 1848 429 1931 conjugialis
451 1849 541 1912 inter
564 1850 673 1931 prima
696 1868 757 1911 sua
779 1846 915 1929 speetat
939 1850 1100 1910 unionem
1119 1848 1345 1921 voluntatum,

226 1958 262 2011 et
285 1947 365 2010 inde
383 1944 501 2028 placiti
524 1945 741 2021 libertatem;
772 1943 834 2007 has
857 1944 942 2007 duas
960 1944 1146 2008 aemulatio
1165 1945 1346 2025 superemi-

228 2042 365 2106 nentiae
384 2062 443 2104 seu
461 2040 505 2104 de
528 2040 680 2121 imperio,
700 2036 791 2118 ejicit
815 2060 834 2102 e
857 2038 1038 2120 conjugio;
1062 2039 1183 2103 dividit
1202 2040 1292 2102 enim
1313 2047 1346 2101 et

226 2137 387 2202 discindit
406 2136 604 2199 voluntates
622 2137 656 2198 in
675 2144 801 2217 partes,
819 2145 855 2199 et
875 2134 993 2218 placiti
1013 2135 1210 2198 libertatem
1229 2136 1345 2197 immu-

227 2242 280 2297 tat
310 2234 344 2295 in
374 2233 585 2295 servitutem.
632 2230 723 2293 Dum
746 2231 931 2294 aemulatio
959 2230 1018 2293 illa
1046 2240 1189 2311 perstat,
1214 2231 1346 2312 spiritus

227 2328 323 2391 unius
353 2337 468 2391 versat
491 2327 674 2390 violentias
702 2336 823 2388 contra
846 2325 1011 2401 alterum3
1046 2326 1073 2386 si
1103 2335 1185 2387 tunc
1215 2335 1346 2389 mentes

227 2423 359 2486 illorum
377 2423 589 2503 aperirentur
607 2432 642 2484 et
662 2421 941 2503 conspicerentur
956 2421 1029 2482 visu
1048 2420 1226 2502 spirituali,
1244 2439 1345 2503 appa·

227 2527 341 2581 retent
364 2518 450 2580 sicut
470 2518 672 2580 dimicantes
692 2516 905 2597 pugionibus,
925 2524 961 2578 et
984 2516 1076 2596 quod
1100 2514 1243 2578 alternis
1266 2514 1346 2579 odiis

226 2623 262 2677 et
289 2614 428 2676 alternis
447 2612 618 2676 favoribus
641 2609 858 2693 aspedtarent
882 2630 943 2688 se;
977 2611 1064 2673 odiis
1087 2630 1164 2673 cum
1188 2611 1222 2673 in
1246 2609 1345 2674 vehe-

227 2709 357 2772 mentia
368 2708 607 2771 aemulationis
623 2718 714 2782 sunt,
732 2718 767 2771 et
786 2708 957 2771 favoribus
973 2707 1053 2769 dum
1070 2708 1103 2769 in
1120 2726 1181 2788 spe
1198 2706 1344 2777 dominii,

226 2812 262 2867 et
286 2804 366 2866 dum
394 2804 427 2865 in
451 2802 589 2865 libidine
613 2813 703 2865 sunt.
750 2801 846 2865 Haec
871 2802 1047 2865 dimicatio
1070 2811 1149 2884 post
1172 2799 1345 2865 vid'toriam

228 2898 325 2961 unius
348 2918 448 2980 super
470 2896 617 2960 alterum
641 2898 771 2960 recedit
795 2898 838 2960 ab
861 2898 1026 2971 externis,
1051 2907 1087 2960 at
1110 2897 1231 2978 recipit
1253 2916 1291 2960 se
1315 2897 1345 2958 in

228 2993 353 3055 mentis
373 2993 517 3068 interna,
538 3001 574 3056 et
593 2993 638 3055 ibi
658 3001 774 3055 manet
793 3013 868 3056 cum
889 2993 1030 3074 irrequie
1047 2992 1246 3069 recondita;
1271 2991 1345 3055 inde

226 3096 281 3151 est
297 3086 477 3168 subjugato
493 3107 552 3150 seu
569 3109 668 3151 servo
684 3089 799 3170 frigus,
813 3098 849 3151 et
868 3109 1001 3171 quoque
1018 3086 1146 3152 vid'trici
1163 3108 1222 3150 seu
1239 3086 1345 3151 domi·

227 3201 310 3244 nae:
345 3183 436 3264 quod
460 3183 565 3245 etiam
588 3183 665 3246 huic
689 3184 733 3246 sit
761 3183 876 3264 frigus,
901 3194 954 3246 est
977 3184 1147 3265 quianon
1174 3192 1228 3245 est
1254 3201 1346 3245 amor

226 3275 425 3357 conjugialis
443 3277 599 3358 amplius,
619 3298 659 3341 ac
679 3279 824 3359 privatio
843 3275 940 3357 hujus
959 3279 1083 3341 amoris
1102 3286 1155 3341 est
1175 3278 1280 3359 frigus
1300 3277 1344 3359 (n.

226 3370 324 3452 235):
352 3371 430 3435 loco
449 3372 573 3435 amoris
592 3372 792 3455 conjugialis
810 3382 863 3436 est
882 3373 958 3436 huic
979 3373 1072 3436 calor
1095 3395 1139 3437 ex
1163 3374 1345 3454 superemi-

227 3467 354 3541 nentia,
375 3468 436 3530 sed
459 3467 514 3530 hic
537 3467 632 3530 calor
654 3488 790 3548 prorsus
810 3469 983 3530 discordat
1003 3487 1079 3531 cum
1099 3466 1212 3530 calore
1232 3467 1344 3549 conju·

226 3560 317 3643 giali,
338 3570 374 3624 at
399 3571 514 3642 potest
537 3564 690 3626 exterius
710 3563 918 3626 concordare
939 3563 1050 3625 media
1070 3563 1220 3625 libidine.
1266 3563 1345 3627 Post

226 3656 491 3719 conventionem
511 3657 599 3720 inter
617 3658 694 3721 illos
713 3659 865 3731 tacitam,
887 3667 1029 3739 apparet
1045 3659 1132 3721 sicut
1149 3677 1246 3720 amor
1264 3678 1345 3722 con·

223 3751 358 3833 jugialis
381 3749 489 3815 ladius
512 3754 556 3815 sit
580 3753 749 3817 amicitia:
782 3763 817 3816 at
845 3754 1026 3816 discrimen
1050 3754 1139 3816 inter
1161 3754 1344 3817 amicitiam

226 3843 455 3927 conjugialem
478 3857 514 3910 et
537 3849 722 3912 amicitiam
746 3848 905 3912 servilem
929 3850 962 3910 in
986 3847 1161 3929 conjugiis,
1181 3857 1236 3912 est
1260 3849 1345 3911 sicut

226 3943 407 4006 discrimen
431 3943 520 4005 inter
542 3942 653 4006 lucem
676 3954 711 4007 et
735 3944 902 4017 umbram,
924 3944 1012 4006 inter
1034 3943 1150 4024 ignem
1173 3944 1288 4006 vivum
1311 3951 1345 4006 et

225 4036 367 4111 fatuum,
382 4038 486 4099 immo
502 4038 589 4101 sicut
606 4037 694 4100 inter
709 4038 883 4102 hominem
900 4038 1038 4122 plenum
1056 4057 1169 4113 carne,
1183 4047 1219 4101 et
1235 4036 1344 4102 homi-

227 4151 306 4194 nem
325 4131 435 4196 solum
455 4153 532 4195 osse
550 4143 586 4195 et
607 4143 684 4196 cute
704 4143 934 4197 constantem.

289 4241 389 4308 249·
414 4225 514 4309 (xiii)
542 4226 733 4292 Causarum
747 4239 963 4291 externarum
970 4228 1127 4310 frigoris
1145 4238 1280 4311 quarta,
1296 4236 1347 4291 est

226 4319 319 4382 nulla
331 4320 563 4384 determinatio
578 4323 627 4385 ad
638 4322 778 4403 aliquod
789 4323 937 4386 studium
952 4333 1011 4387 aut
1026 4324 1205 4404 negotium,
1222 4345 1266 4388 ex
1280 4344 1344 4405 qua

225 4415 394 4496 cupiditas
412 4417 678 4500 vaga-Homo
697 4428 831 4481 creatus
850 4428 904 4483 est
923 4419 967 4482 ad
986 4439 1076 4495 usus,
1096 4420 1175 4501 quia
1193 4440 1273 4483 usus
1291 4427 1344 4483 est
