2782 5026
348 113 399 163 na
422 111 557 164 duona
580 111 899 179 componat-u.
919 96 990 180 267.
1167 113 1231 180 209

85 284 269 339 retinemus
292 298 370 337 usus
393 281 423 336 in
446 282 540 344 nobis,
563 290 595 337 et
616 283 678 337 ηοη
699 280 963 343 communicamus,
987 291 1105 335 tantum
1128 291 1230 352 pereat

84 362 279 425 beatitudo:
299 371 334 416 et
346 371 419 416 tunc
430 377 503 416 usus
521 360 556 415 fit
575 361 653 416 sicut
671 361 755 416 cibus
775 360 947 415 reconditus
967 360 997 414 in
1010 360 1185 423 ventriculo,
1198 371 1230 417 et

85 457 153 498 non
167 442 420 511 circumsparsus
437 439 532 494 nutrit
545 455 653 511 corpus
666 451 697 495 et
715 439 780 510 ejus
799 449 907 510 partes,
920 441 972 494 sed
986 449 1088 494 manet
1101 439 1230 512 indiges·

84 531 151 585 tus,
165 538 209 577 ex
222 537 290 592 quo
303 521 339 575 fit
352 535 477 575 nausea:
494 520 596 582 verbo,
609 530 709 575 totum
721 519 837 574 caelum
852 536 913 574 non
926 528 973 575 est
986 519 1042 573 nisi
1056 535 1144 589 quam
1158 536 1230 574 con·

85 602 200 656 tinens
211 616 291 655 usus
299 615 319 654 a
328 598 433 670 primis
441 598 479 654 ad
489 598 611 653 ultima:
625 598 698 669 quid
708 614 779 653 usus
789 598 846 653 nisi
856 597 981 653 ailualis
991 614 1075 652 amor
1082 597 1230 669 proximi?

86 692 121 735 et
135 680 220 751 quid
235 678 377 734 continet
389 679 488 733 caelos
501 678 558 732 nisi
570 677 620 732 hic
632 676 754 732 amor?”

147 759 215 815 His
229 757 347 813 auditis
356 757 547 829 interrogavi,
558 755 743 828 “Quomodo
755 764 857 826 potest
869 755 975 826 aliquis
988 756 1064 811 scire
1074 772 1146 811 num
1159 773 1231 812 usus

87 836 191 893 iaciat
211 853 253 892 ex
272 853 376 891 amore
394 835 449 898 sui,
464 836 512 890 vel
531 852 603 889 num
622 852 660 890 ex
678 852 779 890 amore
798 835 928 890 usuum?
946 836 1044 889 omnis
1061 835 1152 890 homo
1167 846 1229 890 tam

87 918 199 972 bonus
212 931 308 987 quam
321 915 418 970 malus
429 914 500 970 iacit
512 931 592 976 usus,
603 925 634 969 et
647 913 718 968 lacit
728 931 798 969 usus
812 930 849 968 ex
859 914 988 984 quodam
1002 931 1119 969 amore:
1137 931 1230 986 pona·

86 1005 142 1051 tur
154 995 251 1068 quod
265 994 297 1049 in
310 994 424 1049 mundo
436 993 477 1048 sit
489 993 618 1049 societas
630 993 800 1064 composita
812 1010 849 1048 ex
863 994 951 1047 meris
964 994 1100 1055 diabolis,
1111 1004 1142 1049 et
1154 995 1230 1049 soci·

85 1088 159 1132 etas
186 1075 364 1144 composita
383 1089 420 1127 ex
442 1073 532 1128 meris
553 1072 682 1144 angelis:
709 1083 739 1127 et
758 1072 866 1142 opinor
887 1073 968 1142 quod
991 1072 1102 1127 diaboli
1125 1074 1154 1127 in
1176 1090 1230 1129 sua

86 1154 253 1211 societate
265 1168 303 1207 ex
315 1152 383 1224 igne
392 1152 502 1207 amoris
515 1152 571 1215 sui,
581 1162 611 1206 et
624 1168 660 1206 ex
673 1152 832 1221 splendore
842 1151 954 1222 gloriae
964 1168 1042 1212 suae,
1054 1151 1159 1206 latiori
1169 1152 1230 1206 sint

86 1243 138 1288 tot
154 1248 248 1294 usus,
257 1241 333 1302 quot
344 1231 443 1302 angeli
457 1230 487 1285 in
500 1247 570 1293 sua:
589 1230 656 1301 quis
669 1246 740 1302 ergo
754 1240 854 1301 potest
867 1232 942 1286 scire
955 1248 992 1286 ex
1005 1246 1066 1301 quo
1078 1246 1187 1292 amore,
1198 1244 1228 1285 et
1316 1233 1318 1237 '

86 1329 126 1370 ex
140 1328 213 1385 qua
226 1310 343 1383 origine
356 1321 426 1365 sunt
438 1327 510 1366 usus
519 1310 549 1365 ?”

147 1392 229 1447 Duo
243 1390 341 1462 angeli
353 1390 391 1444 ad
406 1390 480 1445 haec
493 1390 721 1460 respondemnt,
735 1396 751 1418 ‘⁴
761 1388 879 1444 Diaboli
893 1389 1007 1444 iaciunt
1019 1406 1090 1445 usus
1105 1401 1229 1460 propter

85 1487 121 1528 se
136 1481 177 1527 et
194 1480 323 1541 propter
336 1467 456 1531 famam,
470 1479 504 1523 ut
519 1468 686 1524 evehantur
697 1469 735 1523 ad
754 1468 892 1530 honores,
906 1480 958 1523 aut
973 1471 1126 1524 lucrentur
1140 1485 1229 1540 opes:

87 1563 120 1607 at
136 1548 251 1621 angeli
264 1565 325 1603 non
338 1548 452 1604 iaciunt
461 1564 533 1603 usus
546 1559 712 1617 propterea,
722 1547 775 1602 sed
789 1559 910 1619 propter
919 1565 990 1602 usus
1003 1565 1039 1602 ex
1051 1565 1153 1602 amore
1163 1548 1229 1604 illo·

88 1647 163 1685 rum
178 1645 187 1684 :
207 1628 304 1682 homo
316 1643 377 1681 non
391 1636 492 1698 potest
504 1626 673 1681 discernere
687 1626 753 1680 illos
766 1643 845 1688 usus,
858 1627 910 1681 sed
926 1627 1073 1681 Dominus
1086 1627 1229 1682 discernit

87 1708 186 1772 illos:
206 1706 310 1762 omnis
321 1707 373 1778 qui
392 1707 487 1761 credit
506 1706 536 1760 in
558 1704 732 1767 Dominum,
745 1715 776 1760 et
795 1705 870 1776 lugit
885 1706 961 1759 mala
980 1716 1014 1759 ut
1033 1716 1164 1776 peccata,
1179 1707 1227 1761 ille

87 1786 171 1845 iacit
189 1802 267 1842 usus
284 1801 321 1842 ex
341 1784 487 1846 Domino:
506 1795 537 1840 at
553 1785 652 1840 omnis
670 1784 722 1854 qui
741 1801 801 1838 ηοη
821 1784 916 1838 credit
937 1784 965 1838 in
986 1784 1159 1847 Dominum,
1173 1802 1228 1840 nec

87 1866 178 1939 iugit
194 1865 278 1919 mala
289 1874 323 1918 ut
335 1872 468 1934 peccata,
482 1862 553 1918 lacit
567 1879 639 1919 usus
651 1879 687 1918 ex
700 1879 733 1918 se
746 1873 777 1918 et
790 1874 913 1934 propter
925 1880 973 1919 se:
994 1863 1052 1918 hoc
1065 1865 1225 1920 discrimen

87 1959 140 2003 est
155 1945 247 2000 inter
257 1959 329 1998 usus
341 1959 360 1997 a
372 1943 507 2003 diabolis,
520 1954 551 1997 et
564 1943 644 1996 inter
656 1959 727 1997 usus
739 1943 777 1996 ab
789 1943 930 2014 angelis.''

150 2025 230 2079 Duo
242 2022 341 2094 angeli
354 2022 401 2077 his
414 2020 501 2076 dietis
514 2021 680 2084 abiverant,
693 2032 723 2077 et
736 2038 752 2077 e
768 2022 933 2093 longinquo
945 2021 1001 2077 visi
1015 2032 1087 2078 sunt
1098 2022 1176 2077 vetii
1196 2024 1226 2077 in

86 2119 191 2159 curru
206 2102 297 2173 igneo
309 2102 388 2156 sicut
402 2100 490 2161 Elias,
503 2110 534 2155 et
548 2101 577 2154 in
591 2101 705 2156 caelum
719 2118 805 2156 suurn
819 2101 937 2156 sublati.

85 2226 199 2308 267.
229 2223 391 2288 Alterum
411 2221 634 2287 Memorabile
649 2243 700 2286 :—

153 2343 237 2400 Post
254 2342 376 2413 aliquod
397 2341 542 2412 temporis
561 2342 691 2412 spatium
715 2341 822 2396 intravi
841 2343 992 2413 quendam
1014 2342 1123 2406 lucum,
1139 2353 1170 2398 et
1185 2343 1226 2399 ibi

83 2421 255 2478 ambulavi
270 2421 299 2476 in
313 2421 509 2476 meditatione
522 2421 560 2476 de
574 2421 631 2475 illis
641 2421 691 2492 qui
706 2421 735 2475 in
749 2422 992 2492 concupiscentia
1005 2432 1035 2476 et
1048 2423 1119 2477 inde
1132 2424 1227 2493 phan-

82 2504 177 2559 tasia
197 2501 373 2572 possidendi
393 2500 443 2555 illa
457 2516 534 2572 quae
547 2501 653 2555 mundi
671 2511 756 2564 sunt:
775 2512 806 2555 et
820 2512 894 2555 tunc
908 2503 947 2556 ad
966 2502 1095 2572 aliquam
1112 2503 1226 2557 distan-

82 2582 174 2637 tiam
189 2596 209 2635 a
222 2596 272 2634 me
284 2579 347 2634 vidi
360 2580 448 2635 binos
462 2580 586 2651 angelos
602 2580 680 2634 inter
692 2596 724 2635 se
738 2580 954 2650 colloquentes,
967 2592 998 2635 et
1015 2597 1067 2650 per
1078 2582 1159 2636 vices
1178 2599 1226 2637 me

79 2660 298 2732 aspicientes:
316 2675 408 2729 quare
420 2659 532 2714 accessi
546 2659 676 2730 propius,
690 2669 721 2714 et
734 2676 781 2714 me
796 2660 1087 2730 appropinquantem
1103 2662 1225 2717 allocuti

78 2738 254 2800 dicebant,
264 2745 282 2767 ⁴⁴
291 2736 477 2809 Perciplmus
491 2738 521 2792 in
535 2738 630 2800 nobis,
640 2738 721 2808 quod
735 2738 888 2793 mediteris
901 2740 983 2809 quod
1000 2757 1055 2794 nos
1069 2740 1226 2810 loquimur,

76 2832 153 2872 seu
167 2817 252 2889 quod
267 2833 321 2872 nos
329 2817 493 2889 loquamur
504 2817 585 2888 quod
599 2828 632 2872 tu
646 2817 808 2879 meditaris,
821 2819 903 2890 quod
916 2830 962 2873 est
974 2835 1011 2874 ex
1024 2820 1226 2875 communica-

73 2897 185 2953 tione
198 2894 393 2953 affessionum
407 2897 585 2968 reciproca.”
857 2896 868 2911 '

156 2975 300 3048 Quaesivi
317 2976 418 3047 itaque
433 2976 506 3046 quid
525 2977 735 3047 loquerentur:
753 2977 901 3038 dicebant,
918 2984 934 3007 '¹
945 2976 991 3033 De
1007 2978 1171 3048 phantasia,
1187 2979 1225 3034 de

65 3055 356 3125 concupiscentia,
370 3066 401 3110 et
414 3056 452 3110 de
465 3055 679 3128 intelligentia:
698 3066 729 3111 et
742 3072 822 3110 nunc
835 3057 872 3111 de
886 3057 952 3119 illis,
965 3059 1017 3128 qui
1031 3057 1181 3113 deletiant
1193 3075 1226 3114 se

62 3144 141 3188 ex
152 3134 267 3189 visione
279 3145 312 3188 et
324 3133 539 3204 imaginatione
552 3134 751 3206 possessionis
764 3135 900 3189 omnium
917 3136 1048 3190 mundi.”

159 3212 195 3267 Et
210 3224 284 3268 tunc
299 3213 405 3284 rogavi
420 3223 455 3267 ut
470 3224 602 3269 mentem
617 3230 700 3268 suam
717 3225 928 3284 expromerent
942 3215 981 3270 de
997 3216 1093 3271 tribus
1106 3216 1173 3279 illis,
1187 3218 1225 3272 de

52 3292 355 3362 coucupiscentia,
369 3291 527 3362 phantasia
539 3300 570 3348 e't
586 3293 792 3365 intelligentia.

156 3370 191 3426 lit
198 3372 297 3427 exorsi
305 3388 475 3427 sermonem
485 3372 632 3434 dicebant,
640 3374 721 3443 quod
732 3373 934 3443 unusquisque
944 3372 972 3426 in
982 3374 1225 3444 concupiscentia

48 3444 278 3507 sinisterius
287 3467 326 3506 ex
335 3451 509 3514 nativitate:
529 3452 622 3506 sedin
635 3452 834 3524 intelligentia
844 3451 974 3507 exterius
984 3469 1020 3506 ex
1029 3453 1225 3516 educatione:

48 3533 134 3577 et
155 3530 232 3599 quod
253 3545 344 3585 nemo
364 3530 394 3584 in
417 3530 623 3602 intelligentia,
639 3531 737 3587 minus
760 3531 789 3585 in
812 3531 959 3601 sapientia
977 3531 1016 3585 sit
1035 3532 1168 3594 interius,
1182 3532 1224 3587 ita

48 3611 98 3668 q
107 3609 202 3664 uoad
214 3608 362 3680 spiritum,
375 3608 433 3664 uisi
446 3626 464 3665 a
478 3608 625 3665 Domino:
644 3618 659 3640 “
668 3611 767 3666 omnis
779 3611 859 3665 enim
873 3611 1025 3665 detinetur
1036 3627 1055 3665 a
1067 3611 1224 3680 concupis·

49 3687 201 3743 centia
210 3688 288 3751 mali,
298 3704 335 3744 ac
344 3699 466 3745 tenetur
475 3689 505 3743 in
517 3688 721 3761 intelligentia,
732 3690 895 3744 secundum
906 3688 1059 3759 aspectum
1071 3690 1108 3743 ad
1120 3690 1223 3743 Domi-

53 3766 185 3828 num,
196 3777 226 3823 et
243 3768 333 3823 simul
351 3767 595 3831 coniuntiionem
611 3785 678 3822 cum
697 3768 783 3839 lpso:
801 3770 913 3840 absque
928 3784 973 3832 eo,
989 3768 1081 3823 homo
1097 3785 1157 3822 ηοη
1176 3778 1223 3824 est

58 3841 168 3899 nisi
179 3864 265 3920 quam
280 3848 541 3920 concupiscentia:
560 3859 591 3904 at
606 3865 702 3921 usque
718 3850 767 3905 hic
784 3850 812 3904 in
828 3849 961 3904 externis
976 3865 1029 3903 seu
1042 3850 1141 3919 quoad
1157 3864 1223 3905 cor·

63 3929 168 3984 Dus
176 3940 218 3984 est
230 3930 259 3984 in
270 3928 469 4001 intelligentia
478 3945 515 3983 ex
525 3929 719 3991 educatione:
739 3929 831 3984 homo
840 3930 920 3984 enim
930 3928 1116 3999 concupiscit
1127 3929 1222 3984 hono·

70 4009 162 4057 ren
180 4018 208 4061 et
229 4025 309 4080 opes,
334 4025 388 4065 seu
412 4008 607 4064 eminentiam
632 4019 663 4063 et
691 4009 892 4078 opulentiam:
919 4018 950 4062 et
975 4006 1049 4061 haec
1073 4008 1135 4062 duo
1161 4023 1220 4062 non

79 4086 271 4157 ”sequitu
291 4088 348 4146 nisi
373 4097 517 4160 appareat
538 4087 660 4144 moralis
681 4097 712 4142 et
736 4088 907 4157 spiritualis,
931 4087 973 4141 ita
999 4087 1169 4159 intelligens
1190 4096 1220 4141 et
