2782 5026
387 450 437 500 oa
460 449 592 500 anons
615 449 936 516 couJuoratn-u
957 435 1028 518 326.
1200 452 1264 519 257

125 611 336 681 varietates
359 628 394 682 et
416 619 633 683 diversitates
649 618 681 682 in
698 618 865 702 conjugiis
881 618 1111 701 cujuscunque
1127 621 1264 700 'generis

125 711 173 764 et
203 713 344 790 speciei,
366 715 438 776 sive
458 714 527 777 sint
545 713 680 794 juvenis
702 723 738 777 et
760 715 915 796 virginis,
937 715 1009 777 sive
1030 713 1163 796 juvenis
1184 733 1263 778 cum

126 797 268 880 vidua,
282 807 351 870 sive
366 808 456 870 vidui
471 827 546 872 cum
564 809 707 890 virgine,
724 810 797 871 sive
818 809 912 871 vidui
932 827 1009 871 cum
1028 809 1141 883 vidua,
1158 829 1265 872 exce·

126 891 246 960 dant
255 918 385 964 ornnem
401 917 586 966 numerum.
617 901 703 984 Quis
715 911 834 985 potest
847 902 1053 966 infinitatem
1066 903 1264 985 dispescere

129 988 171 1051 in
200 996 389 1058 numeros?

204 1101 308 1172 325.
329 1089 427 1173 (viii.)
445 1090 541 1169 Quod
546 1101 658 1156 status
669 1091 793 1155 viduae
802 1092 852 1155 sit
858 1091 1006 1173 gravior
1015 1091 1264 1156 vidm'.—Cau·

132 1199 206 1244 sae
230 1195 307 1249 sunt
323 1195 488 1250 externae
505 1196 541 1250 et
559 1187 726 1250 internae.
769 1186 949 1250 Externae
972 1188 1005 1249 in
1024 1186 1171 1267 cujusvis
1190 1188 1266 1251 luce

135 1287 255 1355 sunt;
279 1289 326 1354 ut,
343 1279 406 1362 (1.)
429 1279 531 1362 Quod
552 1282 654 1344 vidua
676 1281 740 1344 sibi
762 1291 798 1345 et
820 1302 902 1344 suae
925 1281 1041 1344 domui
1064 1302 1133 1344 non
1156 1283 1266 1363 possit

139 1375 347 1456 prospicere
375 1376 600 1439 necessitates
626 1376 732 1450 vitae,
760 1396 823 1440 nec
856 1376 1042 1459 acquisitas
1070 1377 1266 1458 disponere,

143 1465 242 1532 sicut
259 1468 318 1542 vir,
335 1479 370 1532 et
387 1471 473 1534 sicut
492 1470 582 1552 prius
597 1491 658 1553 per
674 1472 783 1534 virum
799 1481 835 1535 et
853 1491 930 1534 cum
947 1472 1031 1534 viro.
1075 1471 1137 1552 (2.)
1162 1470 1266 1553 Quod

149 1578 218 1625 nec
240 1573 332 1628 sect
354 1564 493 1628 domum
509 1585 605 1628 suam
628 1566 751 1648 possit,
769 1566 857 1629 sicut
880 1575 1033 1647 oportet,
1052 1565 1182 1642 tutari;
1215 1567 1267 1628 vir

153 1657 245 1720 enim
265 1658 325 1722 luit
343 1657 426 1740 ejus,
443 1661 523 1723 dum
540 1680 639 1734 uxor,
658 1669 816 1722 tutamen
833 1674 869 1723 et
887 1661 977 1722 sicut
995 1659 1174 1722 brachium
1191 1679 1199 1736 ;
1229 1669 1266 1723 et

158 1748 238 1813 dum
251 1753 322 1834 ipsa
336 1753 397 1816 luit
411 1774 520 1827 suum,
538 1774 644 1837 usque
660 1753 788 1817 conlisa
803 1764 858 1818 est
873 1774 936 1817 suo
952 1757 1036 1818 viro.
1083 1755 1144 1834 (3.)
1165 1753 1267 1836 Quod
1351 1830 1356 1835 ,

163 1860 210 1905 ex
230 1866 261 1909 se
285 1849 383 1930 inops
404 1848 536 1911 consilii
563 1850 608 1911 sit
640 1848 675 1911 in
708 1848 836 1912 talibus
863 1869 951 1932 quae
979 1850 1153 1913 interioris
1175 1849 1268 1930 sapi·

109 1956 113 1963 ·
168 1940 271 2004 entiae
286 1952 321 2007 et
339 1942 418 2005 inde
436 1943 636 2024 prudentiae
654 1951 745 2006 sunt.
790 1942 852 2024 (4.)
881 1942 983 2025 Quod
1001 1944 1102 2007 vidua
1121 1945 1165 2007 sit
1187 1942 1267 2005 abs·

172 2050 232 2112 que
247 2038 438 2119 receptione
459 2040 592 2114 amoris,
609 2040 643 2102 in
666 2060 734 2121 quo
756 2049 793 2103 ut
815 2038 942 2102 semina
964 2049 1030 2113 est,
1050 2041 1099 2103 ita
1120 2040 1153 2101 in
1173 2047 1269 2101 statu

176 2125 271 2195 alieno
290 2133 333 2197 ab
354 2134 473 2197 innato
494 2146 530 2198 et
551 2154 611 2216 per
633 2133 831 2216 conjugium
853 2121 1004 2198 inducto.
1050 2135 1127 2197 Hae
1145 2152 1270 2197 causae

86 2272 89 2279 .
179 2233 333 2302 externae,
359 2249 446 2310 quae
472 2238 551 2291 sunt
579 2230 766 2304 naturales,
789 2231 897 2292 etiam
926 2231 1070 2292 trahunt
1099 2230 1268 2338 originem

86 2352 91 2361 ·
183 2313 219 2377 ab
242 2321 385 2398 internis,
408 2344 495 2406 quae
526 2325 720 2406 spirituales
751 2333 842 2400 sunt,
866 2334 903 2387 ut
936 2326 1051 2387 omnia
1073 2324 1246 2405 reliqua
1236 2343 1270 2386 rn

86 2457 93 2466 .
185 2415 285 2479 mundo
305 2425 340 2480 et
366 2418 399 2481 in
426 2438 567 2500 corpore
592 2419 650 2502 (de
672 2419 793 2501 quibus
815 2439 929 2501 supra,
947 2440 979 2481 n.
1003 2419 1093 2499 220)
1136 2418 1270 2481 Causae

86 2538 94 2573 .=
187 2500 247 2571 illae
269 2512 433 2577 externae
457 2513 633 2577 naturales
663 2515 897 2596 percipiuntur
929 2534 950 2577 a
982 2515 1093 2577 causis
1126 2513 1271 2576 internis

189 2600 399 2681 spiritualibus,
417 2628 502 2690 quae
521 2629 566 2671 ex
583 2607 745 2690 conjugio
762 2608 844 2671 boni
862 2618 898 2672 et
916 2609 987 2670 veri
1006 2608 1212 2690 procedunt,
1231 2615 1268 2669 et

86 2724 95 2763 ε
191 2695 389 2782 principaliter
404 2722 450 2765 ex
468 2702 568 2765 his
538 2722 628 2783 ejus:
651 2702 744 2784 quod
763 2703 891 2765 bonum
914 2722 983 2765 non
1006 2704 1116 2784 possit
1139 2703 1272 2783 prospi-

86 2844 94 2856 .
191 2805 254 2868 cere,
268 2815 326 2860 nec
342 2796 524 2878 disponere
540 2797 668 2880 aliquid
691 2797 754 2860 nisi
777 2818 838 2879 per
860 2817 1000 2874 verum;
1030 2796 1122 2879 quod
1141 2795 1271 2858 bonum

86 2894 93 2949 i
192 2900 234 2950 nec
251 2910 281 2954 se
302 2892 410 2974 possit
432 2892 536 2955 tutari
558 2892 621 2955 nisi
644 2913 704 2974 per
725 2911 856 2966 verum,
873 2891 1018 2973 proinde
1037 2891 1129 2973 quod
1152 2909 1271 2952 verum

86 3019 93 3029 -
192 2978 222 3042 sit
234 2992 377 3050 tutamen
398 2994 434 3051 et
455 2986 544 3049 sicut
562 2986 738 3050 brachium
755 2987 858 3062 boni;
884 2986 977 3068 quod
993 2986 1122 3048 bonum
1141 2983 1272 3065 absque

86 3100 92 3137 .=
192 3090 249 3141 vero
262 3082 302 3144 sit
317 3082 414 3162 inops
429 3080 572 3154 consilii,
588 3081 667 3162 quia
684 3083 714 3144 ei
732 3081 924 3154 consilium,
941 3080 1122 3162 sapientia,
1138 3088 1174 3141 et
1193 3097 1272 3159 pru·

86 3207 90 3217 .
192 3165 279 3237 dentia
302 3184 357 3237 est
384 3192 445 3256 per
471 3193 598 3237 verum.
641 3173 741 3237 Nunc
761 3175 839 3256 quia
860 3174 911 3236 vir
940 3194 985 3235 ex
1012 3173 1190 3235 creatione
1218 3180 1273 3233 est

192 3276 289 3341 verum,
313 3277 348 3332 et
378 3287 466 3330 uxor
492 3288 512 3330 a
540 3268 715 3331 creatione
744 3277 799 3331 est
829 3267 901 3349 ejus
929 3267 1072 3340 bonum,
1091 3286 1151 3328 seu
1180 3264 1273 3346 quod

192 3351 332 3438 idemest,
351 3362 429 3445 quia
446 3363 496 3424 vir
517 3382 561 3425 ex
581 3363 757 3426 creatione
775 3372 830 3426 est
853 3360 1064 3434 intellectus,
1084 3370 1120 3424 et
1143 3379 1232 3423 uxor
1253 3379 1274 3421 a

192 3455 334 3521 creatione
355 3465 410 3520 est
431 3475 527 3520 amor
544 3455 626 3537 ejus,
643 3465 742 3538 patet
762 3456 855 3539 quod
876 3476 1001 3520 causae
1020 3464 1191 3518 externae
1213 3473 1274 3515 seu

192 3549 346 3626 naturales,
371 3570 458 3633 quae
483 3551 687 3614 viduitatem
715 3551 862 3614 feminae
892 3559 1100 3631 aggravant,
1131 3547 1274 3611 trahant

191 3649 276 3705 ortum
297 3664 344 3707 ex
359 3644 469 3708 causis
484 3644 626 3707 internis
648 3665 707 3707 seu
725 3644 971 3726 spiritualibus
1016 3643 1095 3705 Hae
1113 3642 1274 3723 spiritua·

191 3728 224 3794 les
237 3755 353 3802 causae
370 3747 462 3811 sunt,
478 3759 564 3821 quae
579 3737 782 3819 conjunctae
804 3758 881 3802 cum
901 3738 1127 3812 naturalibus,
1145 3734 1274 3798 intelli·

187 3833 319 3906 guntur
310 3851 344 3896 m
366 3831 484 3896 Verbo
506 3852 567 3914 per
582 3832 641 3895 illa
659 3854 746 3915 quae
765 3833 807 3896 de
825 3833 937 3896 viduis
956 3832 1140 3914 pluribus
1132 3850 1165 3893 rn
1189 3801 1276 3891 locis

186 3921 340 4009 dicuntur;
362 3947 452 4011 quae
465 3927 671 3992 videantur
662 3948 697 3990 rn
711 3927 743 3991 A
744 3938 829 4010 poca
831 3927 924 4009 lypsi
936 3926 1043 3990 Revel
1041 3936 1156 3990 atan
1119 3925 1166 4006 (n.
1183 3921 1276 4003 764)

178 4144 261 4229 32⁶.
280 4145 347 4212 His
360 4145 518 4229 adjiciam
533 4146 601 4210 duo
615 4146 870 4211 Memorabilia.
914 4145 1064 4209 Primum
1080 4142 1214 4205 hoc.-

219 4274 379 4351 Postquam
390 4275 541 4347 problema
549 4277 586 4333 de
595 4275 695 4332 anima
706 4276 736 4331 in
746 4292 903 4348 gymnasio
910 4274 1088 4330 ventilatum
1101 4282 1131 4327 et
1144 4269 1275 4325 solutum

173 4368 219 4421 α,
229 4357 288 4415 ridi
297 4366 447 4415 ueuntes
457 4355 489 4411 in
500 4354 612 4418 ordine.
619 4365 652 4412 et
664 4366 734 4412 ante
748 4356 815 4411 illos
825 4353 1102 4412 archididascalum.
1114 4359 1181 4420 post
1192 4348 1276 4401 illum

169 4438 300 4503 renim
310 4436 342 4495 ln
353 4449 482 4509 quorum
494 4434 690 4493 mediocrem
701 4436 834 4509 quinque
846 4436 974 4506 juvenes
986 4449 1037 4505 qut
1029 4428 1276 4500 responderunt,
