2782 5026
131 442 189 505 108
472 455 656 508 narreris
678 457 908 510 snrrsnrma

128 625 254 696 entiae,
279 626 524 707 experientiae,
544 636 580 691 et
603 629 689 692 artis
707 637 799 703 sunt,
819 638 855 693 et
877 639 1050 694 vocantur
1073 631 1258 707 naturalia,

127 719 257 784 iaciunt
274 720 473 784 subsellium
488 722 636 786 illorum.
682 722 785 805 Quod
801 723 862 787 illa
874 745 962 807 quae
975 725 1152 790 ecclesiae
1165 738 1257 803 sunt,

128 824 164 877 et
177 825 344 879 vocantur
357 816 555 898 spiritualia,
569 820 601 881 in
619 819 748 882 intimis
764 820 938 883 resideant
955 822 1048 904 apud
1066 821 1257 896 hominem,

128 920 182 972 est
205 930 309 973 causa
330 913 408 993 quia
431 912 645 995 conjungunt
668 935 706 978 se
728 935 807 978 cum
830 915 942 989 caelo,
966 925 1004 979 et
1034 937 1097 998 per
1120 917 1256 981 caelum

128 1023 204 1067 eum
225 1004 385 1079 Domino,
402 1026 470 1069 non
490 1009 579 1070 enim
599 1009 666 1071 alia
684 1030 705 1071 a
725 1009 876 1073 Domino
892 1030 952 1090 per
967 1011 1105 1074 caelum
1123 1013 1256 1076 intrant

128 1099 218 1181 apud
232 1099 415 1164 hominem.
460 1100 562 1183 Quod
575 1102 633 1167 illa
645 1125 732 1186 quae
744 1105 952 1187 reipublicae
965 1116 1058 1180 sunt,
1073 1117 1111 1169 et
1124 1126 1255 1170 vocan-

128 1205 184 1257 tur
206 1195 330 1268 civilia,
350 1196 435 1260 infra
454 1197 642 1280 spiritualia
661 1210 806 1263 teneant
826 1199 951 1271 locum,
971 1210 1026 1263 est
1051 1221 1160 1264 causa
1178 1203 1256 1283 quia

128 1289 342 1372 conjungunt
366 1312 403 1354 se
426 1312 502 1355 curn
527 1295 666 1369 mundo,
686 1305 767 1358 sunt
790 1296 881 1358 enim
900 1297 1039 1370 mundi:
1068 1317 1150 1358 nam
1175 1306 1253 1360 sunt

128 1394 273 1459 statuta,
298 1386 393 1467 leges
416 1397 452 1450 et
483 1408 635 1461 normae,
659 1409 746 1470 quae
768 1391 923 1452 vinciunt
944 1391 1117 1462 homines,
1143 1401 1181 1454 ut
1209 1412 1253 1454 ex

128 1480 194 1543 illis
213 1480 273 1543 fiat
292 1492 386 1544 stata
404 1492 440 1545 et
460 1493 554 1545 sarta
572 1485 721 1547 societas
740 1493 775 1547 et
796 1486 939 1562 civitas;
963 1486 1055 1566 quod
1076 1484 1149 1559 illa,
1168 1506 1254 1568 quae

128 1586 208 1639 sunt
225 1577 401 1647 scientiae,
418 1579 654 1660 experientiae
670 1590 706 1643 et
722 1580 817 1654 artis,
831 1590 867 1643 et
883 1589 1055 1642 vocantur
1068 1581 1252 1655 naturalia,

124 1672 256 1736 iaciant
287 1672 496 1744 subsellium,
524 1693 628 1737 causa
654 1685 709 1737 est
739 1677 818 1758 quia
844 1674 937 1738 amic
968 1696 1005 1738 se
1036 1676 1253 1758 conjungunt

129 1787 205 1832 cum
230 1768 377 1850 quinque
400 1768 554 1831 sensibus
576 1771 739 1851 corporis,
764 1780 800 1832 et
830 1769 865 1833 hi
888 1780 968 1833 sunt
992 1769 1127 1844 ultima,
1153 1791 1255 1853 super

128 1863 249 1945 quibus
275 1863 437 1925 interiora
460 1883 546 1945 quae
576 1873 656 1927 sunt
686 1865 824 1937 mentis,
844 1884 883 1927 ac
913 1865 1035 1928 intima
1058 1884 1149 1946 quae
1173 1875 1253 1929 sunt

128 1960 274 2031 animae,
292 1958 387 2040 quasi
402 1958 534 2021 sedent.
579 1958 678 2022 Nunc
695 1960 773 2041 quia
791 1959 851 2022 illa
869 1979 956 2041 quae
972 1959 1143 2022 ecclesiae
1160 1970 1252 2034 sunt,

128 2064 165 2118 et
181 2062 348 2117 vocantur
364 2053 561 2134 spiritualia,
579 2055 611 2115 in
629 2054 759 2117 intimis
775 2055 939 2127 resident,
955 2063 991 2116 et
1009 2074 1098 2136 quae
1117 2054 1153 2116 in
1173 2055 1252 2117 inti·

129 2150 193 2212 mis
219 2149 379 2219 resident,
403 2147 531 2211 iaciunt
555 2158 670 2230 caput,
694 2159 731 2212 et
761 2149 941 2230 sequentia
970 2147 1034 2211 sub
1063 2147 1144 2221 illis,
1165 2169 1253 2231 quae

128 2254 297 2307 vocantur
315 2243 438 2316 civilia,
458 2243 586 2305 faciunt
606 2263 739 2324 corpus,
759 2263 799 2306 ac
819 2243 952 2316 ultima,
971 2263 1060 2324 quae
1080 2253 1254 2306 vocantur

130 2339 308 2412 naturalia,
326 2338 453 2400 faciunt
470 2337 586 2418 pedes,
603 2347 756 2412 constat,
770 2338 862 2419 quod
877 2339 958 2400 dum
976 2339 1042 2400 tria
1057 2337 1119 2401 illa
1138 2338 1173 2401 in
1191 2359 1253 2400 suo

129 2435 247 2498 ordine
266 2443 532 2515 consequuntur,
551 2432 656 2496 homo
679 2433 724 2496 sit
747 2429 917 2515 persedtus
935 2432 1061 2511 homo;
1095 2453 1178 2495 nam
1202 2434 1253 2496 in·

129 2531 237 2594 fluunt
257 2540 337 2593 tunc
359 2528 524 2602 similiter,
545 2529 633 2591 sicut
656 2527 716 2590 illa
738 2549 825 2610 quae
844 2528 968 2610 capitis
991 2537 1084 2601 sunt,
1105 2528 1252 2594 influunt

128 2627 162 2688 in
180 2645 312 2707 corpus,
330 2633 365 2686 et
383 2642 580 2705 percorpus
598 2622 632 2684 in
649 2622 775 2704 pedes;
798 2623 848 2684 ita
863 2621 1052 2704 spiritualia
1071 2623 1106 2684 in
1124 2622 1251 2697 civilia,

129 2731 164 2784 et
184 2740 245 2801 per
264 2719 376 2782 civilia
398 2720 431 2780 in
456 2716 633 2780 naturalia.
679 2716 778 2779 Nunc
798 2717 877 2798 quia
901 2715 1092 2798 spiritualia
1115 2718 1150 2779 in
1176 2717 1252 2780 luce

129 2816 215 2879 caeli
235 2824 327 2888 sunt,
348 2824 444 2896 patet
462 2813 554 2895 quod
574 2811 649 2875 luce
668 2832 728 2873 sua
748 2810 921 2874 illustrent
940 2813 1122 2893 sequentia
1142 2813 1177 2874 in
1197 2832 1253 2874 or·

129 2912 220 2985 dine,
244 2921 280 2973 et
306 2910 421 2972 calore
444 2929 516 2982 suo,
540 2909 597 2990 qui
619 2916 673 2969 est
697 2926 804 2980 amor,
828 2908 982 2969 animent
1006 2906 1076 2980 illa,
1097 2916 1133 2969 et
1159 2906 1252 2989 quod

130 3026 207 3069 cum
238 3005 304 3068 hoc
333 3003 382 3077 fit,
408 3003 536 3066 homini
570 3003 614 3064 sit
645 3003 826 3083 sapientia.
879 3000 1050 3082 Quoniam
1078 3000 1253 3082 sapientia

129 3111 184 3164 est
208 3103 300 3163 vitae
323 3111 358 3163 et
382 3099 461 3162 inde
480 3099 634 3172 rationis,
656 3108 694 3160 ut
718 3117 819 3178 supra
838 3093 966 3159 didium
990 3104 1056 3167 est,
1076 3098 1255 3177 quaeritur

129 3196 209 3278 quid
233 3196 400 3277 sapientia
422 3194 512 3257 vitae
534 3203 608 3256 est:
639 3202 694 3254 est
716 3190 802 3254 haec
826 3193 859 3253 in
883 3191 1066 3252 summaria
1090 3210 1252 3272 compre·

129 3291 314 3365 hensione;
338 3290 454 3370 sugere
471 3288 571 3362 maia,
582 3288 659 3371 quia
676 3297 754 3350 sunt
769 3287 894 3348 damna
910 3286 1055 3358 animae,
1069 3294 1106 3347 et
1124 3285 1255 3349 damna

128 3386 344 3469 reipublicae,
362 3396 397 3448 et
416 3385 542 3446 damna
561 3384 732 3464 corporis;
756 3391 792 3444 et
815 3380 926 3443 facere
945 3380 1047 3451 bona,
1065 3381 1145 3460 quia
1166 3381 1252 3445 haec

129 3492 210 3546 sunt
230 3481 463 3544 emolumenta
480 3479 625 3550 animae,
646 3476 863 3558 reipublicae,
884 3484 920 3538 et
940 3474 1103 3554 corporis.
1151 3473 1253 3539 Haec

130 3578 299 3659 sapientia
322 3586 388 3647 est,
412 3594 498 3656 quae
521 3572 727 3652 intelligitur
757 3591 817 3652 per
839 3570 1043 3652 sapientiam
1074 3587 1153 3631 curn
1185 3591 1254 3653 qua

130 3692 226 3735 amor
238 3669 439 3752 conjugialis
452 3689 489 3731 se
506 3669 590 3748 ligat
605 3688 613 3744 ;
639 3667 724 3746 ligat
735 3667 826 3728 enim
843 3685 880 3727 se
897 3683 957 3744 per
972 3664 1017 3735 id,
1031 3663 1122 3743 quod
1139 3663 1253 3746 fugiat

131 3766 258 3830 malum
278 3766 436 3828 adulterii
456 3773 492 3826 ut
517 3773 650 3845 pestem
670 3763 815 3834 animae,
835 3757 1052 3840 reipublicae,
1074 3761 1252 3839 corporis;

131 3874 167 3927 et
186 3863 264 3947 quia
282 3861 340 3923 illa
359 3859 527 3940 sapientia
545 3857 688 3920 scaturit
707 3877 752 3919 ex
769 3854 1010 3937 spiritualibus,
1030 3873 1118 3935 quae
1138 3853 1253 3918 eccle·

131 3960 202 4022 siae
231 3966 322 4028 sunt,
347 3955 500 4035 sequitur
522 3952 612 4033 quod
642 3970 738 4014 amor
760 3948 962 4030 conjugialis
988 3949 1032 4010 sit
1060 3948 1252 4013 secundum

131 4062 263 4117 statum
290 4048 468 4122 ecclesiae,
489 4049 566 4130 quia
592 4056 646 4110 est
677 4044 865 4108 secundum
891 4052 1021 4105 statum
1045 4043 1252 4123 sapientiae,

131 4147 220 4229 apud
243 4145 428 4208 hominem.
474 4142 536 4205 Per
557 4142 642 4205 haec
666 4141 771 4204 etiam
795 4137 1001 4218 intelligitur
1024 4135 1058 4198 id
1089 4138 1185 4218 quod
1217 4139 1252 4201 in

131 4239 416 4306 antecedentibus
432 4237 551 4301 crebro
567 4234 693 4299 dit'tum
710 4245 774 4307 est,
792 4232 882 4315 quod
901 4240 1066 4312 quantum
1085 4229 1195 4294 homo
1213 4231 1253 4295 tit

131 4335 325 4417 spiritualis,
338 4343 473 4396 tantum
490 4333 522 4394 in
534 4351 649 4395 amore
660 4351 739 4393 vere
750 4327 931 4410 conjugiali
942 4327 986 4388 sit
1005 4347 1013 4402 ;
1036 4324 1143 4386 homo
1159 4327 1252 4390 enim

132 4432 170 4497 fit
189 4431 372 4515 spiritualis
391 4451 451 4513 per
466 4428 651 4511 spiritualia
667 4425 844 4491 ecclesiae.
889 4423 989 4487 Plura
1007 4422 1049 4484 de
1066 4423 1251 4504 sapientia,
