2850 5026
157 445 216 513 142
291 445 297 461 ⁸
499 441 681 493 DELICIAE
704 440 932 493 SAPIENTIAE

153 617 316 699 sequitur,
334 615 425 697 quod
442 615 609 697 cogitatio
621 615 738 678 uxoris
752 613 916 678 continua
932 613 976 676 sit
991 613 1035 676 de
1051 611 1275 678 inclinatione

154 711 267 774 mariti
283 711 326 772 ad
344 731 391 785 se,
405 711 520 773 animo
537 710 768 792 conjungendi
780 711 843 773 sibi
859 708 975 772 illum:
1001 709 1276 771 discontinuatur

153 807 290 891 quidem
320 806 437 868 uxoris
464 807 634 886 cogitatio
664 806 707 868 de
737 806 859 867 marito
889 825 949 886 per
971 804 1165 866 domestica
1188 822 1277 884 quae

153 920 254 965 curae
270 899 341 980 ejus
358 910 449 973 sunt,
466 901 526 963 sed
546 920 651 982 usque
671 909 787 962 manet
802 899 836 961 in
853 896 1031 962 affectione
1049 898 1176 960 amoris
1191 897 1274 978 ejus,

154 1007 189 1061 et
204 997 289 1059 haec
306 1015 343 1058 se
358 1016 379 1058 a
395 996 665 1076 cogitationibus
678 996 767 1077 apud
785 994 926 1058 seminas
943 1014 1011 1057 non
1024 1004 1173 1074 separat,
1188 997 1276 1058 sicut

153 1092 243 1173 apud
274 1092 383 1153 viros:
418 1091 478 1152 sed
510 1089 595 1153 haec
623 1100 659 1152 ut
688 1090 799 1152 relata
828 1090 959 1166 relero;
994 1089 1178 1152 videantur
1207 1088 1276 1151 duo

154 1185 392 1249 Memorabilia
411 1205 431 1247 a
446 1193 578 1266 septem
598 1186 761 1246 uxoribus
777 1186 811 1247 in
827 1195 944 1248 roseto
960 1184 1172 1259 sedentibus,
1189 1202 1276 1265 quae

154 1291 233 1364 post
252 1280 365 1362 aliqua
384 1280 499 1361 capita
518 1291 715 1361 sequuntur.

218 1388 315 1456 17⁰·
343 1371 432 1456 (xii.)
459 1372 556 1451 Quod
578 1395 664 1436 uxor
685 1379 865 1459 conjungat
890 1395 925 1437 se
946 1374 1021 1436 viro
1037 1383 1103 1453 per
1123 1371 1276 1454 applica-

154 1472 260 1534 tiones
279 1470 328 1532 ad
342 1467 612 1551 ejusaoluntatis
627 1469 948 1532 desideria-Haec
968 1471 1058 1531 inter
1077 1478 1161 1531 nota
1179 1467 1277 1531 lami·

154 1566 249 1629 liaria
268 1574 360 1637 sunt,
380 1584 483 1645 quare
503 1564 690 1644 explicatio
709 1564 828 1626 horum
848 1565 1098 1645 supersedetur.

218 1672 305 1741 171.
331 1657 431 1741 (xiii.)
459 1657 556 1734 Quod
570 1678 657 1720 uxor
673 1660 890 1741 coryiertgatur
908 1659 983 1721 viro
1001 1679 1060 1721 suo
1073 1667 1138 1738 per
1153 1655 1276 1737 sphae-

153 1777 229 1819 ram
254 1755 344 1817 vitae
369 1773 449 1815 suae
473 1762 641 1815 exeuntem
666 1775 708 1814 ex
734 1775 846 1817 amore
873 1754 1054 1836 ejus-Ex
1085 1753 1277 1834 unoquovis

154 1850 292 1913 homine
311 1849 397 1920 exit,
419 1849 523 1910 immo
547 1848 714 1920 exundat,
732 1849 877 1929 sphaera
896 1848 1081 1929 spiritualis
1103 1868 1148 1910 ex
1171 1845 1276 1910 aflec-

154 1947 303 2010 tionibus
322 1943 446 2006 amoris
470 1943 551 2023 ejus,
572 1953 608 2006 et
628 1944 817 2006 circumdat
840 1943 946 2016 illum,
967 1953 1002 2006 et
1026 1944 1110 2005 haec
1130 1963 1166 2004 se
1190 1942 1278 2005 indit

154 2040 319 2124 sphaerae
343 2038 500 2111 naturali,
521 2058 607 2119 quae
630 2047 683 2101 est
705 2060 724 2102 e
747 2059 900 2119 corpore,
921 2047 956 2102 et
980 2058 1016 2100 se
1039 2037 1253 2118 conjungunt
1266 2057 1276 2115 ;

153 2136 244 2219 quod
275 2133 420 2215 sphaera
445 2134 609 2195 naturalis
639 2154 657 2196 e
688 2153 831 2214 corpore
861 2135 1023 2196 continue
1051 2132 1179 2206 effluat,
1206 2152 1276 2195 non

153 2231 257 2294 modo
273 2250 319 2293 ex
336 2231 485 2303 homine,
500 2229 560 2291 sed
577 2230 682 2292 etiam
699 2249 744 2291 ex
761 2229 892 2301 bestiis,
907 2229 1011 2290 immo
1024 2250 1068 2290 ex
1086 2228 1275 2302 arboribus,

151 2325 325 2398 frustibus,
346 2324 494 2397 floribus,
515 2333 551 2386 et
568 2343 702 2405 quoque
726 2344 770 2384 ex
795 2323 955 2396 metallis,
975 2324 1008 2384 in
1028 2322 1133 2402 vulgo
1152 2332 1276 2386 notum

153 2431 227 2484 est:
253 2421 286 2483 in
310 2421 439 2482 mundo
462 2418 627 2500 spirituali
653 2418 827 2494 similiter;
852 2417 912 2479 sed
935 2417 1101 2497 sphaerae
1125 2437 1171 2479 ex
1194 2417 1276 2479 sub·

149 2512 247 2596 jectis
280 2514 459 2577 effluentes
493 2515 537 2576 ibi
571 2521 651 2575 sunt
682 2513 895 2593 spirituales;
930 2522 965 2575 et
999 2510 1077 2574 illae
1107 2532 1195 2593 quae
1228 2531 1275 2574 ex

152 2609 326 2691 spiritibus
343 2618 376 2670 et
392 2608 525 2688 angelis
538 2618 713 2680 emanant,
728 2618 807 2668 sunt
824 2607 960 2686 penitus
976 2605 1181 2686 spirituales,
1196 2606 1276 2687 quia

151 2705 218 2767 illis
238 2714 317 2766 sunt
338 2701 533 2765 affedliones
553 2704 688 2775 amoris,
709 2712 745 2764 et
765 2702 844 2764 inde
864 2702 1102 2782 perceptiones
1122 2711 1157 2763 et
1178 2702 1274 2782 cogi·

152 2799 305 2862 tationes
330 2797 528 2860 interiores:
560 2816 662 2859 omne
686 2796 938 2876 sympathicum
963 2806 998 2857 et
1022 2795 1274 2876 antipathicum

152 2893 230 2955 inde
254 2891 360 2955 trahit
384 2911 480 2954 suum
508 2901 632 2964 ortum,
657 2901 693 2953 et
718 2911 851 2971 quoque
878 2891 988 2952 omnis
1018 2887 1213 2969 conjunuio
1237 2899 1274 2954 et

151 2985 342 3065 disjunfflo,
367 2996 403 3049 et
433 2987 619 3048 secundum
650 2984 726 3047 illas
756 2986 950 3066 praesentia
972 2993 1008 3047 et
1035 2985 1191 3046 absentia
1215 2985 1273 3060 ibi,

151 3080 404 3162 homogeneum
435 3082 526 3143 enim
557 3102 616 3143 seu
646 3100 790 3142 concors
820 3080 901 3142 facit
932 3077 1207 3161 cpnjundlionem
1237 3089 1274 3144 et

151 3178 391 3256 praesentiam,
409 3197 448 3239 ac
469 3175 737 3256 heterogeneum
757 3186 792 3237 et
810 3175 940 3236 discors
957 3173 1217 3253 disjundiionem
1236 3183 1274 3239 et

150 3269 363 3348 absentiam;
395 3291 498 3352 quare
527 3270 607 3332 illae
637 3270 803 3351 sphaerae
834 3270 962 3332 iaciunt
996 3270 1183 3332 distantias
1217 3270 1274 3334 ibi.

152 3362 241 3444 Quid
261 3366 425 3445 sphaerae
444 3366 522 3428 illae
543 3366 735 3446 spirituales
758 3375 943 3447 operantur
961 3366 993 3426 in
1014 3365 1142 3426 mundo
1166 3375 1270 3427 natu-

150 3458 223 3532 rali,
238 3460 438 3541 quibusdam
455 3461 560 3522 etiam
578 3470 696 3522 notum
714 3468 776 3522 est.
824 3460 1071 3521 Inclinationes
1088 3457 1272 3539 conjugum

150 3554 239 3616 inter
258 3575 295 3616 se
315 3575 376 3617 nec
397 3575 443 3616 ex
463 3556 529 3616 alia
549 3556 679 3635 origine
700 3563 801 3631 sunt;
826 3555 889 3616 hos
909 3554 1073 3635 sphaerae
1094 3556 1274 3618 unanimes

150 3659 186 3712 et
206 3650 396 3711 concordes
420 3651 551 3722 uniunt,
573 3670 611 3712 ac
637 3650 801 3712 adversae
825 3660 859 3712 et
880 3650 1056 3711 discordes
1075 3649 1273 3727 disuniunt;

71 3808 79 3817 ,
150 3754 229 3806 sunt
248 3745 338 3806 enim
358 3744 524 3825 sphaerae
543 3747 731 3807 concordes
747 3744 917 3826 jucundae
937 3755 972 3806 et
989 3753 1120 3824 gratae,
1141 3763 1180 3805 ac
1201 3744 1273 3805 dis·

149 3841 271 3902 cordes
291 3839 492 3920 injucundae
512 3851 547 3903 et
568 3841 734 3921 ingratae.
780 3840 907 3902 Audivi
930 3840 973 3901 ab
992 3839 1135 3919 angelis,
1156 3838 1212 3919 qui
1237 3839 1271 3902 in

150 3937 370 4016 perceptione
387 3935 520 3998 illarum
534 3936 626 3998 clara
643 3947 732 4008 sunt,
747 3936 836 4017 quod
856 3955 923 3997 non
940 3935 983 3996 sit
998 3934 1067 3995 ulla
1083 3953 1161 4014 pars
1178 3934 1272 3995 intus

148 4032 181 4092 in
202 4030 349 4104 homine,
371 4051 433 4094 nec
454 4031 523 4093 ulla
542 4042 655 4105 extus,
676 4053 763 4114 quae
787 4052 822 4093 se
847 4051 914 4093 non
939 4039 1095 4101 renovat,
1116 4030 1207 4111 quod
1231 4028 1272 4094 fit

149 4145 209 4206 per
232 4125 421 4188 solutiones
445 4136 480 4189 et
503 4127 749 4207 reparationes,
770 4135 805 4189 et
828 4126 919 4206 quod
943 4125 1020 4187 inde
1045 4125 1088 4186 sit
1112 4124 1271 4206 sphaera,

149 4239 235 4300 quae
251 4219 322 4301 jugi
339 4221 514 4283 exundat:
539 4231 574 4283 et
592 4221 765 4292 dixerunt,
784 4221 874 4301 quod
891 4220 1035 4301 sphaera
1050 4217 1109 4280 illa
1125 4219 1271 4282 circum-

148 4315 253 4394 stipet
274 4314 446 4379 hominem
466 4336 486 4377 a
502 4325 602 4396 tergo
621 4325 657 4377 et
676 4335 696 4376 a
712 4311 861 4395 pectore,
878 4315 939 4376 sed
956 4314 1104 4376 tenuiter
1119 4333 1138 4375 a
1155 4322 1269 4393 tergo,

148 4408 254 4472 dense
271 4420 386 4473 autem
405 4430 425 4473 a
441 4407 600 4492 pedore3
624 4418 660 4472 et
677 4409 768 4490 quod
787 4408 883 4485 haec,
901 4417 986 4490 quae
1006 4428 1026 4471 a
1044 4405 1182 4490 pedlore
1200 4416 1269 4485 est,

682 4670 804 4704 A
