2782 5026
140 457 201 522 104
484 453 666 504 DELlClAE
689 455 921 508 SAPIENTIAE

136 639 172 692 et
196 648 264 692 non
283 626 437 690 videtur:
462 648 566 711 quare
586 647 663 690 cum
681 627 788 693 homo
807 631 904 693 videt
924 650 1044 694 verum
1068 632 1105 695 in
1129 634 1263 716 cogita·

137 725 241 798 tione,
265 743 343 786 raro
365 719 508 786 reflectit
532 744 632 806 super
654 725 758 799 bono,
780 726 871 807 quod
902 726 936 788 in
967 726 1053 790 illud
1078 748 1126 792 ex
1150 750 1265 793 amore

135 820 324 882 voluntatis
337 817 455 893 influit,
469 828 504 881 et
521 818 582 882 dat
599 820 628 883 ei
648 821 766 883 vitam.
811 820 915 884 Uxor
928 841 990 885 nec
1004 822 1154 888 reflectit
1169 846 1266 908 super

135 916 263 978 bonum
287 913 377 996 apud
404 934 451 985 se,
477 914 536 976 sed
560 934 661 996 super
683 913 946 979 inclinationem
970 920 1084 981 mariti
1109 940 1197 1001 erga
1221 941 1265 993 se,

135 1019 299 1093 quaeest
323 1009 509 1071 secundum
533 1028 714 1072 ascensum
738 1010 936 1074 intellectus
960 1012 1033 1094 ejus
1056 1015 1103 1076 ad
1128 1017 1265 1098 sapien·

135 1107 240 1182 tiam;
270 1105 410 1179 bonurn,
434 1102 525 1184 quod
548 1114 602 1167 est
625 1104 715 1186 apud
740 1105 835 1168 illam
860 1128 881 1169 a
905 1107 1069 1181 Domino,
1096 1109 1264 1192 applicat,

134 1198 385 1283 praeterquod
410 1200 552 1262 maritus
581 1199 625 1262 de
654 1199 888 1281 applicatione
918 1203 978 1266 illa
1008 1203 1143 1285 aliquid
1168 1205 1265 1269 sciat.

135 1294 191 1358 Ex
211 1295 263 1357 his
282 1314 371 1357 nunc
391 1303 527 1357 constat
545 1295 683 1368 veritas,
701 1297 793 1377 quod
812 1296 919 1360 homo
938 1316 985 1360 ex
1002 1298 1159 1362 Domino
1179 1303 1266 1365 reci·

133 1392 205 1474 piat
229 1409 358 1462 verum,
379 1400 414 1452 et
437 1389 528 1472 quod
552 1388 720 1452 Dominus
739 1390 907 1473 adjungat
931 1414 1014 1456 vero
1036 1395 1095 1457 isti
1121 1395 1265 1469 bonum,

134 1485 320 1548 secundum
336 1485 602 1566 applicationem
618 1486 689 1547 veri
706 1485 749 1548 ad
767 1507 875 1561 usum,
890 1489 940 1549 ita
956 1489 1046 1551 sicut
1062 1489 1174 1554 homo
1191 1490 1265 1554 vult

134 1582 308 1663 sapienter
326 1581 491 1660 cogitare,
512 1589 548 1642 et
567 1579 646 1642 inde
666 1582 841 1662 sapienter
860 1583 985 1647 vivere.

196 1689 290 1757 124.
320 1674 422 1757 Quod
442 1676 489 1738 sic
508 1674 656 1738 ecclesia
671 1676 762 1757 apud
782 1676 958 1741 hominem
977 1700 998 1741 a
1017 1678 1176 1743 Domino
1195 1680 1265 1744 sor·

133 1781 256 1845 metur,
276 1781 329 1835 est
348 1772 428 1853 quia
447 1780 528 1834 tunc
548 1781 601 1833 est
626 1772 659 1832 in
682 1770 923 1852 conjunctione
940 1793 1018 1836 cum
1040 1774 1210 1850 Domino,
1231 1777 1264 1839 in

132 1869 225 1931 bono
241 1868 284 1930 ab
301 1867 392 1949 lpso,
408 1876 443 1929 et
460 1867 493 1928 in
506 1886 587 1929 vero
601 1867 688 1929 sicut
705 1887 724 1928 a
741 1888 788 1939 se,
803 1868 968 1931 itahomo
981 1879 1036 1932 est
1053 1871 1088 1932 in
1109 1871 1263 1936 Domino

132 1971 167 2024 et
184 1961 350 2024 Dominus
366 1961 399 2022 in
416 1960 486 2032 illo,
504 1960 691 2022 secundum
709 1960 820 2042 ipsius
836 1962 941 2025 verba
957 1963 1048 2043 apud
1065 1964 1263 2036 Johannem

135 2055 223 2138 (cap.
247 2077 305 2118 xv.
324 2074 355 2134 4,
376 2054 419 2136 5).
465 2053 582 2117 Simile
606 2065 659 2118 est
682 2056 709 2117 si
734 2075 795 2137 pro
818 2056 910 2118 bono
934 2057 1071 2120 dicatur
1095 2057 1263 2133 charitas,

131 2160 167 2215 et
186 2172 248 2234 pro
267 2171 349 2214 vero
367 2150 463 2226 fides,
480 2151 559 2234 quia
577 2150 705 2213 bonum
725 2161 779 2215 est
798 2150 991 2226 charitatis,
1009 2160 1045 2215 et
1066 2173 1190 2217 verum
1208 2166 1262 2218 est

132 2246 220 2311 fidei.

196 2355 289 2424 125·
321 2339 394 2422 (vi.)
429 2339 526 2419 Quod
539 2338 683 2402 maritus
700 2360 763 2401 non
779 2350 1007 2421 repraesentet
1021 2340 1218 2418 Dominum,
1232 2356 1264 2407 et

132 2459 219 2500 uxor
231 2435 409 2510 ecclesiam,
426 2435 506 2516 quia
521 2434 617 2498 ambo
632 2433 742 2507 simul,
761 2435 906 2498 maritus
920 2445 953 2498 et
966 2439 1037 2521 ejirs
1054 2458 1154 2512 uxor,
1165 2440 1261 2519 faci·

131 2541 191 2596 unt
207 2530 628 2594 ecclesalam—Communis
644 2549 758 2592 sermo
774 2540 828 2593 est
848 2531 938 2593 intra
954 2530 1152 2605 ecclesiam,
1167 2537 1261 2616 quod

131 2629 218 2691 sicut
239 2627 405 2690 Dominus
425 2636 479 2689 est
499 2635 602 2706 caput
619 2624 797 2698 ecclesiae,
815 2625 865 2687 ita
883 2626 1027 2688 maritus
1047 2635 1102 2689 est
1119 2630 1260 2706 uxoris;

130 2745 175 2787 ex
199 2744 267 2807 quo
290 2731 499 2803 sequeretur,
519 2720 610 2804 quod
634 2720 774 2783 maritus
794 2731 1033 2801 repraesentet
1054 2720 1259 2798 Dominum,

130 2830 167 2883 et
189 2839 277 2882 uxor
299 2818 503 2894 ecclesiam;
534 2816 594 2879 sed
619 2815 788 2878 Dominus
812 2824 866 2878 est
888 2826 993 2898 caput
1017 2814 1201 2892 ecclesiae,
1223 2830 1259 2884 et

130 2915 245 2987 homo,
266 2914 317 2975 vir
335 2922 370 2975 et
390 2911 526 2985 semina,
548 2921 627 2974 sunt
647 2909 805 2983 ecclesia,
826 2921 862 2974 et
883 2910 959 2991 plus
978 2911 1090 2975 adhuc
1112 2914 1260 2978 maritus

129 3018 166 3074 et
182 3028 271 3071 uxor
282 3006 402 3084 simul;
423 3007 512 3088 apud
528 3006 592 3069 hos
608 3005 756 3068 ecclesia
769 3005 912 3086 primum
926 3006 1155 3087 implantatur
1171 3009 1257 3082 viro,

130 3113 166 3169 et
189 3124 249 3184 per
267 3104 375 3165 virum
393 3102 503 3176 uxori,
524 3102 602 3184 quia
620 3102 670 3163 vir
689 3096 868 3163 intellectu
888 3102 1010 3182 recipit
1030 3121 1150 3164 verum
1170 3102 1258 3185 ejus,

130 3208 166 3263 et
190 3218 277 3261 uxor
300 3219 320 3261 a
343 3198 438 3273 viro;
467 3198 526 3259 sed
551 3197 577 3258 si
601 3197 761 3269 vicissim,
784 3215 851 3257 non
875 3206 929 3259 est
953 3196 1143 3258 secundum
1163 3199 1259 3261 ordi·

131 3314 229 3357 nem:
258 3294 462 3376 quandoque
487 3302 604 3355 tamen
628 3290 694 3354 hoc
718 3289 768 3363 fit,
793 3291 853 3352 sed
877 3291 968 3372 apud
990 3291 1094 3366 viros,
1119 3293 1177 3373 qui
1201 3292 1259 3356 vel

130 3410 199 3454 non
218 3399 375 3453 amantes
395 3389 595 3469 sapientiae,
616 3396 652 3449 et
672 3386 750 3448 inde
771 3405 833 3448 nec
853 3385 1021 3448 ecclesiae
1042 3394 1135 3460 sunt,
1158 3396 1197 3451 ut
1221 3399 1259 3452 et

130 3486 219 3569 apud
236 3484 315 3547 illos
330 3484 385 3565 qui
403 3494 440 3547 ut
460 3483 629 3565 mancipia
645 3482 799 3563 pendent
819 3502 838 3543 a
858 3482 996 3544 nutibus
1012 3500 1151 3544 suarum
1167 3503 1258 3546 uxo·

130 3602 214 3645 rum.
259 3579 311 3643 De
323 3579 386 3641 hac
400 3600 436 3642 re
447 3579 603 3641 videatur
615 3577 742 3658 aliquid
759 3578 791 3638 in
809 3575 1106 3639 Praeliminaribus
1122 3573 1171 3658 (n.
1186 3577 1254 3659 21).

193 3678 289 3742 126·
313 3673 398 3756 (vii.)
426 3672 523 3752 Quod
533 3673 604 3735 ideo
616 3693 678 3734 non
691 3672 738 3734 sit
751 3670 1041 3752 correspondentia
1053 3671 1176 3735 mariti
1184 3693 1258 3736 cum

128 3771 270 3836 Domino
297 3779 329 3833 et
357 3768 473 3832 uxon's
502 3789 573 3830 cum
590 3766 723 3830 ecclesia
751 3766 786 3828 in
815 3765 975 3850 conjugiis
995 3764 1192 3846 angelorum
1223 3766 1257 3828 in

129 3866 228 3932 caelis
246 3875 278 3929 et
296 3865 463 3928 hominum
481 3864 515 3929 in
535 3861 792 3926 terris—Haec
807 3871 994 3943 sequuntur
1010 3881 1055 3923 ex
1073 3880 1165 3924 nunc
1182 3863 1258 3926 dic·

129 3963 196 4027 tis:
221 3962 274 4026 his
287 3971 405 4024 tamen
425 3960 624 4022 addendum
644 3967 708 4031 est,
729 3957 818 4038 quod
839 3965 1004 4038 appareat
1024 3955 1113 4018 sicut
1133 3976 1255 4020 verum

130 4059 174 4122 sit
198 4058 394 4141 primarium
419 4054 597 4127 ecclesiae,
622 4055 699 4136 quia
722 4063 775 4115 est
806 4050 878 4132 ejus
901 4051 1045 4134 primum
1070 4060 1256 4134 tempore;

129 4174 176 4218 ex
199 4155 263 4217 hac
287 4151 488 4234 apparentia
512 4159 567 4212 est
591 4149 681 4232 quod
706 4149 883 4211 antistites
906 4145 1074 4209 ecclesiae
1093 4146 1256 4212 dederint

130 4248 281 4332 palmam
301 4246 378 4309 fidei
398 4265 484 4327 quae
504 4254 557 4307 est
581 4245 662 4317 veri,
683 4264 763 4325 prae
780 4243 948 4306 charitate
967 4261 1053 4323 quae
1073 4250 1127 4304 est
1152 4243 1255 4322 boni;

130 4345 287 4408 similiter
303 4342 426 4405 eruditi
443 4341 648 4422 cogitationi
660 4360 747 4421 quae
764 4349 817 4402 est
834 4335 1042 4410 intellectus,
1057 4355 1138 4417 prae
1152 4337 1255 4404 aflec-

131 4439 225 4504 tione
238 4458 325 4521 quae
338 4445 392 4502 est
404 4435 594 4500 voluntatis
609 4456 617 4516 ;
641 4445 848 4517 quapropter
861 4433 949 4496 sicut
964 4433 997 4495 iu
1014 4430 1149 4496 tumulo
1160 4431 1254 4515 jacet
