2850 5026
163 413 221 496 178
500 430 683 481 oamcma
707 431 937 483 sumamma

158 598 191 662 in
211 618 393 681 progressu
412 600 541 682 absque
560 597 800 680 conjunitione
816 622 892 666 cum
912 623 1028 668 amore
1050 602 1226 680 feminino,
1244 615 1278 671 et

158 693 236 756 dein
254 692 447 776 conjugiali.

220 806 316 872 219.
354 789 420 873 (x.)
448 789 545 868 Quod
563 812 683 855 uxores
706 791 741 854 in
764 791 857 856 nulla
881 792 1081 857 excitatione
1101 793 1175 859 sint
1193 795 1278 860 secut

156 885 230 949 viri
234 908 250 959 ,·
272 885 335 949 sed
353 886 443 967 quod
461 885 531 949 illis
553 887 601 950 sit
621 897 732 950 status
756 888 1036 969 praeparatiom‘s
1062 888 1114 953 ad
1138 892 1276 971 recepti-

155 978 404 1060 onem-Quod
419 981 498 1044 viris
513 983 559 1044 'sit
578 983 771 1056 seminatio,
791 994 827 1045 et
844 984 923 1046 inde
939 985 1117 1057 excitatio,
1133 994 1171 1048 et
1187 985 1277 1067 quod

156 1074 289 1137 leminis
317 1094 384 1137 non
415 1075 499 1138 haec
524 1077 568 1139 sit
596 1078 673 1158 quia
698 1097 767 1140 non
796 1078 1008 1168 illa,·patet;
1039 1078 1131 1160 quod
1160 1090 1277 1143 autem

155 1169 288 1234 leminis
307 1171 350 1233 sit
370 1180 482 1234 status
503 1174 768 1253 praeparationis
787 1173 829 1235 ad
849 1174 1092 1254 receptionem,
1112 1183 1149 1237 et
1168 1174 1218 1238 sic
1236 1174 1278 1237 ad

156 1266 430 1345 conceptionem,
448 1286 493 1328 ex
517 1266 644 1330 auditis
667 1267 794 1333 resero:
827 1269 937 1350 qualis
955 1279 1071 1331 autem
1091 1268 1146 1332 hic
1166 1278 1279 1332 status

155 1359 288 1423 seminis
303 1371 369 1435 est,
387 1380 455 1424 non
473 1360 553 1423 licet
569 1362 772 1435 describere,
787 1372 823 1425 et
840 1383 974 1444 quoque
993 1363 1076 1425 solis
1089 1362 1157 1426 illis
1176 1373 1278 1426 notus

155 1465 209 1518 est
227 1475 234 1531 ;
258 1474 339 1517 num
358 1465 473 1518 autern
495 1475 593 1518 amor
612 1456 755 1529 illarum,
773 1457 854 1519 dum
874 1459 906 1519 in
926 1457 986 1520 illo
1005 1467 1100 1520 statu
1123 1467 1217 1532 sunt,
1234 1459 1278 1521 sit

154 1550 188 1612 in
208 1571 270 1613 suo
285 1550 446 1631 jucundo,
466 1561 525 1613 aut
549 1552 582 1613 in
602 1550 794 1632 injucundo,
816 1561 852 1615 ut
871 1553 1039 1634 quaedam
1058 1552 1189 1626 dicunt,
1209 1572 1277 1615 uon

154 1645 198 1707 ab
214 1645 280 1707 illis
296 1645 494 1726 evulgatum
508 1655 561 1708 est
577 1664 584 1706 ε
609 1646 673 1708 hoc
688 1646 797 1710 solum
810 1647 844 1710 in
858 1647 962 1729 vulgo
974 1656 1093 1710 notum
1106 1656 1172 1722 est,
1186 1648 1276 1729 quod

155 1760 222 1803 non
255 1739 384 1802 licitum
408 1741 452 1804 sit
475 1741 600 1804 marito
623 1741 736 1804 dicere
764 1743 873 1816 uxori,
898 1741 989 1824 quod
1013 1743 1121 1823 possit
1143 1751 1181 1806 et
1209 1762 1276 1804 non

155 1835 251 1909 velit,
272 1836 319 1898 sic
343 1836 433 1898 enim
464 1835 643 1916 insigniter
673 1835 819 1899 laeditur
841 1847 953 1899 status
977 1838 1197 1918 receptionis,
1220 1838 1275 1919 qui

155 1940 377 2013 praeparatur
395 1931 581 1993 secundum
599 1940 728 1993 statum
746 1932 855 1994 mariti
875 1932 965 2013 quod
986 1934 1104 2013 possit.

216 2041 313 2091 m·
345 2024 422 2107 (xi.)
449 2024 546 2102 Quod
560 2025 647 2089 viris
665 2027 713 2089 sit
729 2026 822 2106 copto
840 2026 1015 2090 secundum
1033 2047 1181 2089 arnorem
1191 2037 1273 2107 pro·

149 2120 311 2202 pagandr'
340 2141 421 2183 vera
453 2120 647 2200 sapientiae,
677 2130 710 2183 et
741 2121 916 2183 secundum
947 2141 1097 2184 amorem
1117 2121 1274 2201 sact'endi

153 2214 390 2296 usus-Quod
414 2216 463 2278 ita
485 2216 531 2277 sit
555 2224 608 2277 est
632 2234 731 2277 unum
758 2217 848 2278 inter
863 2236 998 2290 arcana,
1019 2236 1106 2297 quae
1122 2217 1272 2299 antiquis

153 2321 234 2375 nota
251 2311 394 2385 luerunt,
408 2320 445 2374 et
468 2310 569 2374 hodie
585 2310 774 2391 deperdita.
820 2309 965 2392 Antiqui
984 2312 1167 2385 sciverunt,
1181 2312 1271 2394 quod

152 2408 266 2470 omnia
282 2416 316 2470 et
333 2406 466 2486 singula
479 2426 565 2488 quae
581 2404 665 2468 fiunt
685 2405 717 2468 in
731 2424 885 2486 corpore,
899 2425 944 2467 ex
960 2406 1091 2486 origine
1108 2406 1272 2486 spirituali

151 2500 235 2565 fiant
248 2523 255 2578 ;
280 2511 317 2564 ut
333 2501 424 2582 quod
437 2521 482 2562 ex
495 2499 686 2574 voluntate,
698 2519 784 2581 quae
797 2501 830 2561 in
844 2520 880 2562 se
893 2510 946 2562 est
959 2499 1151 2581 spiritualis,
1167 2500 1271 2563 fluant

151 2595 325 2673 aiiiones;
350 2595 440 2677 quod
460 2595 748 2675 excogitatione,
768 2614 855 2675 quae
878 2595 982 2656 etiam
1002 2603 1055 2657 est
1075 2594 1269 2675 spiritualis,

151 2692 256 2754 fluant
272 2689 427 2772 loquelae
442 2711 449 2766 ;
467 2701 540 2752 tum
554 2690 643 2771 quod
662 2690 752 2752 visus
768 2689 933 2751 naturalis
945 2710 989 2752 ex
1003 2690 1076 2751 visu
1092 2690 1269 2770 spirituali,

150 2788 206 2870 qui
223 2796 277 2849 est
301 2781 516 2861 intellectum
542 2784 678 2847 auditus
702 2783 866 2846 naturalis
885 2805 929 2846 ex
954 2784 1072 2847 auditu
1090 2783 1268 2865 spirituali,

150 2883 206 2964 qui
236 2891 289 2944 est
315 2881 463 2943 attentio
494 2877 688 2942 intelledtus
708 2888 744 2942 et
774 2879 872 2942 simul
907 2879 1186 2942 accommodatio
1208 2900 1268 2942 vo·

151 2978 292 3040 luntatis
308 2997 315 3053 ;
336 2986 371 3038 et
390 2972 533 3037 olladtus
550 2974 713 3037 naturalis
733 2994 777 3037 ex
801 2972 926 3037 ollad'tu
945 2973 1122 3053 spirituali,
1142 2974 1199 3055 qui
1217 2983 1269 3037 est

151 3073 348 3154 perceptio;
378 3081 413 3133 et
437 3071 484 3132 sic
509 3089 628 3151 porro:
654 3070 744 3151 quod
769 3069 924 3131 similiter
947 3068 1131 3130 seminatio
1150 3068 1267 3141 virilis,

149 3188 194 3230 ex
226 3168 356 3247 origine
385 3163 550 3245 spirituali
581 3165 636 3237 sit,
657 3164 786 3245 antiqui
814 3163 994 3238 viderunt;
1028 3163 1120 3244 quod
1145 3164 1191 3227 sit
1220 3184 1264 3227 ex

149 3263 247 3336 veris,
267 3282 312 3324 ex
332 3261 451 3342 quibus
471 3260 628 3322 consistit
648 3257 855 3331 intelledtus,
875 3280 919 3321 ex
939 3258 1089 3340 pluribus
1107 3267 1144 3321 et
1163 3260 1268 3322 ratio-

149 3359 199 3420 nis
216 3366 251 3420 et
268 3356 502 3437 experientiae
518 3355 736 3416 documentis
752 3354 1015 3428 concluserunt;
1039 3361 1074 3414 et
1091 3352 1266 3427 dixerunt,

149 3453 238 3535 quod
259 3450 341 3513 nihil
361 3450 452 3512 aliud
472 3450 653 3529 recipiatur
668 3470 689 3510 a
708 3448 877 3523 masculis,
891 3470 936 3510 ex
956 3446 1115 3527 conjugio
1130 3448 1268 3527 spiritu·

148 3548 193 3612 ali
212 3547 303 3629 quod
320 3556 374 3609 est
397 3545 476 3608 boni
500 3554 535 3607 et
553 3545 633 3618 veri,
654 3544 745 3626 quod
769 3543 876 3606 influit
896 3544 928 3604 in
949 3544 1062 3605 omnia
1082 3552 1118 3606 et
1134 3543 1268 3625 singula

149 3644 307 3714 universi,
327 3660 428 3723 quam
451 3659 579 3712 verum,
600 3650 634 3702 et
658 3639 692 3702 id
715 3639 807 3720 quod
830 3659 866 3701 se
890 3639 990 3701 refert
1007 3637 1050 3699 ad
1070 3657 1208 3716 verum;
1232 3647 1268 3701 et

148 3740 239 3822 quod
263 3738 327 3800 hoc
351 3738 384 3799 in
408 3755 589 3817 progressu
613 3736 647 3797 in
670 3754 792 3814 corpus
815 3733 979 3796 formetur
1002 3734 1034 3794 in
1059 3752 1197 3810 semem
1231 3742 1267 3797 et

147 3836 238 3918 quod
252 3834 331 3896 inde
344 3834 399 3904 sit,
413 3832 503 3913 quod
520 3832 650 3894 semina
662 3829 881 3909 spiritualiter
891 3824 1066 3891 intelledta
1079 3828 1147 3891 sint
1163 3847 1244 3890 vera
1257 3847 1264 3888 :

148 3930 259 4012 quoad
283 3928 543 4002 formationem;
568 3926 658 4006 quod
682 3926 795 3987 anima
819 3923 1016 3996 masculina,
1037 3923 1114 4004 quia
1137 3933 1192 3986 est
1215 3923 1266 3986 in·

148 4022 363 4098 telledtualis,
381 4024 429 4085 ita
445 4022 488 4084 sit
505 4039 631 4092 verum,
652 4016 883 4083 intefledluale
902 4020 991 4080 enim
1008 4036 1076 4079 non
1093 4017 1184 4080 aliud
1200 4027 1265 4090 est,

147 4141 250 4204 quare
270 4120 349 4182 dum
365 4119 478 4180 anima
497 4115 684 4188 descendit,
699 4115 804 4177 etiam
819 4133 933 4176 verum
953 4114 1150 4190 descendit;
1173 4112 1264 4195 quod

147 4216 211 4279 hoc
236 4214 295 4278 fiat
322 4234 382 4296 per
408 4211 500 4294 quod
529 4211 653 4284 anima,
678 4230 765 4291 quae
792 4219 846 4272 est
877 4210 1031 4271 intimum
1059 4206 1207 4271 hominis
1229 4217 1265 4271 et

146 4310 292 4391 cujusvis
304 4309 470 4381 animalis,
484 4315 519 4369 et
532 4307 566 4368 in
586 4325 646 4367 sua
658 4305 809 4368 essentia
819 4314 873 4368 est
886 4304 1080 4384 spiritualis,
1095 4323 1140 4366 ex
1160 4303 1264 4366 insito

147 4407 221 4470 nisu
233 4404 490 4489 propagationis
501 4401 563 4480 sui,
574 4401 607 4465 in
620 4401 787 4465 descensu
799 4410 970 4482 sequatur,
984 4409 1019 4463 et
1032 4399 1115 4463 velit
1126 4417 1263 4482 procre-
