2782 5026
222 452 262 535 3⁸
477 492 481 499 -
569 461 752 513 unucma
774 460 1003 514 SAPOENTIAE

218 645 291 689 sunt
305 631 485 688 ineffabiles:
503 647 595 703 quare
608 632 714 703 recipe,
728 647 805 704 quae
819 631 977 688 auditurus
991 647 1032 696 es,
1045 631 1240 696 rationaliter,
1252 642 1284 688 et
1297 629 1338 687 sic

218 714 256 769 ad
271 709 455 767 intelledlum
466 727 583 782 expone
597 711 673 767 illa.”

274 791 313 846 Et
326 792 474 862 respondi,
489 799 505 821 ‘¹
515 790 643 852 Cavebo,
658 790 758 845 venite
771 789 923 861 propius.”

274 870 312 925 Et
324 881 479 932 venerunt,
490 880 520 925 et
533 886 602 925 ecce
616 879 680 924 erat
691 870 815 924 maritus
827 881 859 924 et
871 870 936 940 ejus
948 885 1040 925 uxor:
1057 879 1089 925 et
1100 868 1252 932 dixerunt.
1263 877 1279 898 ‘¹
1289 870 1352 925 Su*

218 967 285 1004 mus
300 951 458 1021 conjugem
477 950 605 1004 viximus
624 950 704 1004 beati
722 950 751 1003 in
770 949 855 1004 caelo
873 965 892 1003 a
910 950 1006 1020 primo
1024 964 1108 1011 aevo,
1122 950 1206 1019 quod
1225 966 1244 1004 a
1258 951 1355 1004 vobis

217 1040 344 1084 vocatur
355 1030 507 1084 saeculum
521 1045 654 1091 aureum,
667 1040 698 1084 et
710 1039 857 1100 perpetuo
873 1029 903 1083 in
916 1028 1006 1083 simili
1019 1029 1093 1084 flore
1104 1029 1225 1092 aetatis,
1239 1030 1271 1084 in
1284 1042 1360 1101 quo

217 1119 251 1162 tu
266 1125 321 1163 nos
334 1109 418 1164 vides
432 1109 550 1163 hodie.''

272 1188 408 1243 Lustravi
427 1200 596 1258 utrumque,
609 1187 681 1258 quia
698 1187 817 1258 percepi
830 1188 912 1258 quod
932 1196 1190 1257 repraesentarent
1209 1204 1360 1244 amorem

217 1267 419 1338 conjugialem
435 1267 464 1320 in
478 1283 532 1321 sua
545 1267 608 1320 vita
619 1277 650 1321 et
664 1267 693 1320 in
707 1283 762 1321 suo
776 1277 899 1330 omatu;
919 1267 948 1320 in
962 1266 1091 1321 suavita
1111 1267 1141 1320 in
1155 1266 1302 1330 faciebus,
1315 1280 1363 1324 et:

218 1346 247 1399 in
258 1362 314 1401 suo
324 1357 431 1400 ornatu
443 1347 472 1400 in
483 1346 634 1408 vestibus:
649 1362 755 1401 omnes
764 1347 844 1401 enim
855 1346 953 1417 angeli
964 1356 1034 1400 sunt
1044 1342 1222 1401 alictiiones
1232 1349 1361 1403 amoris

217 1425 247 1479 in
261 1425 357 1480 iorma
370 1426 516 1488 humana;
536 1425 600 1496 ipsa
617 1423 738 1479 aflediio
751 1441 878 1496 regnans
890 1426 989 1480 elucet
1007 1441 1043 1480 ex
1057 1425 1176 1480 illorum
1197 1426 1350 1489 faciebus,

216 1516 248 1560 et
259 1522 297 1560 ex
309 1503 467 1560 afletlione
481 1516 512 1560 et
527 1506 693 1559 secundum
710 1505 790 1559 illam
806 1504 974 1559 sortiuntur
985 1514 1100 1567 vestes;
1119 1522 1214 1576 quare
1230 1507 1365 1562 dicitur·

217 1585 247 1638 in
263 1584 355 1646 caelo,
369 1585 451 1654 quod
470 1600 524 1639 sua
541 1582 663 1638 afletlio
680 1584 847 1655 quemlibet
866 1583 1016 1639 investiat.
1054 1584 1182 1639 Maritus
1202 1588 1363 1656 apparuit

217 1665 248 1719 in
262 1675 361 1720 aetate
375 1665 474 1719 media
494 1665 571 1719 inter
583 1665 816 1719 adolescentiam
836 1676 867 1719 et
883 1665 1089 1734 juventutem
1107 1665 1146 1719 ab
1159 1666 1258 1721 oculis
1278 1669 1354 1737 ejus

215 1744 363 1799 emicabat
381 1745 432 1798 lux
445 1744 612 1799 scintillans
625 1760 661 1798 ex
675 1744 822 1814 sapientia
835 1744 953 1806 amoris,
967 1760 1004 1799 ex
1016 1760 1077 1814 qua
1091 1744 1157 1798 luce
1170 1744 1264 1801 iacies
1277 1748 1358 1818 ejus

217 1823 323 1877 intime
336 1823 414 1878 sicut
427 1824 571 1885 radiabat,
585 1833 616 1877 et
629 1840 666 1877 ex
678 1824 863 1878 eradiatione
877 1823 945 1877 inde
958 1823 1037 1878 cutis
1054 1824 1084 1877 in
1097 1825 1242 1880 extremis
1256 1828 1355 1897 quasi

215 1901 365 1973 fulgebam
388 1902 458 1957 inde
476 1913 542 1957 tota
556 1903 622 1972 ejus
637 1902 727 1957 iacies
743 1902 799 1956 luit
815 1920 891 1957 unus
907 1903 1069 1972 splendens
1087 1904 1196 1959 decor:
1216 1905 1354 1960 indutus

215 1992 280 2037 erat
293 1982 387 2044 talari,
400 1992 431 2036 et
444 1982 500 2036 sub
515 1982 601 2035 talari
615 1993 698 2036 veste
711 1982 822 2036 coloris
841 1981 1036 2052 hyacinthini,
1049 1993 1081 2036 et
1099 1982 1177 2037 hanc
1190 1984 1353 2039 circumli-

214 2063 305 2131 gabat
318 2077 394 2115 zona
406 2077 504 2123 aurea,
515 2077 605 2131 super
617 2078 676 2132 qua
689 2072 774 2116 erant
787 2072 848 2115 tres
858 2061 972 2130 lapides
986 2062 1118 2131 pretiosi,
1127 2062 1191 2115 bini
1205 2063 1346 2134 sapphiri

213 2156 233 2194 a
251 2140 401 2202 lateribus,
421 2156 456 2195 ac
475 2157 606 2211 pyropus
622 2141 652 2194 in
672 2141 788 2203 medi0;
812 2141 928 2194 tibialia
945 2157 983 2194 ex
1001 2141 1179 2210 splendente
1199 2142 1274 2205 lino,
1293 2145 1347 2198 cui

214 2219 331 2275 intexta
340 2230 425 2274 erant
438 2219 488 2274 fila
500 2236 537 2274 ex
547 2229 689 2290 argentm
701 2229 732 2274 et
742 2219 833 2274 calcei
844 2236 881 2275 ex
891 2220 1074 2275 holoserico:
1089 2221 1164 2275 haee
1175 2220 1234 2276 luit
1244 2221 1348 2277 forma

215 2299 469 2369 repraesentativa
485 2299 596 2353 amoris
615 2299 793 2370 conjugialis
814 2299 894 2369 apud
914 2299 1063 2353 maritum.
1101 2300 1193 2369 Apud
1214 2318 1343 2357 uxorem

213 2389 314 2433 autem
331 2379 387 2432 luit
407 2379 496 2433 haec:
515 2378 606 2433 iacies
621 2379 686 2448 ejus
702 2378 775 2432 mihi
791 2378 855 2433 visa
870 2388 924 2439 est,
938 2389 969 2432 et
988 2394 1048 2432 non
1063 2379 1143 2440 visa:
1161 2379 1228 2434 visa
1243 2392 1291 2436 est
1307 2392 1344 2435 ut

214 2457 277 2528 ipsa
288 2459 487 2529 pulchritudo,
497 2469 529 2512 et
542 2475 603 2513 non
615 2460 680 2513 visa
693 2459 764 2529 quia
773 2458 847 2512 haec
858 2457 1106 2528 inexpressibilis;
1126 2458 1155 2512 in
1169 2458 1247 2514 facie
1256 2462 1340 2515 enim

213 2548 276 2592 erat
292 2538 435 2607 splendor
449 2538 524 2593 lucis
541 2537 705 2599 flammeae,
719 2537 815 2607 qualis
828 2538 878 2591 lux
893 2548 940 2591 est
955 2537 1069 2608 angelis
1090 2538 1120 2591 in
1136 2539 1229 2594 tertio
1245 2540 1339 2602 caelo,

212 2627 244 2671 et
258 2617 332 2686 haee
341 2617 438 2672 visum
453 2633 553 2671 meum
567 2617 737 2678 hebetavit;
755 2632 847 2687 quare
863 2617 955 2671 modo
967 2617 1118 2686 obstupui.

268 2694 338 2749 Hoc
361 2695 412 2749 illa
435 2696 675 2751 animadvertens
700 2696 878 2766 loquebatur
897 2695 935 2750 ad
962 2697 1141 2759 medicem,
1165 2694 1273 2768 “Quid
1295 2699 1338 2753 ui·

212 2773 306 2830 des?”

269 2854 431 2924 Respondi,
442 2852 537 2908 “Non
547 2853 637 2909 video
647 2853 703 2909 nisi
714 2870 847 2910 amorem
857 2854 1066 2925 coniugialem,
1075 2865 1106 2909 et
1117 2855 1183 2925 ejus
1191 2854 1336 2917 formam:

213 2933 267 2988 sed
280 2934 370 2988 video
382 2943 413 2987 et
428 2948 488 2986 non
500 2933 617 2988 video.''

267 3012 315 3067 Ad
335 3013 409 3067 haec
424 3013 534 3066 avertit
553 3012 603 3066 illa
617 3028 650 3067 se
665 3013 786 3083 oblique
801 3029 819 3066 a
835 3013 950 3075 marito,
966 3023 997 3068 et
1011 3022 1085 3067 tunc
1103 3014 1190 3083 potui
1209 3014 1335 3070 lustrare

213 3090 367 3146 intentius.
404 3090 493 3146 Oculi
511 3092 577 3162 ejus
597 3091 747 3146 micabant
765 3109 802 3146 ex
820 3093 886 3146 luce
905 3092 978 3147 caeli
997 3092 1052 3153 sui,
1069 3108 1153 3162 quae,
1167 3104 1202 3147 ut
1221 3093 1333 3149 ditium

211 3179 266 3233 est,
279 3180 325 3226 est
343 3170 489 3232 flammea,
505 3182 536 3226 et
555 3171 625 3226 inde
640 3171 733 3225 trahit
752 3187 789 3225 ex
807 3187 909 3226 amore
927 3171 1106 3241 sapientiae;
1131 3183 1236 3227 amant
1255 3175 1333 3228 enim

210 3266 319 3305 uxores
333 3249 364 3304 in
380 3249 432 3304 illo
444 3250 528 3305 caelo
542 3250 667 3304 maritos
679 3266 716 3304 ex
729 3250 876 3319 sapientia
895 3261 925 3305 et
945 3250 975 3304 in
994 3251 1142 3320 sapientia
1162 3252 1290 3315 illorum,
1303 3262 1333 3308 et

211 3329 310 3383 mariti
323 3345 431 3384 uxores
445 3344 482 3383 ex
501 3329 552 3384 illo
564 3346 666 3384 amore
685 3340 716 3384 et
732 3329 761 3382 in
782 3329 833 3383 illo
849 3345 920 3400 erga
932 3346 972 3390 se,
984 3341 1016 3383 et
1029 3330 1072 3384 sic
1084 3329 1246 3395 uniuntur:
1265 3333 1333 3387 inde

210 3419 275 3463 erat
288 3409 481 3479 pulchritudo
494 3409 567 3479 ejus,
580 3425 657 3479 quae
670 3408 746 3470 talis,
760 3419 794 3461 ut
813 3409 893 3462 illam
909 3410 1051 3463 aemulari
1070 3420 1101 3464 et
1113 3410 1221 3466 sistere
1236 3411 1266 3466 in
1280 3427 1333 3467 sua

210 3487 307 3543 lorma
319 3504 381 3543 non
394 3487 490 3558 possit
503 3489 580 3542 ullus
595 3486 699 3558 pifior,
711 3504 771 3542 non
785 3488 864 3542 enim
879 3489 967 3541 datur
979 3487 1039 3543 tale
1052 3504 1209 3544 coruscum
1224 3491 1255 3545 in
1269 3492 1333 3562 ejus

210 3567 319 3630 colore,
333 3568 461 3622 nectale
477 3567 642 3622 formosum
656 3567 848 3637 expressibile
867 3566 896 3621 in
910 3568 975 3637 ejus
988 3579 1070 3623 arte:
1088 3569 1186 3624 crines
1198 3580 1284 3625 erant
1303 3571 1333 3624 in

209 3647 431 3701 ordinedecore
442 3646 532 3717 positi
543 3647 707 3702 secundum
716 3647 1013 3716 correspondentiam
1022 3663 1090 3701 cum
1101 3648 1331 3717 pulchritudine,

209 3736 240 3780 et
253 3726 297 3780 eis
317 3726 420 3781 inserti
440 3727 529 3781 flores
544 3742 580 3781 ex
600 3727 836 3781 diadematibus:
855 3726 1009 3780 collarium
1026 3727 1054 3781 ei
1069 3737 1134 3781 erat
1149 3743 1186 3782 ex
1203 3730 1331 3799 pyropis,

209 3820 245 3859 ac
261 3805 330 3859 inde
350 3805 499 3875 pendebat
518 3807 663 3860 rosarium
677 3822 714 3860 ex
725 3805 936 3875 chrysolithis;
955 3816 985 3859 et
998 3806 1025 3860 ei
1045 3806 1178 3861 armillae
1191 3820 1277 3862 erant
1296 3825 1332 3862 ex

209 3884 388 3939 unionibus:
411 3882 521 3939 amit'ta
539 3896 604 3939 erat
625 3896 698 3956 toga
716 3884 863 3945 coccinea,
884 3895 915 3939 et
933 3887 989 3939 sub
1012 3885 1061 3938 illa
1080 3897 1164 3940 veste
1188 3886 1330 3956 petlorali

209 3978 366 4034 purpurea,
379 3979 469 4033 quam
483 3964 616 4018 anterius
628 3965 812 4034 colligabant
824 3964 937 4025 rubini;
955 3965 1007 4018 sed
1021 3965 1102 4035 quod
1117 3965 1242 4021 miratus
1255 3983 1330 4029 sum,

209 4043 440 4114 variegabantur
455 4043 570 4097 colores
589 4044 753 4098 secundum
772 4040 926 4113 aspectum
945 4044 983 4096 ad
1003 4044 1151 4106 maritum,
1164 4056 1196 4098 et
1211 4061 1330 4117 quoque

209 4122 375 4176 secundum
395 4121 479 4175 illum
499 4137 578 4176 nunc
597 4122 692 4192 magis
711 4138 791 4176 nunc
811 4122 909 4177 minus
928 4125 1140 4186 coruscabant;
1159 4123 1190 4178 in
1208 4124 1330 4194 aspectu

209 4211 316 4254 mutuo
329 4200 432 4271 magis,
446 4211 476 4254 et
491 4201 520 4253 in
534 4198 656 4270 aspectu
669 4201 793 4271 obliquo
806 4201 913 4256 minus.

264 4278 321 4333 His
330 4279 402 4334 visis
412 4279 614 4350 loquebantur
623 4280 730 4334 iterum
742 4296 875 4342 mecum:
894 4290 924 4335 et
937 4297 1005 4334 cum
1016 4282 1140 4336 maritus
1152 4281 1331 4353 loquebatur

210 4356 260 4411 ille
270 4358 358 4412 simul
371 4359 450 4413 sicut
462 4375 499 4413 ex
512 4374 612 4420 uxore,
623 4369 654 4413 et
667 4375 735 4413 cum
749 4359 921 4413 uxorsimul
936 4360 986 4414 illa
998 4361 1076 4415 sicut
1089 4377 1125 4415 ex
1139 4362 1255 4424 marito,
1266 4373 1330 4417 erat

209 4435 288 4491 enim
301 4437 370 4492 talis
385 4437 457 4492 unio
472 4437 627 4501 mentium,
641 4438 799 4509 exquibus
818 4438 916 4492 fluunt
935 4439 1086 4510 loquelae:
1105 4451 1136 4495 et
1149 4451 1222 4496 tunc
1236 4441 1327 4497 etiam
