2782 5026
141 433 203 495 208
486 444 669 497 DELICIAE
691 444 920 497 sarlatense

37 672 46 690 ι
138 615 267 669 alterum
280 613 435 670 sedentem
449 631 539 686 super
550 615 637 670 asino
655 614 760 687 ignito,
772 616 811 671 ad
829 616 914 687 cujus
930 615 1026 672 latera
1042 618 1182 689 repebant
1194 633 1241 673 ser·

139 704 245 765 pentes
267 695 357 756 rubri,
378 695 532 749 elevantes
552 696 632 750 colla
652 705 683 751 et
704 696 811 767 capita,
833 706 865 751 et
885 708 1048 767 sequentes
1066 699 1242 769 equitantem

140 772 260 828 Ditlum
276 785 323 828 est
339 773 413 827 mihi
428 775 509 845 quod
526 784 627 830 essent
646 791 750 845 papae,
763 775 815 846 qui
828 776 965 831 dominio
977 777 1190 832 abdicaverunt
1201 777 1243 830 irn-

138 864 299 924 peratores.
310 869 345 908 ac
358 854 434 909 male
447 854 540 908 locuti
554 865 585 908 et
595 855 673 909 male
684 866 812 925 egerunt
825 870 894 909 cum
908 855 967 910 illis
981 856 1107 918 Romae.
1115 873 1176 928 quo
1186 873 1244 926 sup

138 933 284 1003 plicantes
296 944 328 988 et
340 934 501 987 adorantes
513 934 579 988 illos
589 945 753 988 venerunt:
771 944 802 988 at
812 935 893 1005 quod
906 935 1081 997 canistrum,
1091 937 1123 990 in
1133 952 1192 1007 quo
1200 935 1244 990 visi

136 1023 208 1068 sunt
220 1024 384 1083 serpentes,
395 1023 425 1067 et
435 1014 516 1083 quod
529 1014 631 1068 asinus
645 1014 758 1084 ignitus
770 1029 838 1068 cum
851 1014 982 1070 colubris
994 1016 1033 1069 ad
1048 1016 1151 1078 latera,
1160 1024 1246 1071 essent

136 1093 426 1162 repraesentationes
441 1093 560 1146 illorum
577 1093 688 1148 amoris
701 1093 876 1147 dominandi
891 1109 929 1147 ex
943 1109 1048 1149 amore
1062 1096 1120 1156 sui.
1132 1106 1164 1150 et
1175 1094 1245 1165 quod

135 1172 245 1226 similia
267 1188 327 1226 non
349 1183 513 1242 appareant
535 1173 601 1227 aliis
619 1188 708 1243 quam
727 1171 778 1242 qui
799 1189 816 1227 e
834 1173 1001 1243 longinquo
1022 1174 1094 1229 illuc
1112 1173 1246 1245 speum

138 1250 231 1305 Erant
248 1250 340 1322 aliqui
359 1251 495 1306 canonici
514 1262 694 1322 praesentes.
710 1268 786 1322 quos
806 1252 996 1323 interrogavi,
1012 1270 1084 1308 num
1106 1254 1194 1309 iidem
1212 1252 1246 1307 illi

136 1347 230 1400 papae
249 1341 365 1393 essent:
387 1331 535 1392 dicebant.
551 1333 632 1402 quod
651 1341 835 1402 cognoscant
855 1332 929 1393 illos.
947 1343 979 1387 et
998 1334 1096 1388 sciant
1114 1334 1194 1404 quod
1212 1331 1246 1387 illi

136 1412 205 1465 sint.

188 1491 283 1548 2⁶6.
311 1489 476 1561 Postquam
496 1489 571 1544 haec
587 1489 687 1545 tristia
698 1500 730 1545 et
741 1491 855 1546 atrocia
873 1490 946 1545 mihi
959 1490 1025 1546 visa
1037 1502 1118 1554 sunt,
1131 1492 1247 1546 circum·

133 1571 268 1641 aperiet
280 1570 342 1624 vidi
356 1570 433 1624 duos
446 1571 570 1641 angelos
581 1586 641 1623 non
656 1570 759 1640 procul
772 1586 791 1624 a
804 1586 851 1625 me
863 1581 980 1625 stantes
990 1580 1022 1625 et
1034 1572 1247 1642 colloquentes

135 1667 212 1705 unus
225 1647 352 1705 amilius
362 1659 426 1705 erat
438 1660 510 1720 toga
520 1649 605 1704 lanea
618 1649 751 1719 fulgente
763 1666 801 1704 ex
813 1650 952 1705 flammea
965 1666 1104 1720 purpura.
1115 1663 1148 1706 et
1156 1651 1248 1706 tunica

134 1745 171 1784 ex
184 1729 362 1799 splendente
375 1729 464 1799 bysso
476 1730 533 1784 sub
547 1729 613 1792 illa:
632 1730 708 1784 alter
721 1730 869 1784 similibus
881 1745 918 1783 ex
933 1730 1060 1785 coccino
1072 1747 1142 1784 cum
1154 1729 1247 1788 cidari.

133 1809 181 1864 cui
195 1809 286 1878 aliqui
301 1809 406 1879 pyropi
419 1825 437 1862 a
449 1809 556 1863 dextro
572 1809 665 1864 latere
681 1809 782 1864 inserti
799 1820 899 1872 erant:
917 1810 954 1863 ad
969 1810 1026 1864 hos
1039 1810 1162 1871 accessi,
1174 1821 1204 1864 et
1217 1823 1249 1864 ex

134 1904 207 1960 pace
219 1888 361 1950 salutavi:
380 1899 412 1943 et
425 1898 596 1943 reverenter
608 1888 750 1958 quaesivi,
765 1887 851 1943 “Cur
861 1905 915 1944 vos
928 1888 977 1943 hic
991 1888 1070 1943 infra
1081 1890 1155 1944 estis
1161 1888 1192 1944 Υ·

188 1968 227 2022 Et
239 1968 470 2038 respondebant,
484 1976 499 1996 ⁶·
509 1967 691 2023 Demisimus
704 1983 759 2022 nos
778 1968 867 2022 buce
881 1968 965 2022 caelo
979 1984 1017 2022 ex
1033 1970 1178 2024 mandato
1194 1967 1251 2024 Do·

134 2047 207 2102 mini
221 2049 257 2103 ad
269 2048 453 2119 loquendum
467 2058 567 2102 tecum
581 2048 619 2102 de
632 2048 721 2102 beata
732 2058 814 2102 sorte
831 2047 957 2109 illorum,
971 2048 1022 2117 qui
1039 2049 1148 2103 volunt
1159 2048 1252 2103 domi·

134 2129 196 2182 nari
210 2144 247 2182 ex
261 2143 363 2182 amore
378 2144 496 2182 usuum.
534 2127 597 2182 Nos
616 2142 719 2181 sumus
733 2128 864 2182 cultores
885 2126 1025 2190 Domini;
1043 2143 1103 2200 ego
1118 2128 1253 2199 princeps

133 2207 294 2268 societatis,
307 2207 384 2262 alter
396 2223 531 2261 summus
544 2207 684 2261 sacerdos
698 2206 765 2261 ibi.’'

189 2286 227 2341 Et
236 2287 313 2341 dixit
323 2286 461 2357 princeps
470 2286 552 2355 quod
562 2296 643 2340 esset
653 2301 756 2340 servus
765 2301 837 2341 suae
847 2285 1008 2346 societatis,
1017 2286 1088 2356 quia
1098 2286 1253 2342 inserviret

134 2367 175 2421 illi
192 2365 329 2421 faciendo
344 2382 433 2427 usus;
452 2375 482 2420 et
497 2366 577 2420 alter
594 2366 670 2419 dixit
689 2366 769 2436 quod
789 2376 868 2419 esset
887 2366 1024 2420 minister
1041 2364 1187 2421 ecclesiae
1205 2365 1252 2426 ibi,

132 2446 203 2517 quia
216 2445 408 2501 inserviendo
422 2444 479 2499 illis
493 2445 677 2499 ministraret
688 2443 791 2499 sanila
802 2445 840 2498 ad
853 2461 925 2499 usus
937 2444 1105 2499 animarum
1120 2445 1253 2500 illorum:

132 2537 163 2580 et
176 2526 257 2595 quod
273 2526 361 2580 ambo
375 2525 404 2578 in
422 2524 573 2594 perpetuis
588 2524 705 2595 gaudiis
720 2524 781 2578 sint
793 2539 829 2578 ex
843 2522 986 2578 felicitate
998 2535 1130 2587 aeterna,
1143 2541 1219 2595 quae
1235 2540 1254 2577 a

135 2605 265 2660 Domino
280 2605 309 2657 in
327 2605 384 2658 illis
397 2614 459 2664 est:
478 2614 509 2658 et
521 2604 602 2674 quod
622 2604 724 2658 omnia
743 2603 772 2656 in
788 2603 932 2658 societate
952 2603 1002 2658 illa
1020 2603 1082 2659 sint
1096 2604 1253 2674 splendida

132 2695 163 2739 et
177 2683 342 2755 magnifica,
355 2683 513 2753 splendida
528 2699 565 2737 ex
577 2699 651 2738 auro
669 2693 701 2737 et
719 2682 869 2753 lapidibus
887 2682 1034 2753 pretiosis,
1048 2693 1080 2737 et
1095 2683 1253 2754 magnifica

132 2781 168 2818 ex
180 2763 297 2833 palatiis
308 2773 338 2817 et
349 2763 509 2833 paradisis;
529 2769 640 2816 “causa
652 2773 706 2822 est,
716 2763 786 2832 quia
799 2778 884 2816 amor
894 2773 995 2816 noster
1005 2762 1183 2817 dominandi
1193 2779 1251 2817 non

132 2852 179 2897 est
193 2858 230 2897 ex
245 2858 346 2897 amore
361 2842 416 2901 sui.
432 2842 484 2896 sed
504 2858 541 2896 ex
559 2857 661 2896 amore
680 2857 798 2903 usuum,
814 2851 844 2896 et
859 2842 929 2912 quia
947 2857 1032 2896 amor
1046 2858 1157 2896 usuum
1172 2856 1218 2897 est
1235 2859 1253 2896 a

134 2923 274 2984 Domino.
294 2923 363 2976 ideo
381 2939 486 2976 omnes
505 2939 576 2976 usus
595 2922 665 2976 boni
685 2922 716 2976 in
734 2923 824 2976 caelis
842 2922 1003 2992 splendent
1021 2932 1053 2976 et
1072 2922 1205 2993 fulgent:
1222 2933 1252 2977 et

131 3003 202 3073 quia
210 3018 316 3058 omnes
327 3003 356 3056 in
367 3013 469 3057 nostra
478 3003 622 3057 societate
630 3002 659 3056 in
668 3001 727 3057 hoc
734 3017 835 3056 amore
844 3017 954 3063 sumus,
965 3002 1032 3056 ideo
1042 3002 1253 3072 atmosphaera

132 3083 172 3137 lbi
186 3093 310 3152 apparet
325 3097 421 3142 aurea,
435 3099 472 3136 ex
490 3083 557 3136 luce
576 3082 615 3135 ibi
629 3098 706 3151 quae
721 3081 813 3136 trahit
826 3097 863 3135 ex
876 3081 1015 3136 flammeo
1028 3081 1108 3143 solis.
1123 3097 1159 3136 ac
1171 3082 1252 3136 flam-

132 3177 232 3216 meum
245 3161 317 3216 solis
330 3162 545 3231 correspondet
558 3161 607 3216 isti
620 3161 743 3215 amori.”

187 3239 244 3295 His
263 3239 352 3296 ditiis
370 3241 509 3311 apparuit
527 3241 617 3295 etiam
638 3240 712 3294 mihi
731 3240 837 3294 similis
855 3239 982 3311 sphaera
1000 3239 1111 3293 circum
1134 3240 1209 3303 illos,
1221 3250 1253 3294 et

128 3319 299 3374 1¹1sentitum
310 3332 356 3375 est
365 3320 562 3376 aromaticum
572 3335 609 3374 ex
629 3319 685 3380 illa.
701 3320 782 3389 quod
805 3319 895 3373 etiam
915 3319 976 3373 dixi
996 3319 1061 3379 illis,
1075 3329 1106 3373 et
1126 3320 1200 3389 petii
1218 3330 1253 3373 ut

131 3399 245 3469 aliquid
256 3399 322 3469 plus
332 3398 476 3469 adjiciant
486 3397 574 3453 dietis
583 3400 620 3453 de
630 3414 732 3453 amore
741 3413 830 3453 usus:
844 3409 875 3453 et
885 3398 1103 3453 continuabant
1112 3399 1251 3459 dicendo.

132 3486 148 3508 ⁸·
158 3478 337 3550 Dignitates.
351 3479 380 3531 in
394 3480 502 3549 quibus
516 3494 626 3539 sumus,
640 3478 762 3548 quidem
779 3477 966 3540 ambivimus,
979 3478 1033 3532 sed
1049 3487 1175 3547 propter
1186 3478 1251 3532 nul-

131 3559 192 3611 lum
210 3557 299 3612 alium
322 3557 419 3619 finem,
432 3574 522 3627 quam
537 3568 572 3611 ut
591 3573 748 3628 possemus
761 3557 885 3627 ¹plenius
904 3556 1000 3611 facere
1019 3573 1099 3619 usus,
1111 3566 1145 3612 et
1163 3557 1253 3612 latius

131 3638 293 3692 extendere
310 3637 393 3692 illos:
411 3647 443 3690 et
458 3652 578 3708 quoque
593 3635 860 3690 circumfundimur
878 3635 1001 3698 honore,
1014 3646 1046 3690 et
1060 3648 1253 3707 acceptamus

131 3717 224 3778 illum,
244 3733 304 3771 non
327 3726 450 3787 propter
469 3726 532 3776 nos,
552 3716 604 3770 sed
623 3725 747 3786 propter
766 3717 878 3770 bonum
898 3715 1067 3778 societatis;
1086 3715 1253 3771 confratres

131 3796 211 3852 enim
225 3805 256 3851 et
269 3795 410 3855 consocii,
424 3796 475 3865 qui
489 3812 526 3850 ex
538 3795 685 3866 vulgoibi
697 3805 776 3855 sunt,
788 3795 839 3849 vix
852 3794 951 3849 sciunt
963 3793 1052 3849 aliter
1064 3811 1156 3865 quam
1170 3796 1252 3866 quod

131 3875 262 3931 honores
272 3875 452 3947 dignitatum
466 3885 635 3929 nostrarum
649 3874 710 3929 sint
724 3874 753 3928 in
767 3874 863 3935 nobis,
873 3885 904 3929 et
917 3875 987 3928 inde
997 3875 1079 3944 quod
1094 3890 1168 3930 usus
1178 3890 1254 3946 quos

130 3953 264 4016 facimus.
275 3955 362 4009 sinte
376 3954 478 4016 nobis:
497 3954 550 4009 sed
562 3970 617 4008 nos
626 3954 714 4008 aliter
722 3953 884 4016 sentimus;
902 3953 1049 4009 sentimus
1059 3954 1142 4023 quod
1157 3954 1254 4009 hono-

131 4050 178 4089 res
191 4034 372 4105 dignitatum
387 4035 448 4088 sint
460 4043 545 4087 extra
560 4049 623 4095 nos,
637 4043 668 4087 et
681 4033 761 4103 quod
778 4033 839 4087 sint
853 4034 931 4088 sicut
945 4030 1073 4087 amictus
1085 4033 1196 4104 quibus
1209 4034 1255 4088 in·

130 4113 291 4176 vestimur;
309 4113 362 4168 sed
377 4114 458 4184 quod
477 4129 558 4175 usus,
573 4128 649 4183 quos
668 4122 861 4183 praestamus,
877 4112 939 4167 sint
956 4128 993 4166 ex
1011 4127 1114 4167 amore
1133 4112 1254 4169 illorum

132 4192 210 4247 intra
222 4210 277 4248 nos
290 4209 308 4246 a
322 4192 460 4253 Domino.
471 4204 502 4246 et
514 4192 564 4246 hic
576 4207 660 4246 amor
670 4191 886 4246 beatitudinem
901 4207 985 4246 suam
998 4191 1109 4262 accipit
1120 4208 1159 4247 ex
1170 4208 1255 4248 com·

132 4273 334 4327 manicatione
355 4287 409 4342 per
427 4288 498 4326 usus
518 4287 586 4326 cum
609 4272 688 4333 aliis:
714 4281 745 4326 et
766 4272 803 4326 ab
825 4270 1009 4341 experientia
1029 4272 1152 4334 scimus,
1171 4274 1254 4344 quod

131 4362 276 4422 quantum
290 4351 415 4406 facimus
428 4368 499 4406 usus
512 4368 548 4406 ex
559 4367 660 4405 amore
670 4351 798 4413 illorum,
808 4361 925 4405 tantum
939 4351 1086 4405 increscat
1099 4367 1187 4406 amor
1197 4352 1254 4415 ille,

130 4440 243 4486 etcum
257 4447 359 4487 amore
373 4431 527 4503 sapientia.
537 4447 574 4485 ex
584 4446 643 4502 qua
656 4431 690 4486 fit
702 4430 950 4493 communicatio:
968 4440 1000 4484 at
1009 4431 1092 4501 quod
1106 4443 1254 4502 quantum
