2782 5026
361 110 412 165 ne
435 113 572 166 narona
594 114 914 182 comparant-u.
936 103 1006 183 318.
1179 115 1241 183 ²5¹

623 304 753 472 [xrvss]

432 585 491 649 Du
514 584 716 665 CouJuons
740 587 932 651 Irunnrrs.

182 796 277 867 317.
307 782 347 846 In
367 784 630 849 ventilationem
654 795 771 868 potest
795 786 921 860 venire,
943 805 1023 848 num
1046 806 1142 849 amor
1160 774 1244 848 con·

122 877 264 961 jugialis,
289 881 346 962 qui
373 891 428 943 est
455 882 552 943 unius
575 881 636 943 viri
663 899 739 943 cum
764 901 830 944 una
853 901 972 955 uxore,
993 892 1071 963 post
1096 892 1243 944 mortem

124 973 276 1055 conjugis
300 976 410 1056 possit
433 976 595 1058 separari,
619 983 680 1039 aut
705 976 896 1050 transcribi,
921 985 980 1039 aut
1008 976 1244 1057 superinduci;

122 1078 194 1132 tum
213 1070 320 1133 etiam
341 1089 421 1132 num
441 1070 598 1152 conjugia
617 1072 743 1134 iterata
761 1070 889 1153 aliquid
908 1090 1089 1134 commune
1108 1071 1245 1134 obtine·

125 1173 184 1226 ant
203 1183 280 1226 cum
302 1163 510 1246 polygamia,
529 1166 628 1228 etsie
649 1184 729 1228 num
745 1167 860 1228 vocari
876 1166 1009 1248 possint
1026 1165 1246 1247 polygamiae

125 1260 358 1336 successivae;
393 1270 530 1342 praeter
557 1260 663 1341 plura,
692 1280 778 1343 quae
808 1261 984 1343 scrupulos
1013 1260 1179 1343 scrupulis
1208 1281 1246 1324 se

125 1353 250 1417 addere
264 1354 378 1417 solent
391 1354 482 1437 apud
498 1356 768 1418 ratiocinatores.
814 1355 865 1420 Ut
878 1356 992 1438 itaque
1005 1355 1246 1434 scrutiniorum

125 1448 290 1530 magistri,
311 1450 367 1532 qui
390 1450 423 1512 in
448 1451 567 1513 umbra
590 1450 633 1513 de
656 1450 708 1513 his
728 1449 894 1532 conjugiis
917 1451 1174 1527 ratiocinantur,
1194 1453 1245 1514 vi·

125 1542 227 1607 deant
240 1543 391 1626 aliquam
409 1544 530 1617 lucem,
545 1547 657 1627 operis
674 1547 819 1627 pretium
833 1547 949 1608 censui
965 1545 1046 1620 lore,
1061 1557 1246 1629 sequentes

126 1638 286 1703 articulos
305 1641 348 1702 de
367 1638 433 1702 illis
452 1641 496 1702 ad
511 1640 673 1722 judicium
693 1641 825 1716 sistere,
846 1642 902 1723 qui
921 1651 1000 1705 sunt
1016 1661 1068 1703 :-

305 1781 347 1850 (i.)
375 1781 461 1852 Quod
469 1785 537 1851 post
551 1789 670 1836 mortem
685 1785 818 1854 conjugis
831 1786 938 1837 iterum
953 1783 1123 1838 contrahere
1139 1786 1246 1837 matri-

442 1855 579 1938 man'um,
600 1854 758 1923 dependeat
778 1872 797 1908 a
817 1855 1007 1924 praecedente
1027 1872 1126 1909 amore
1146 1857 1247 1926 conju·

290 1992 345 2059 (ii.)
373 1923 555 2063 Ωνοῗιῗίιηι
568 2012 587 2048 a
599 2000 681 2049 statu
692 1997 831 2066 conjugii,
845 1997 878 2048 in
889 1998 1104 2065 provenerant.

280 2064 345 2133 (iii.)
374 2065 459 2135 Quod
468 2066 537 2127 illis,
547 2067 651 2134 quotus
662 2068 795 2138 nonfuit
806 2083 890 2121 amor
898 2083 965 2121 vere
973 2067 1158 2138 conjugcalr's,
1168 2065 1250 2120 ncnc'l

441 2137 526 2259 qbstet
537 2143 565 2190 et
581 2137 659 2197 obsit,
675 2140 748 2205 quin
767 2139 987 2192 matrcmonium
1006 2141 1113 2192 iterato
1130 2143 1247 2191 contra·

464 2213 526 2261 ant.

286 2276 348 2345 (iv.)
377 2277 462 2346 Quod
473 2277 528 2339 illi,
544 2279 600 2345 qui
611 2279 689 2330 enter
702 2293 730 2330 se
745 2280 777 2330 r'n
792 2294 890 2331 amore
906 2294 974 2331 vere
985 2277 1151 2349 conjuge'ali
1164 2280 1247 2330 vaire·

441 2354 520 2409 rant,
531 2351 670 2401 iteratum
680 2350 847 2419 conjugalem
861 2365 916 2402 non
928 2348 1020 2401 velent
1028 2369 1040 2410 ,·
1058 2351 1248 2419 nisipropter

442 2435 545 2472 causas
555 2423 709 2488 separatas
720 2419 757 2472 ab
768 2435 866 2472 amore
878 2419 1047 2489 conjugrali.

296 2488 346 2556 (v.)
375 2489 460 2558 Quod
471 2489 551 2541 alius
563 2490 603 2542 sit
619 2493 714 2543 status
728 2491 861 2560 conjugii
864 2490 988 2561 juvenis
1001 2506 1066 2543 curn
1080 2491 1206 2562 virgine,
1219 2495 1249 2544 ct

440 2559 520 2612 aleier
523 2561 647 2628 juvenis
658 2577 723 2613 cum
734 2560 836 2613 ardua.

283 2628 345 2697 (vi.)
373 2629 459 2699 Quod
466 2632 555 2683 etiam
565 2630 644 2684 olias
652 2637 747 2684 status
755 2646 805 2683 con
815 2631 889 2701 'ugit
897 2631 938 2684 sit
946 2631 1035 2684 aaut·
1044 2647 1108 2685 curn
1120 2632 1248 2703 virgine,

443 2706 471 2754 et
481 2700 561 2755 ataias
572 2702 662 2755 vidui
670 2718 735 2755 com
747 2703 783 2753 vi
802 2718 849 2755 ua.

276 2769 349 2838 (vii.)
377 2770 462 2840 Quod
478 2773 638 2824 varietates
658 2778 686 2825 et
708 2772 894 2826 dtiecrsitates
915 2770 1019 2824 horum
1044 2772 1248 2842 conjugiorum

442 2841 542 2910 quoad
555 2859 681 2898 amorem
696 2849 724 2898 et
737 2844 801 2914 ejus
814 2842 968 2904 attributa,
980 2842 1120 2895 excedant
1137 2858 1248 2896 omnem

442 2929 604 2968 numerum.

263 2982 347 3051 (viii.)
374 2983 460 3053 Quod
467 2990 563 3038 status
576 2983 821 3054 veduaegravc'ar
831 2985 872 3036 sit
882 2989 963 3038 stato
975 2983 1070 3039 ardui.

133 3135 287 3220 Sequitur
306 3157 395 3201 nunc
415 3137 535 3200 horum
555 3138 754 3220 explicatio.

188 3230 286 3313 318·
318 3232 369 3314 (i.)
397 3231 494 3311 Quod
503 3243 583 3314 post
601 3241 737 3296 mortem
752 3232 902 3317 consagis
917 3233 1038 3296 iterum
1052 3231 1248 3296 contrahere

131 3328 376 3390 matrimonium
402 3328 582 3408 dependeat
603 3349 625 3391 a
647 3328 862 3408 praecedente
883 3348 995 3389 amore
1015 3326 1248 3412 conflagrati.—

132 3418 190 3482 Est
210 3439 307 3484 arnor
326 3442 405 3485 vere
424 3421 625 3503 conjugialis
645 3423 731 3485 sicut
752 3421 847 3497 lanx,
865 3442 931 3504 qua
947 3422 1187 3485 inclinationes
1203 3422 1247 3486 ad

131 3513 284 3596 conjugia
306 3515 430 3578 iterata
453 3517 706 3598 ponderantur;
738 3528 903 3599 quantum
927 3536 1023 3579 amor
1046 3516 1248 3597 conjugialis

131 3610 336 3689 praecedens
352 3610 396 3673 ad
415 3610 510 3673 illum
526 3630 678 3674 amorem
695 3613 841 3686 accedit,
858 3622 992 3675 tantum
1009 3612 1187 3675 inclinatio
1203 3612 1247 3674 ad

132 3703 286 3768 iteratum
304 3704 497 3786 conjugium
514 3702 665 3783 recedit;
689 3716 725 3768 at
742 3717 908 3788 quantum
925 3726 1021 3768 amor
1037 3707 1247 3787 praecedens

132 3800 253 3863 recedit
273 3800 318 3863 ab
337 3800 398 3863 illo
413 3819 539 3874 amore,
557 3809 694 3864 tantum
711 3801 888 3863 inclinatio
904 3801 947 3864 ad
966 3801 1112 3863 alterum
1129 3799 1246 3882 conju·

135 3893 217 3971 glum
241 3894 333 3959 solet
356 3896 539 3958 accedere:
573 3916 677 3958 causa
700 3896 733 3958 in
757 3895 941 3978 propatulo
964 3906 1029 3969 est,
1050 3896 1127 3978 quia
1151 3916 1248 3961 amor

136 3988 327 4072 conjugialis
351 3990 460 4052 estin
484 3990 584 4053 simili
608 3992 716 4071 gradu
740 3989 933 4071 conjundtio
957 3993 1134 4065 mentium,
1159 4012 1246 4074 quae

137 4081 164 4145 in
179 4087 248 4150 vita
267 4086 420 4167 corporis
436 4086 532 4148 unius
551 4095 667 4149 manet
687 4096 766 4169 post
787 4087 918 4149 obitum
937 4086 1087 4162 alterius,
1105 4096 1141 4150 et
1160 4086 1245 4150 haec
