2782 5026
166 443 210 509 26
412 496 437 519 „
511 458 694 510 nsarcms
716 457 949 510 sumamma

167 624 252 688 alibi;
270 624 295 679 si
306 624 384 687 alibi,
395 625 468 679 nihil
482 626 566 681 audit
576 636 607 680 et
621 627 695 681 nihil
706 626 841 697 percipit,
852 635 884 681 et
893 624 1128 698 quoque-turbat
1136 624 1274 681 ordinem
1312 626 1339 676 ἲ

168 720 258 776 aquo
271 705 390 759 turbato
403 705 542 762 sacerdos
556 722 616 760 non
631 706 819 777 inspiratur.”

221 793 281 855 24.
307 782 471 855 Postquam
491 784 664 855 congregati
683 795 762 846 sunt,
775 784 911 839 ascendit
930 782 1069 839 sacerdos
1088 781 1251 855 pulpitum,
1264 784 1346 837 et

168 862 403 917 concionabatur
420 879 588 917 sermonem
609 865 730 934 plenum
749 864 857 934 spiritu
877 862 1050 933 sapientiae.
1092 861 1211 917 Concio
1230 868 1336 916 erat

169 941 206 995 de
215 938 372 995 sanclitate
383 941 552 1012 Scripturae
565 941 679 1004 Sacrae,
688 953 718 996 et
728 942 765 997 de
774 939 989 1011 conjuntlione
1000 941 1122 996 Domini
1132 957 1203 995 curn
1213 951 1338 995 utroae

169 1036 226 1089 que
241 1020 360 1080 mundo.
375 1021 521 1091 spirituali
535 1032 566 1074 et
579 1022 715 1083 naturali,
727 1038 779 1092 per
793 1021 882 1075 iilam.
922 1018 956 1074 ln
971 1019 1181 1081 illustratione,
1192 1019 1224 1073 in
1237 1034 1339 1090 qum

169 1108 240 1159 erat,
255 1099 341 1168 plene
359 1099 498 1161 convicit,
512 1100 593 1170 quod
608 1099 729 1155 santius
749 1101 797 1154 ille
818 1100 906 1154 Liber
920 1097 1051 1153 dictatus
1066 1099 1107 1152 sit
1122 1114 1140 1152 a
1155 1098 1324 1170 Jehoraln.

171 1176 310 1239 Domino,
321 1188 351 1232 et
364 1180 444 1248 qnod
460 1179 528 1233 inde
543 1178 611 1249 lpse
623 1180 662 1234 sit
676 1179 705 1233 in
720 1179 780 1241 illo,
793 1179 870 1233 adeo
883 1188 917 1232 ut
932 1178 999 1249 Ipse
1012 1177 1051 1231 sit
1065 1176 1225 1248 Sapientia
1237 1178 1278 1231 ibi
1289 1201 1317 1247 ς

170 1256 222 1310 sed
236 1258 316 1326 quod
331 1256 491 1326 Sapientia,
505 1275 581 1327 quae
595 1269 641 1313 cst
656 1257 722 1328 lpse
737 1257 817 1317 inibi,
831 1259 886 1312 sub
899 1273 987 1312 sensu
1002 1256 1120 1311 litterae
1132 1255 1234 1326 jaceat
1251 1273 1309 1310 re·-

170 1335 300 1398 condita,
313 1347 343 1391 et
364 1353 424 1391 non
443 1340 593 1407 aperiatur
611 1338 667 1392 nisi
688 1338 813 1407 illisqui
835 1337 864 1390 in
885 1337 963 1391 veris
980 1334 1135 1391 dostrinae
1152 1346 1185 1390 et
1203 1335 1302 1390 simul

171 1413 200 1466 in
213 1415 300 1469 bonis
313 1416 391 1469 vitae
405 1426 483 1477 sunt,
498 1427 529 1469 et
541 1417 584 1470 sic
598 1416 626 1469 in
643 1416 774 1470 Domino
787 1428 818 1470 et
831 1415 979 1470 Dominus
992 1415 1022 1468 in
1037 1414 1103 1469 illis.
1140 1413 1292 1469 Concioni

170 1493 324 1563 subjunxit
336 1495 468 1549 votivam
481 1495 656 1556 orationem,
670 1505 700 1550 et
713 1495 877 1550 descendit.

226 1572 410 1628 Exeuntibus
429 1574 616 1628 auditoribus
637 1574 761 1644 angelus
785 1573 902 1644 rogavit
926 1572 1114 1627 sacerdotem
1137 1580 1174 1625 ut
1194 1571 1298 1642 aliqua

170 1652 261 1706 verba
271 1652 351 1722 pacis
361 1668 429 1706 curn
439 1653 542 1708 decem
551 1654 612 1707 suis
619 1653 780 1708 comitibus
789 1653 979 1723 loqueretur;
991 1651 1206 1706 etaccessitad
1216 1651 1293 1712 illos,

170 1740 202 1784 et
209 1731 458 1801 colloquebantur
467 1748 518 1801 per
525 1732 678 1787 semissem
690 1733 789 1791 horae.
798 1742 829 1786 et
838 1732 1064 1802 loquebaturde
1075 1729 1187 1783 Divina
1196 1729 1296 1783 Trini-

171 1819 243 1870 tate.
256 1811 337 1880 quod
352 1810 401 1864 illa
415 1811 443 1864 in
457 1809 527 1883 Jesu
542 1809 664 1866 Christo
677 1812 724 1873 sit,
736 1812 765 1865 in
779 1810 849 1882 Quo
862 1810 1020 1881 plenitudo
1032 1808 1132 1864 omnis
1146 1807 1296 1863 Divinita-

128 1932 131 1947 .
171 1889 211 1943 tis
222 1889 417 1959 corporaliter
426 1889 550 1951 habitat,
561 1890 725 1944 secundum
737 1889 867 1945 editlum
878 1889 1019 1959 Apostoli
1033 1887 1132 1949 Pauli;
1147 1898 1180 1942 et
1190 1898 1296 1958 postea

173 1968 210 2023 de
224 1968 335 2022 unione
348 1968 502 2023 charitatis
514 1979 546 2022 et
565 1968 643 2031 fidei,
656 1970 708 2023 sed
722 1969 806 2030 dixit,
820 1969 858 2023 de
873 1969 985 2023 unione
1000 1967 1156 2023 charitatis
1173 1977 1206 2021 et
1217 1966 1295 2021 veri-

171 2047 252 2109 tatis,
265 2047 335 2117 quia
348 2047 422 2102 fides
436 2059 481 2102 est
494 2048 613 2102 veritas.

225 2137 286 2197 ²5·
312 2126 387 2182 Post
404 2127 566 2197 gratiarum
586 2125 757 2189 ditlionem,
772 2127 930 2182 abiverant
945 2127 1090 2187 domum;
1108 2134 1139 2178 et
1156 2124 1198 2178 ibi
1217 2123 1295 2179 dixit

174 2204 232 2260 illis
244 2206 375 2277 angelus,
387 2215 402 2236 ‘⁸
414 2206 467 2260 Est
480 2206 571 2261 hodie
584 2207 689 2261 tertius
699 2206 763 2261 dies
776 2207 813 2260 ab
823 2222 948 2261 ascensu
958 2215 1062 2260 vestro
1074 2204 1103 2257 in
1117 2203 1210 2274 hujus
1222 2202 1297 2257 caeli

172 2284 354 2347 societatem,
368 2296 398 2340 et
412 2285 441 2339 in
455 2296 515 2340 tres
529 2285 592 2340 dies
606 2285 769 2356 praeparati
786 2285 857 2339 estis
873 2301 891 2338 a
908 2284 1039 2338 Domino
1055 2283 1092 2337 ad
1109 2283 1295 2337 manendum

172 2363 237 2427 hic;
256 2381 347 2435 quare
359 2376 478 2436 tempus
492 2376 538 2420 est
551 2377 585 2420 ut
600 2381 786 2435 separemur:
804 2364 906 2418 exuite
922 2364 1024 2433 itaque
1037 2372 1136 2416 vestes
1153 2361 1260 2416 missas
1277 2377 1296 2415 a

173 2443 313 2514 principe,
332 2461 366 2499 ac
386 2445 501 2500 induite
519 2444 659 2500 vestras.”
698 2444 821 2498 Etcum
842 2443 871 2496 in
891 2442 938 2496 his
957 2452 1050 2502 erant,
1070 2441 1296 2511 inspirabantur

173 2523 323 2578 desiderio
341 2524 507 2584 secedendi.
521 2534 553 2578 et
570 2532 765 2584 secesserunt,
781 2532 811 2577 et
830 2522 1057 2582 descenderunt,
1073 2520 1182 2589 angelo
1201 2519 1296 2574 comi·

174 2611 258 2657 tante
269 2603 336 2657 illos
348 2603 488 2673 usquead
499 2603 597 2656 locum
608 2612 789 2665 conventus;
805 2613 836 2656 et
847 2602 886 2654 ibi
899 2600 1030 2655 Domino
1039 2599 1151 2670 gratias
1161 2608 1298 2668 egerunt.

174 2683 254 2751 qnod
268 2683 407 2752 dignatus
418 2683 457 2736 sit
470 2683 537 2736 illos
549 2682 636 2736 beare
650 2681 774 2735 scientia
783 2691 814 2735 et
828 2680 897 2734 inde
908 2677 1106 2750 intelligentia
1116 2678 1154 2733 de
1165 2676 1294 2733 Gaudiis

175 2760 360 2818 Caelestibus
373 2773 404 2816 et
417 2762 454 2816 de
470 2760 624 2815 Felicitate
640 2761 779 2815 Aeterna

232 2950 303 3014 26.
315 2946 464 3010 *Iterum
474 2947 507 3008 in
519 2945 664 3008 veritate
677 2965 846 3020 assevero,
857 2945 948 3027 quod
959 2943 1055 3017 haec,
1065 2943 1152 3005 sicut
1166 2959 1299 3005 memo·

101 3048 103 3053 ’
176 3052 251 3107 rata
270 3052 359 3116 sunt,
380 3038 468 3104 faeta
491 3051 526 3104 et
550 3037 741 3115 dictasint,
763 3041 874 3121 priora
897 3041 930 3102 in
954 3038 1082 3101 mundo
1101 3036 1296 3117 spirituum,

177 3138 232 3220 qui
249 3137 379 3199 medius
392 3145 444 3198 est
464 3136 553 3198 inter
571 3134 703 3198 caelum
720 3145 755 3198 et
772 3134 947 3208 infernum,
962 3144 997 3197 et
1014 3133 1194 3215 sequentia
1211 3130 1299 3193 haec

176 3234 211 3298 in
228 3233 394 3295 societate
410 3229 506 3302 caeli,
520 3251 539 3293 e
555 3250 620 3311 qua
636 3229 696 3293 init
709 3228 852 3310 angelus
864 3229 967 3291 tubae
984 3237 1019 3290 et
1036 3222 1167 3288 ductor.
1214 3223 1299 3307 Quis

177 3328 211 3390 in
231 3326 426 3391 Christiano
443 3324 525 3399 orbe
540 3322 666 3405 aliquid
682 3325 838 3386 scivisset
857 3323 900 3384 de
920 3321 1027 3394 cae10,
1045 3341 1083 3383 ac
1104 3321 1147 3382 de
1165 3319 1300 3399 gaudiis

179 3432 215 3487 et
248 3422 290 3484 de
314 3420 478 3483 felicitate
502 3418 557 3492 ibi,
582 3438 724 3500 quorum
747 3419 890 3482 scientia
913 3426 965 3479 est
993 3435 1126 3497 quoque
1154 3414 1300 3477 scientia

179 3516 308 3590 salutis,
329 3516 392 3578 nisi
416 3513 581 3595 placuerit
598 3513 746 3575 Domino
764 3513 894 3594 aperire
913 3511 1011 3573 alicui
1031 3512 1140 3572 visum
1159 3502 1299 3589 spiritus

179 3611 260 3693 ejus,
285 3630 324 3674 ac
350 3607 541 3672 monstrare
565 3617 601 3671 et
624 3607 772 3671 docere?
818 3605 918 3688 Quod
943 3604 1062 3667 similia
1087 3604 1243 3666 existant
1266 3601 1299 3663 in

181 3706 308 3769 mundo
327 3701 501 3784 spirituali,
519 3713 615 3783 patet
632 3702 809 3765 manifeste
828 3723 873 3764 ex
889 3700 968 3763 visis
987 3709 1022 3762 et
1041 3699 1165 3761 auditis
1182 3696 1298 3779 Apos-

181 3799 255 3865 tolo
272 3799 429 3881 Johanni,
449 3817 534 3879 quae
554 3797 727 3877 descripta
746 3806 825 3859 sunt
847 3796 882 3858 in
900 3792 1127 3876 Apocalypsi:
1150 3803 1188 3855 ut

232 3932 311 3998 Quod
324 3930 420 3980 viderit
439 3930 534 3979 Filium
551 3929 670 3978 hominis
683 3929 710 3977 in
728 3928 817 3978 medio
832 3938 935 3992 septem
953 3927 1176 3977 candelabrorum
1190 3926 1271 3994 [(cap.
1284 3930 1300 3979 i.

232 3992 456 4140 Taberssffln,
470 4060 609 4137 templum,
627 4074 726 4120 arcam,
735 4060 819 4110 altare
836 4059 864 4109 in
878 4059 954 4109 caelo
968 4056 1048 4124 [(cap.
1063 4074 1106 4108 xv.
1121 4071 1142 4120 5,
1156 4060 1186 4118 8;
1204 4061 1240 4110 xi.
1255 4073 1301 4123 19;

235 4142 349 4243 Libmg.
360 4122 666 4253 {bsignaldrdxslebllem
684 4190 788 4253 sigillis,
805 4190 880 4239 illum
903 4201 1033 4254 apertum,
1048 4200 1075 4239 et
1093 4190 1155 4240 inde
1172 4202 1302 4240 exeuntes

316 4271 401 4320 equos
416 4254 495 4321 [(cap.
508 4271 533 4304 v.
548 4269 579 4314 1;
597 4257 632 4305 vi.
646 4268 668 4315 1,
681 4267 704 4314 a,
716 4269 740 4315 4.
754 4268 776 4316 5,
789 4251 845 4320 8)];

215 4425 232 4461 ⁸
249 4424 329 4472 NOTA
345 4422 555 4492 nononis-'nib
565 4420 673 4469 Auctore
683 4421 723 4469 hic
732 4422 895 4483 paragraphus
904 4423 978 4492 signis
987 4422 1105 4469 citationis
1115 4423 1222 4470 inclusus
1232 4431 1275 4472 est.
