2782 5026
149 405 210 489 3⁶2
479 417 727 472 vocumrss
751 419 938 473 msnnrss

210 601 308 674 474.
333 587 401 674 (x.)
428 589 526 669 Quod
543 611 664 654 causae
686 591 831 656 sonticas
863 612 926 655 non
958 591 1079 669 reales,
1103 597 1174 658 sint
1194 572 1328 677 qaae

147 705 210 750 non
239 708 282 749 ex
298 684 397 766 justo
418 695 506 760 sunt,
530 685 670 750 tametsi
692 707 735 748 ex
757 687 961 768 apparentia
972 687 1203 770 flesti-Hae
1230 666 1349 753 δ’ι

146 782 258 845 causis
270 783 415 845 sonticis
428 782 574 846 realibus
593 801 696 864 supra
709 783 889 846 recensitis
901 794 1176 864 cognoscuntur,
1191 767 1363 868 quae

146 877 175 940 si
205 897 274 940 non
301 878 367 941 rite
393 876 630 960 explorantur,
654 897 821 960 apparere
843 887 990 958 possunt
1020 888 1060 941 ut
1087 878 1218 960 justae,
1242 894 1292 943 ε
1311 858 1376 914 ¹²

147 980 266 1036 tamen
279 972 426 1054 injustae
439 982 518 1036 sunt
532 993 540 1051 ;
564 974 654 1036 sicut
669 973 761 1056 quod
777 983 935 1054 tempora
946 973 1184 1038 abstinentiae
1198 995 1270 1056 pos
1287 960 1385 1019 ὖ

146 1078 265 1148 partus
292 1068 456 1151 requisita
484 1069 566 1143 sint,
590 1068 825 1151 aegritudines
857 1069 1079 1133 transitoriae
1114 1089 1274 1133 uxorum
1320 1093 1382 1127 ,ν

148 1161 229 1227 inde
252 1173 288 1226 et
311 1183 379 1226 non
403 1164 483 1227 inde
505 1164 687 1245 dispendia
708 1162 863 1246 prolifici,
884 1162 1108 1245 polygamiae
1132 1166 1263 1246 permis

147 1277 207 1322 sae
231 1257 408 1334 Israelitis,
433 1269 469 1323 et
492 1258 622 1322 similes
644 1258 732 1323 aliae
755 1258 880 1322 nullius
902 1258 1029 1322 valoris
1052 1279 1099 1323 ex
1121 1258 1261 1340 justitia

146 1351 214 1417 bae
225 1352 436 1434 effinguntur
451 1374 472 1417 a
488 1354 568 1417 viris
583 1362 663 1436 post
676 1352 856 1418 contradta
867 1353 1005 1435 frigora,
1017 1352 1101 1416 dum
1117 1355 1260 1418 incasta

147 1448 307 1513 libidines
326 1449 592 1532 deprivaverunt
612 1449 691 1512 illos
710 1468 828 1513 amore
846 1447 1043 1530 conjugiali,
1062 1468 1105 1511 ac
1126 1448 1322 1512 infatua-r

148 1553 228 1609 runt
251 1544 331 1608 illos
357 1545 435 1608 idea
458 1543 692 1607 similitudinis
714 1543 786 1626 ejus
809 1563 886 1607 cum
909 1562 1026 1607 amore
1049 1545 1321 1608 scortatorio,

150 1638 209 1718 Hi,
238 1639 320 1705 dum
348 1641 617 1704 concubinatum
646 1641 790 1715 intrant,
821 1660 865 1703 ne
895 1639 1127 1715 diffamentur,
1156 1659 1325 1704 causa5

149 1735 240 1799 tales
257 1737 389 1818 spurias
408 1746 445 1799 et
468 1735 609 1799 fallaces
627 1735 756 1800 faciunt
775 1754 958 1817 germanas
977 1745 1014 1798 et
1037 1735 1225 1817 genuinas,
1246 1745 1316 1798 ut:

148 1829 330 1912 plurimum
346 1832 449 1894 etiam
465 1831 509 1893 de
526 1852 633 1894 uxore
650 1832 815 1894 mentitas
830 1832 1046 1912 inspergunt,
1063 1850 1155 1912 quae
1171 1831 1297 1894 etiam

148 1926 337 1990 secundum
352 1926 504 1989 favorem
522 1946 542 1989 a
561 1926 691 1989 civibus
707 1926 826 1990 amicis
841 1925 1078 1990 assentiuntur
1093 1934 1132 1990 et
1151 1945 1303 1990 occen-

151 2028 279 2084 tantur.

212 2127 310 2197 475.
335 2113 413 2198 (xi.)
440 2114 538 2193 Quod
555 2115 618 2191 illi,
641 2115 702 2198 qui
719 2136 762 2178 ex
782 2114 893 2179 causis
910 2112 1082 2196 legitimis,
1101 2114 1225 2197 fastis,
1248 2124 1284 2179 et

150 2211 286 2275 sonticis
308 2211 465 2285 realibus,
485 2211 520 2274 in
542 2210 601 2273 hac
621 2211 836 2273 concubinatu
857 2219 945 2283 sunt,
960 2209 1098 2292 possint
1115 2209 1225 2273 simul
1245 2211 1280 2274 in

150 2305 447 2387 amoreconjitgiali
455 2305 726 2381 essa-Dicitur,
740 2305 831 2388 quod
844 2305 977 2387 possint
991 2303 1091 2367 simul
1108 2304 1144 2367 in
1157 2324 1279 2369 amore

149 2399 334 2482 conjugiali
352 2421 440 2475 esse,
460 2420 499 2463 ac
519 2400 727 2482 intelligitur
745 2400 836 2483 quod
855 2401 991 2482 possint
1010 2398 1100 2463 hunc
1120 2418 1280 2463 amorem

150 2496 365 2559 reconditum
385 2496 474 2578 apud
494 2517 531 2559 se
550 2506 690 2573 tenere;
714 2515 793 2559 nam
809 2516 905 2559 amor
923 2494 985 2571 ille
1004 2495 1038 2557 in
1057 2491 1227 2575 subjedio,
1244 2496 1278 2557 in

150 2611 218 2673 quo
241 2600 308 2665 est,
330 2611 398 2653 non
423 2592 522 2672 perit,
543 2592 605 2654 sed
626 2591 782 2674 quiescit.
828 2588 931 2671 Quod
953 2609 1050 2653 amor
1069 2588 1277 2671 conjugialis

150 2685 241 2767 apud
265 2685 354 2760 illos,
379 2687 435 2767 qui
458 2685 654 2768 conjugium
678 2684 873 2768 praeferunt
896 2683 1151 2757 concubinatui,
1177 2693 1215 2747 et
1241 2685 1275 2746 in

149 2779 240 2844 hunc
260 2801 305 2844 ex
326 2783 436 2844 causis
456 2782 757 2862 supramemoratis
774 2782 916 2855 intrant,
937 2788 1174 2854 conservetur,
1195 2790 1277 2842 sunt

149 2875 216 2939 hae
239 2897 384 2940 causae:
412 2877 503 2960 quod
526 2877 580 2939 hic
605 2877 854 2939 concubinatus
877 2895 948 2939 non
970 2884 1143 2956 repugnet
1166 2874 1275 2938 amori

150 2969 356 3051 conjugiali;
380 2972 472 3053 quod
491 2991 560 3034 non
580 2972 624 3034 sit
644 2972 818 3052 separatio
836 2971 880 3033 ab
902 2990 966 3047 eo;
990 2971 1082 3049 quod
1101 2970 1149 3032 sit
1169 2969 1275 3032 modo

150 3065 409 3128 circumvelatio
432 3065 522 3145 ejus;
554 3076 590 3128 et
617 3067 709 3148 quod
736 3066 802 3128 hoc
825 3064 984 3128 velamen
1007 3064 1183 3127 auferatur
1206 3063 1274 3126 illis

149 3168 229 3242 post
252 3172 409 3223 mortem.
456 3159 557 3241 Quod
583 3158 635 3242 (i.)
659 3161 907 3224 concubinatus
930 3159 988 3223 ille
1011 3178 1080 3221 non
1099 3167 1275 3239 repugnet

149 3255 258 3317 amori
278 3254 472 3336 conjugiali,
490 3257 642 3337 sequitur
665 3276 685 3319 a
707 3275 808 3336 supra
827 3253 1086 3328 demonstratis,
1103 3252 1197 3335 quod
1217 3251 1274 3315 ille

150 3351 410 3425 concubinatus,
425 3351 504 3413 dum
522 3350 559 3413 fit
576 3372 620 3413 ex
638 3351 750 3413 causis
766 3350 942 3431 legitimis,
953 3347 1063 3429 justis,
1077 3355 1113 3410 et
1130 3348 1275 3411 sonticis

149 3445 308 3521 realibus,
334 3465 402 3508 non
436 3446 480 3508 sit
507 3445 648 3509 illicitus
673 3444 720 3527 (n.
741 3444 916 3526 467-473).
963 3440 1024 3526 (ii.)
1060 3440 1165 3523 Quod
1189 3462 1273 3506 con-

150 3541 329 3604 cubinatus
345 3541 403 3603 ille
423 3561 491 3602 non
510 3542 555 3602 sit
574 3541 746 3622 separatio
764 3540 809 3602 ab
827 3558 945 3601 amore
961 3535 1169 3618 conjugiali;
1193 3554 1273 3599 nam

150 3637 288 3718 quando
311 3655 434 3699 causae
458 3635 645 3716 legitimae,
670 3643 729 3698 aut
748 3633 872 3716 justae,
893 3643 953 3696 aut
978 3631 1134 3695 sonticae
1161 3630 1275 3695 reales

149 3731 381 3806 intercedunt,
396 3733 553 3804 suadent,
568 3731 723 3811 adigunt,
737 3749 835 3791 amor
850 3727 1049 3809 conjugialis
1062 3745 1139 3789 cum
1153 3726 1273 3807 conju-

150 3827 208 3906 gio
221 3846 288 3889 non
302 3835 487 3907 separatur,
499 3826 559 3888 sed
574 3826 677 3888 modo
690 3823 918 3906 interpolatur
932 3844 939 3901 ;
959 3842 998 3886 ac
1012 3840 1108 3885 amor
1120 3823 1273 3905 interpo-

150 3920 253 3995 latus,
274 3929 310 3984 et
323 3941 391 3983 non
404 3931 593 4002 separatus,
605 3921 638 3982 in
652 3917 805 4001 subjecto
815 3928 970 3983 remanet
983 3938 990 3981 :
1015 3917 1080 3980 hoc
1094 3917 1207 3982 simile
1219 3928 1275 3982 est

150 4035 228 4079 cum
239 4016 310 4088 illo,
325 4017 380 4098 qui
397 4017 430 4078 in
447 4025 563 4078 amata
575 4012 748 4077 sunttione
761 4024 826 4090 est,
839 4024 874 4078 et
890 4014 934 4077 ab
946 4013 1004 4075 illa
1017 4012 1202 4076 distinetur
1214 4033 1274 4095 per

150 4113 336 4185 consortia,
349 4111 404 4172 vel
415 4131 475 4191 per
485 4108 692 4191 speltacula,
703 4110 761 4173 vel
774 4130 834 4191 per
844 4109 1152 4193 peregrinationes,
1166 4127 1274 4190 usque

150 4225 220 4267 non
233 4206 347 4287 perdit
360 4224 512 4268 amorem
525 4202 707 4268 sunttionis
720 4226 728 4283 ;
752 4225 791 4268 ac
809 4204 918 4268 simile
931 4223 1007 4266 cum
1020 4202 1091 4276 illo,
1105 4203 1162 4285 qui
1178 4210 1273 4266 amat

150 4318 356 4380 generosum
373 4301 499 4373 vinum,
517 4320 633 4381 usque,
652 4300 731 4362 dum
749 4319 817 4362 non
835 4298 949 4363 nobile
965 4298 1062 4372 bibit,
1080 4316 1149 4361 non
1166 4317 1271 4380 appe-

151 4404 285 4458 tentem
310 4404 449 4475 gustum
473 4415 534 4476 pro
557 4414 728 4476 generoso
751 4396 872 4477 perdit.
920 4391 995 4476 (iii.)
1021 4391 1123 4475 Quod
1143 4412 1270 4457 concu-
