2782 5026
145 483 192 555 72
495 485 678 537 DELICIAE
701 485 929 538 SAPIENTIAB

199 654 233 710 In
249 653 322 711 loris
338 665 424 711 erant
438 653 509 711 iana
523 671 560 711 ex
575 656 675 728 lapide
689 655 819 711 calcario
833 672 930 719 caeso,
944 673 1073 728 quorum
1086 656 1264 714 substrutlio

146 748 211 793 erat
226 738 282 793 sub
297 746 383 800 terra.
397 746 429 792 et
446 736 695 807 superinstructio
710 753 815 808 supra:
843 737 873 791 in
893 754 985 793 unum
1004 755 1041 793 ex
1061 739 1120 794 illis
1139 755 1193 810 per
1208 749 1266 795 tres

145 816 257 890 gradus
273 817 492 881 descendimus,
508 827 539 872 et
560 817 690 872 vidimus
708 817 902 872 circumcirca
922 818 960 872 ad
983 819 1113 888 parietes
1135 820 1218 875 idola
1237 820 1266 873 in

144 897 235 953 variis
253 896 365 959 formis,
381 913 416 952 ac
434 900 552 952 turbam
571 914 660 968 super
677 898 813 969 genubus
831 898 1007 953 adorantem
1027 899 1096 962 illa:
1119 899 1150 954 in
1170 900 1267 956 medio

144 987 209 1032 erat
223 978 343 1039 chorus,
358 994 375 1033 e
394 993 455 1049 quo
474 978 548 1032 deus
564 977 700 1032 tutelaris
716 977 794 1031 illius
809 977 890 1032 urbis
906 978 1006 1048 quoad
1024 989 1117 1048 caput
1132 979 1267 1035 eminuit.

146 1056 182 1113 In
204 1057 388 1130 egrediendo
403 1056 481 1111 dixit
496 1057 569 1111 mihi
585 1057 718 1128 angelus,
734 1058 816 1128 quod
839 1057 920 1112 idola
942 1057 992 1111 illa
1012 1058 1094 1128 apud
1117 1058 1266 1130 antiquos.

143 1137 196 1210 qui
213 1138 242 1191 in
258 1138 379 1192 saeculo
391 1147 543 1208 argenteo,
557 1138 595 1192 de
608 1137 717 1208 quibus
729 1152 826 1206 supra,
839 1137 983 1198 vixerant,
996 1136 1110 1193 luerint
1123 1138 1267 1210 imagines

143 1216 415 1288 repraesentativae
429 1217 589 1272 veritatum
605 1216 813 1287 spiritualium,
829 1227 860 1271 et
874 1217 1020 1271 virtutum
1036 1217 1215 1280 moralium:
1238 1230 1267 1273 et

142 1297 225 1369 quod
238 1297 310 1352 dum
324 1296 450 1351 scientia
462 1295 794 1366 correspondentiamm
808 1313 825 1350 e
839 1297 984 1350 memoria
995 1297 1098 1366 elapsa
1111 1309 1159 1352 est
1172 1307 1204 1353 et
1216 1314 1266 1353 ex·

142 1373 261 1439 stinfta.
279 1376 424 1447 imagines
440 1376 509 1431 illae
524 1376 652 1446 primum
670 1374 766 1431 latiae
781 1376 843 1430 sint
858 1375 978 1447 objecta
991 1377 1101 1440 cultus,
1114 1387 1147 1432 et
1163 1388 1268 1449 postea

141 1457 284 1512 adoratae
297 1456 375 1510 sicut
389 1455 527 1518 numina:
548 1455 617 1510 inde
631 1455 829 1511 idololatriae.

195 1535 272 1592 Cum
288 1547 373 1591 extra
388 1534 490 1589 lanum
506 1551 632 1597 eramus,
649 1535 840 1590 lustravimus
857 1535 995 1590 homines
1009 1545 1041 1590 et
1055 1534 1188 1592 amittus
1203 1536 1267 1592 illo·

141 1634 224 1680 rum:
239 1628 325 1672 erant
340 1615 415 1671 iacie
433 1616 511 1670 sicut
528 1615 691 1687 chalybeia,
706 1615 816 1670 coloris
831 1615 936 1677 caesii:
954 1625 986 1670 et
1000 1613 1102 1670 amitii
1119 1616 1200 1670 sicut
1217 1632 1266 1671 co·

141 1696 251 1760 moedi,
271 1712 339 1751 cum
362 1695 512 1750 mantellis
531 1695 643 1749 circum
665 1695 744 1749 circa
767 1695 887 1750 lumbos
911 1711 948 1749 ex
970 1695 1072 1749 tunica
1098 1694 1204 1750 stricta
1227 1697 1265 1751 td

140 1776 294 1831 thoracem
315 1775 531 1846 pendentibus;
555 1785 586 1830 et
606 1791 697 1846 super
715 1775 864 1846 capitibus
883 1783 969 1830 erant
988 1774 1059 1845 pilei
1080 1775 1266 1831 naviculares

140 1856 271 1925 crispati.

193 1935 252 1990 Sed
269 1934 346 1989 dixit
361 1935 491 2006 angelus,
509 1941 525 1963 ¹⁸
533 1933 613 1990 Satis
627 1934 701 1997 hoc;
726 1934 908 1989 instruamur
922 1934 961 1989 de
977 1934 1158 2005 populorum
1174 1935 1265 2007 hujus

138 2014 204 2071 aevi
217 2014 394 2086 conjugiis.”

193 2095 232 2150 Et
246 2094 423 2149 intravimus
436 2093 466 2147 in
480 2094 603 2148 domum
617 2093 706 2148 unius
719 2092 875 2164 magnatis,
886 2092 973 2162 cujus
985 2108 1074 2162 super
1086 2092 1187 2162 capite
1200 2103 1264 2148 erat

139 2173 235 2244 pileus
247 2174 382 2230 turritus.
417 2172 477 2229 Hic
490 2190 545 2229 nos
560 2173 689 2246 benigne
702 2173 828 2245 excepit,
841 2183 873 2228 et
885 2172 970 2236 dixit,
984 2180 1000 2201 “
1008 2171 1132 2236 Intrate,
1144 2184 1179 2228 et
1193 2189 1264 2229 con·

138 2252 332 2309 fabulemur.''

193 2331 376 2387 Intravimus
395 2331 425 2386 in
440 2331 631 2393 vestibulum,
647 2340 678 2386 et
697 2331 737 2385 ibi
753 2331 962 2392 consedimus;
981 2340 1012 2385 et
1027 2330 1162 2401 quaesivi
1179 2331 1263 2386 illurn

137 2410 175 2466 dc
194 2411 344 2484 conjugiis
359 2412 449 2482 hujus
464 2412 545 2466 urbis
563 2420 594 2466 et
613 2410 752 2482 regionis.
791 2410 830 2465 Et
848 2410 932 2472 dixit,
946 2409 1037 2464 “Nos
1052 2426 1113 2465 non
1132 2411 1264 2466 vivimus

136 2506 205 2545 cum
221 2507 281 2546 una
296 2508 398 2553 uxore,
412 2490 464 2546 sed
484 2491 605 2561 quidam
619 2507 688 2544 curn
702 2490 818 2545 duabus
837 2500 867 2544 et
886 2490 989 2552 tribus,
1003 2498 1034 2545 et
1053 2490 1179 2560 quidam
1193 2506 1262 2545 cum

137 2570 287 2641 pluribus;
307 2587 345 2625 ex
356 2586 454 2632 causa,
465 2571 536 2641 quia
547 2571 683 2631 varietas.
694 2569 867 2625 obedientia
879 2579 910 2623 et
923 2569 1022 2624 honor
1032 2569 1112 2623 sicut
1122 2571 1264 2641 majesta·

135 2648 183 2712 tis,
200 2666 255 2704 nos
274 2647 445 2704 obletiant:
467 2649 541 2703 haec
557 2649 643 2703 nobis
659 2659 729 2704 sunt
747 2650 785 2703 ab
800 2650 951 2709 uxoribus.
967 2649 1040 2703 dum
1058 2648 1159 2719 plures
1174 2659 1263 2711 sunt:

135 2743 203 2783 cum
220 2745 280 2784 una
294 2746 354 2784 non
372 2729 449 2783 loret
463 2729 630 2800 jucundum
649 2744 687 2783 ex
703 2729 856 2789 varietate,
872 2729 924 2783 sed
941 2728 1074 2782 taedium
1093 2741 1132 2782 ex
1152 2727 1264 2784 identi-

135 2817 215 2871 tate:
241 2824 301 2863 non
318 2808 461 2863 blandum
480 2825 517 2862 ex
536 2808 716 2870 obedientia,
732 2809 784 2862 sed
802 2808 963 2862 molestum
982 2823 1020 2862 ex
1038 2807 1186 2877 paritate:
1206 2824 1263 2863 nec

134 2886 266 2942 faustum
280 2904 317 2944 ex
329 2887 536 2942 dominatione
549 2897 580 2942 et
593 2888 662 2942 inde
675 2887 799 2947 honore.
810 2887 863 2941 sed
878 2887 1020 2942 infestum
1033 2903 1070 2941 ex
1083 2887 1263 2943 velitatione

134 2966 172 3021 de
185 2966 404 3037 superioritate.
438 2966 477 3021 Et
491 2966 563 3038 quid
577 2965 710 3022 femina?
729 2967 900 3022 nasciturne
913 2966 963 3021 illa
975 2966 1096 3020 subdita
1107 2966 1262 3022 voluntati

133 3044 250 3108 viriae
269 3055 303 3099 ut
322 3047 439 3108 serviat,
455 3055 486 3100 et
505 3063 565 3100 non
585 3046 779 3101 dominetur?
810 3045 909 3118 Quare
925 3046 975 3100 hic
989 3045 1085 3100 cuivis
1100 3046 1213 3100 marito
1230 3047 1261 3100 in

134 3124 227 3180 domo
242 3140 296 3180 sua
309 3135 354 3179 est
370 3125 448 3180 sicut
461 3125 543 3197 regia
556 3127 706 3197 majestas.
737 3124 806 3180 Hoc
818 3126 890 3197 quia
903 3125 1014 3181 amoris
1030 3126 1126 3179 nostri
1141 3137 1198 3189 est,
1212 3137 1261 3181 est

133 3219 254 3274 quoque
268 3204 387 3258 beatum
401 3204 480 3258 vitae
494 3205 639 3260 nostrae.”
1031 3211 1035 3221 “

187 3281 246 3338 Sed
261 3283 403 3354 quaesivi,
417 3290 432 3312 ‘¹
441 3283 500 3339 Ubi
516 3295 589 3338 tunc
601 3301 686 3339 amor
697 3283 885 3356 coniugialis,
898 3283 949 3355 qui
963 3300 1000 3338 ex
1012 3283 1129 3338 duabus
1143 3285 1261 3340 anima·

133 3362 189 3418 bus
211 3362 282 3417 lacit
301 3380 399 3425 unam,
417 3379 452 3418 ac
470 3364 627 3435 conjungit
647 3374 769 3426 mentes,
786 3375 818 3419 et
836 3363 989 3418 beatificat
1004 3363 1179 3420 hominem?
1204 3365 1261 3421 llle

132 3456 217 3497 amor
234 3458 294 3496 non
317 3454 418 3515 potest
437 3443 548 3508 dividi;
575 3444 599 3498 si
624 3443 776 3506 dividitur,
793 3443 827 3498 fit
848 3444 938 3498 ardor
956 3444 1007 3515 qui
1025 3441 1209 3500 defervescit
1227 3456 1259 3501 et

131 3521 267 3576 transit.”

184 3600 233 3655 Ad
248 3600 323 3656 haec
335 3601 499 3672 respondit,
510 3608 526 3630 '⁸
535 3600 603 3657 Non
619 3601 753 3673 intelligo
766 3618 843 3673 quae
856 3601 939 3657 dicis.
971 3599 1051 3672 Quid
1065 3600 1146 3656 aliud
1160 3603 1259 3658 beati·

131 3677 202 3734 ficat
211 3680 374 3745 hominem,
383 3697 473 3752 quam
483 3681 646 3737 aemulatio
656 3697 782 3735 uxorum
793 3698 848 3752 pro
858 3681 973 3735 honore
983 3681 1258 3752 supereminentiae

130 3758 176 3813 sui
190 3759 288 3814 mariti
298 3759 329 3814 ?'’

185 3836 241 3895 His
254 3837 351 3901 dictis,
363 3839 410 3894 vir
423 3838 545 3894 intravit
564 3838 594 3894 in
607 3855 797 3911 gynaeceum,
811 3849 842 3894 et
857 3839 973 3910 aperuit
985 3839 1070 3894 binas
1082 3839 1206 3909 januas:
1224 3850 1258 3896 at

130 3917 200 3973 inde
225 3917 340 3973 effluxit
359 3919 561 3981 libidinosum,
581 3920 662 3988 quod
681 3919 758 3972 oluit
776 3919 855 3974 sicut
876 3934 1017 3974 caenum:
1044 3919 1103 3973 hoc
1127 3930 1194 3974 erat
1218 3936 1257 3975 ex

129 4011 231 4053 amore
244 3998 441 4070 polygamico,
455 3998 506 4069 qui
519 4009 566 4053 est
578 3998 765 4053 connubialis
781 4008 812 4053 et
827 3999 914 4053 simul
928 3999 1142 4063 scortatorius;
1161 4015 1257 4072 quare

129 4077 252 4139 surrexi,
266 4087 297 4132 et
309 4077 422 4132 occlusi
434 4079 549 4148 januas.

184 4154 294 4211 Postea
306 4156 376 4219 dixi,
390 4165 406 4186 ‘⁴
416 4156 578 4228 Quomodo
591 4156 717 4227 potestis
729 4172 819 4227 super
831 4157 888 4211 hac
903 4166 983 4211 terra
998 4156 1169 4220 subsistere,
1184 4175 1256 4214 cum

128 4233 215 4289 vobis
228 4251 289 4289 non
301 4235 408 4307 aliquis
417 4253 503 4291 amor
514 4252 584 4291 vere
596 4235 774 4306 conjugialis
789 4247 844 4299 est,
857 4247 888 4292 et
902 4253 1024 4308 quoque
1036 4253 1105 4291 cum
1118 4238 1256 4296 adoratis

128 4311 251 4368 idola?”

184 4391 361 4462 Respondit,
374 4391 507 4464 “Quoad
521 4410 653 4449 amorem
667 4395 885 4457 connubialem,
899 4396 1030 4451 zelamus
1042 4413 1097 4467 pro
1107 4399 1254 4455 uxoribus

128 4471 240 4527 nostris
255 4483 318 4525 tam
334 4472 536 4537 vehementer,
549 4484 583 4528 ut
598 4490 659 4529 non
674 4474 808 4531 sinamus
822 4477 911 4531 alicui
931 4475 1041 4532 intrare
1057 4477 1166 4535 domos
1182 4495 1253 4536 nos·
