2782 5026
348 450 397 500 DE
417 449 553 501 AMORE
572 448 933 500 SCORTATORIO.-N.
952 452 1026 516 493.
1188 448 1249 516 377

127 621 262 687 firmant
284 622 376 705 quod
396 641 466 686 non
486 620 577 686 mala
595 622 731 705 peccati
750 622 840 700 sint;
864 622 954 704 apud
973 621 1036 685 hos
1051 618 1250 685 intellectus

125 717 195 800 agit
208 718 349 800 primas,
360 717 449 801 apud
463 717 540 781 illos
553 717 723 781 voluntas.
759 716 855 781 Haec
869 718 937 780 duo
952 717 1148 781 discrimina
1166 714 1250 779 nulli

126 815 256 877 homini
276 824 444 896 apparent
463 813 497 875 in
516 813 644 875 mundo
664 812 821 885 naturali,
839 813 900 876 sed
919 812 1098 876 evidenter
1116 810 1250 892 angelis

80 954 83 961 ·
126 909 310 974 inmundo
329 908 513 990 spirituali3
541 908 574 970 in
597 907 663 970 hoc
682 908 810 970 mundo
833 908 866 970 in
890 927 1016 989 genere
1032 907 1249 988 distinguun-

126 1017 181 1069 tur
203 1024 326 1068 omnes
349 1004 537 1066 secundum
563 1003 655 1066 mala
677 1023 765 1085 quae
787 1004 968 1084 originitus
988 1005 1179 1067 scaturiunt
1204 1024 1250 1066 ex

126 1099 310 1163 voluntate
326 1098 381 1161 vel
392 1104 446 1161 ‘ex
462 1095 652 1173 intellectu,
671 1108 706 1161 et
726 1109 955 1179 acceptantur
971 1108 1007 1161 et
1026 1100 1251 1181 approprian-

125 1205 200 1272 tur,
231 1205 436 1275 separantur
458 1194 563 1257 etiam
584 1194 772 1256 secundum
796 1193 855 1256 illa
881 1195 916 1256 in
940 1194 1091 1271 iniern0;
1125 1195 1160 1257 in
1183 1194 1250 1257 hoc

126 1289 174 1352 illi
198 1289 255 1371 qui
277 1309 324 1352 ex
347 1286 526 1351 intellectu
549 1287 631 1350 mali
654 1297 746 1361 sunt,
767 1290 919 1351 anterius
938 1289 1111 1363 habitant,
1132 1298 1167 1352 et
1189 1309 1251 1353 vo·

126 1391 249 1446 cantur
257 1391 402 1445 satanae
416 1403 423 1460 ;
443 1383 500 1464 qui
513 1393 629 1445 autem
642 1403 688 1445 ex
701 1382 883 1446 voluntate
894 1383 974 1446 mali
985 1393 1077 1453 sunt,
1089 1383 1252 1448 habitant

127 1479 310 1558 posterius,
324 1488 360 1540 et
376 1487 546 1540 vocantur
561 1478 709 1540 diaboli:
734 1488 875 1559 propter
892 1479 1083 1542 universale
1099 1479 1165 1542 hoc
1182 1480 1251 1542 dis·

127 1574 267 1648 crimen,
285 1573 318 1635 in
339 1572 457 1637 Verbo
472 1573 597 1636 dicitur
614 1579 634 1606 ‘⁴
645 1584 788 1636 satanas
799 1573 814 1599 ''
830 1585 866 1637 et
884 1579 904 1606 ‘⁶
916 1573 1102 1636 diabolus.''
1146 1574 1252 1657 Apud

127 1667 206 1731 illos
230 1667 353 1742 malos,
378 1679 414 1732 et
444 1689 579 1751 quoque
601 1668 790 1739 adulteros,
815 1668 872 1750 qui
901 1678 1071 1733 vocantur
1093 1679 1251 1745 satanae,

126 1760 324 1826 intellectus
337 1765 410 1844 agit
426 1765 572 1845 primas;
596 1774 633 1827 at
649 1765 738 1845 apud
755 1763 844 1839 illos,
859 1765 915 1846 qui
931 1774 1098 1828 vocantur
1111 1763 1251 1841 diaboli,

128 1858 292 1921 voluntas
320 1859 395 1939 agit
424 1859 561 1940 primas.
606 1857 675 1922 Sed
705 1858 902 1922 discrimina
932 1879 1119 1939 exponere,
1144 1880 1252 1942 usque

128 1963 165 2016 ut
184 1950 383 2016 intellectus
402 1952 518 2016 videat
541 1953 611 2027 illa,
632 1973 700 2016 non
724 1954 797 2016 dari
821 1965 950 2035 potest,
972 1956 1035 2017 nisi
1054 1955 1253 2018 discrimina

127 2046 320 2111 voluntatis
342 2058 379 2111 et
408 2045 606 2110 intellectus
629 2049 719 2129 prius
743 2059 939 2124 noscantur,
964 2059 1001 2112 et
1030 2070 1165 2132 quoque
1188 2052 1253 2114 nisi

128 2142 343 2206 describatur
361 2142 522 2206 formatio
541 2143 669 2206 mentis
692 2163 713 2205 a
735 2143 918 2207 voluntate
938 2165 999 2226 per
1021 2143 1250 2220 intellectum,

129 2257 167 2301 ac
183 2237 345 2301 formatio
358 2236 429 2318 ejus
445 2238 489 2300 ab
504 2235 684 2301 intellectu
700 2258 761 2321 per
774 2239 989 2303 voluntatem
1002 2261 1010 2316 ;
1033 2239 1153 2302 horum
1167 2260 1253 2322 cog·

130 2334 215 2396 nitio
231 2333 455 2416 praelucebit,
473 2342 510 2396 ut
526 2334 723 2396 discrimina
739 2355 840 2416 supra
856 2331 948 2398 dicia
967 2355 987 2397 a
1004 2335 1138 2397 ratione
1155 2335 1252 2398 vide·

130 2438 250 2492 antur:
275 2428 338 2491 sed
357 2427 423 2491 hoc
441 2439 496 2491 est
515 2429 735 2491 membranae
755 2448 851 2510 opus

193 2535 297 2604 493.
322 2519 424 2605 (xiii.)
451 2522 548 2602 Quod
561 2522 730 2586 adulterta
751 2523 795 2587 ab
816 2522 872 2586 leis
885 2524 988 2603 falia
1005 2522 1152 2587 maxime
1164 2545 1252 2606 gra·

131 2617 190 2682 via
207 2617 288 2693 sint,
305 2638 344 2681 ac
361 2617 566 2697 imputentur
583 2638 595 2679 r
592 2617 654 2680 'llis
672 2626 710 2681 ut
727 2616 818 2681 mala
832 2618 1009 2698 propositi,
1029 2628 1061 2681 et
1082 2618 1255 2683 insideant

132 2712 200 2776 illis
229 2722 266 2776 ut
294 2711 566 2794 reatus-Quod
596 2714 666 2776 sint
690 2715 842 2777 maxime
866 2715 994 2794 gravia,
1019 2725 1055 2779 et
1085 2716 1254 2799 prioribus

131 2809 300 2887 graviora,
321 2818 375 2871 est
399 2809 475 2890 quia
498 2809 532 2870 in
555 2807 609 2871 his
631 2808 795 2872 voluntas
818 2810 945 2891 primas
969 2820 1085 2892 partes
1108 2811 1191 2892 agit,
1215 2820 1254 2874 at

130 2902 162 2965 in
186 2902 353 2983 prioribus
377 2900 586 2976 intellectus,
611 2923 651 2966 ac
678 2905 752 2967 vita
774 2903 922 2966 hominis
946 2904 1175 2968 essentialiter
1198 2914 1254 2969 est

130 2996 321 3061 voluntatis
345 2998 429 3079 ejus,
453 3018 492 3062 ac
516 2998 705 3062 formaliter
728 3008 781 3062 est
803 2997 1002 3062 intellectus
1026 2998 1117 3081 ejus:
1150 3020 1255 3063 causa

131 3101 194 3167 est,
214 3093 294 3175 quia
321 3093 484 3156 voluntas
511 3113 615 3156 unum
642 3094 716 3174 agit
744 3113 819 3156 cum
847 3113 975 3167 amore,
1004 3114 1044 3157 ac
1075 3115 1172 3158 arnor
1198 3105 1254 3158 est

130 3190 283 3251 essentia
301 3189 394 3251 vitae
412 3188 574 3263 hominis,
595 3198 631 3252 et
654 3189 708 3253 hic
729 3189 852 3252 format
877 3210 914 3252 se
937 3191 971 3252 in
994 3188 1174 3254 intellectu
1194 3211 1256 3270 per

131 3283 212 3346 talia
234 3302 323 3365 quae
346 3284 579 3361 concordant;
610 3304 714 3366 quare
737 3282 934 3347 intellectus
958 3287 992 3346 in
1016 3306 1053 3348 se
1077 3283 1255 3366 spectatus

131 3397 198 3441 non
222 3377 315 3441 aliud
338 3389 404 3453 est,
425 3398 527 3461 quam
546 3378 655 3442 forma
673 3378 886 3457 voluntatis;
918 3389 955 3443 et
978 3382 1056 3461 quia
1079 3400 1176 3443 amor
1198 3391 1254 3444 est

130 3473 331 3549 voluntatiS,
352 3494 392 3537 ac
412 3474 580 3557 sapientia
599 3485 652 3538 est
672 3471 880 3547 intellectus,
902 3475 981 3537 ideo
1000 3476 1171 3557 sapientia
1190 3494 1254 3539 nec

131 3569 220 3632 aliud
248 3579 302 3633 est
336 3589 438 3653 quarn
462 3570 569 3634 iorma
592 3571 729 3643 amoris,
754 3570 911 3633 similiter
932 3590 1049 3634 verum
1074 3590 1136 3634 nec
1160 3570 1254 3633 aliud

131 3684 232 3746 quarn
257 3664 365 3728 forma
388 3666 479 3730 boni.
526 3666 617 3729 Illud
639 3666 731 3748 quod
755 3665 891 3747 profluit
923 3686 968 3729 ex
1003 3666 1077 3748 ipsa
1100 3667 1255 3729 essentia

131 3761 223 3823 vitae
236 3760 396 3834 hominis,
410 3761 460 3825 ita
476 3761 567 3844 quod
587 3781 631 3823 ex
651 3760 832 3824 voluntate
851 3782 913 3824 seu
930 3781 1047 3824 amore
1063 3760 1145 3843 ejus,
1160 3762 1254 3843 prin·

102 3874 105 3878 ·
131 3854 288 3938 cipaliter
306 3865 451 3919 vocatur
469 3856 705 3939 propositum3
733 3865 788 3918 ast
808 3857 898 3938 quod
919 3855 1053 3938 profluit
1076 3876 1120 3919 ex
1145 3855 1255 3919 sorma

133 3951 224 4014 vitae
247 3950 331 4032 ejus,
354 3952 405 4014 ita
428 3971 474 4014 ex
497 3946 677 4013 intellectu
700 3960 736 4013 et
766 3949 836 4030 ejus
860 3951 1086 4031 cogitatione,
1110 3959 1256 4014 vocatur

132 4047 299 4112 intentio:
322 4056 438 4111 reatus
457 4047 562 4110 etiarn
581 4043 814 4129 principaliter
833 4046 1051 4128 praedicatur
1069 4047 1113 4109 de
1131 4045 1255 4108 volun·

132 4152 230 4222 tate;
265 4142 346 4206 inde
375 4142 511 4216 dicitur,
539 4142 631 4224 quod
661 4152 778 4204 reatus
807 4139 888 4203 mali
916 4141 1095 4222 unicuique
1127 4141 1173 4205 sit
1207 4161 1255 4205 ex

131 4239 337 4312 hereditate,
362 4247 400 4301 at
430 4237 557 4299 malum
581 4257 627 4301 ex
656 4237 807 4300 homine.
853 4236 939 4299 Inde
961 4245 1026 4310 est,
1050 4236 1142 4317 quod
1166 4236 1254 4302 haec

132 4334 243 4417 quarti
262 4333 390 4415 gradus
409 4332 589 4409 adulteria,
608 4332 821 4416 imputentur
843 4341 881 4395 ut
904 4330 997 4394 mala
1013 4331 1192 4413 propositi,
1213 4351 1254 4396 ac

133 4430 304 4495 insideant
323 4438 361 4494 ut
379 4436 505 4492 reatus.
