2782 5026
328 245 378 295 DE
401 243 537 295 AMORE
559 242 880 310 conmotus-N.
900 245 971 311 ²99·
1143 243 1205 311 235

80 427 297 501 perarentur,
311 417 370 479 sed
383 417 489 480 etiam
503 425 581 497 post
593 417 794 497 rogationes
806 423 1046 497 reputarentur
1059 423 1096 478 ut
1109 414 1205 489 viles,

78 523 137 576 aut
160 524 244 595 post
271 511 465 593 conjugium
489 522 527 575 ut
550 511 719 584 libidines,
740 531 818 575 cum
841 511 963 594 quibus
987 530 1056 573 non
1080 509 1207 574 dantur

78 609 320 682 contubernia,
341 608 404 670 nisi
427 607 549 688 frigida
566 616 602 670 et
626 607 825 683 fastidiosa;
849 627 951 688 quare
974 607 1023 668 sic
1046 605 1207 687 conjugia

77 712 301 766 verterentur
323 703 357 765 in
384 721 506 765 scenas
532 703 702 783 tragicas;
725 703 832 765 etiam
856 721 982 765 uxores
1008 702 1042 763 in
1067 700 1204 763 laudem

77 799 141 860 sibi
158 807 313 872 vertunt,
327 797 418 880 quod
434 797 477 860 ad
495 797 678 860 instantias
694 797 885 877 rogationis
897 797 1046 859 virorum
1062 817 1099 859 se
1115 796 1204 859 sicut

76 890 189 954 victas
212 892 428 955 tradiderint.
474 890 560 973 Quis
583 911 652 955 non
676 890 864 974 praevidet,
885 890 976 971 quod
999 891 1156 963 feminae,
1176 890 1205 955 si

74 987 251 1050 ambirent
274 988 375 1060 viros,
400 1007 477 1050 raro
500 997 773 1067 acceptarentur,
798 985 853 1048 vel
877 987 1016 1066 indigne
1045 986 1204 1065 repudia·

73 1092 208 1155 rentur,
223 1081 278 1143 vel
296 1081 540 1162 pellicerentur
559 1082 601 1143 ad
619 1080 787 1149 lascivias.
801 1091 836 1143 et
853 1100 987 1162 quoque
1004 1080 1203 1161 pudicitiam

72 1194 176 1238 suam
207 1175 480 1258 prostituerent?
540 1176 722 1240 Praeterea
750 1175 829 1237 viris
859 1195 928 1237 non
958 1174 1079 1257 aliquis
1107 1195 1205 1239 amor

72 1291 185 1334 sexus
208 1273 345 1334 innatus
364 1280 428 1345 est,
449 1281 604 1352 utsupra
626 1268 774 1334 evictum
793 1279 857 1344 est,
878 1279 913 1334 et
935 1270 1063 1352 absque
1086 1258 1204 1334 amore

71 1364 149 1439 iilo,
170 1385 240 1428 non
264 1373 319 1428 est
342 1365 484 1428 interior
502 1365 594 1428 vitae
617 1365 831 1441 amoenitas;
855 1384 958 1446 quare
977 1365 1021 1427 ad
1041 1365 1202 1429 exaltan·

69 1460 160 1522 dum
176 1460 284 1523 vitam
300 1479 396 1522 suam
412 1458 582 1541 perillum
599 1478 762 1532 amorem,
780 1459 946 1522 incumbit
962 1460 1041 1523 viris
1057 1459 1203 1523 adblan-

67 1555 140 1618 diri
173 1554 318 1628 ieminis,
343 1553 499 1628 civiliter,
524 1552 676 1619 officiose
699 1564 735 1616 et
760 1552 933 1617 humiliter
959 1555 1144 1617 ambiendo
1167 1564 1204 1619 et

65 1649 236 1730 rogando
263 1649 307 1711 de
333 1648 424 1711 dulci
454 1648 514 1711 illo
543 1649 785 1711 additamento
815 1649 908 1711 vitae
937 1668 1019 1711 suae
1041 1650 1086 1712 ab
1112 1649 1202 1728 illis;

62 1753 245 1807 venustas
260 1744 369 1817 faciei,
385 1744 538 1835 corporis
557 1754 593 1807 et
617 1763 750 1806 morum
766 1742 856 1806 illius
871 1763 987 1819 sexus,
1005 1762 1087 1825 prae
1102 1743 1201 1821 virili,

65 1840 177 1903 addit
196 1860 332 1922 quoque
350 1860 387 1902 se
406 1850 444 1903 ut
463 1841 536 1903 voti
554 1839 719 1903 debitum.

139 1934 244 2016 298·
276 1932 351 2016 (iii.)
378 1932 475 2010 Quod
483 1935 651 2014 stratorum
672 1942 825 2015 oporteat
844 1934 1012 1997 consulere
1028 1945 1200 2016 parentes,

60 2040 136 2092 aut
153 2028 232 2092 illos
247 2029 308 2111 qui
326 2029 391 2092 loco
402 2035 583 2107 parentum
599 2039 686 2103 sunt,
703 2040 735 2092 et
750 2029 824 2093 dein
840 2031 938 2110 opud
955 2051 991 2093 se
1005 2030 1199 2106 deliberare,

61 2135 254 2205 antequam
276 2122 590 2204 consentit-Quod
621 2134 782 2204 parentes
810 2124 1012 2188 consulendi
1041 2126 1120 2199 sint,
1145 2136 1200 2189 est

60 2220 154 2301 quia
170 2218 220 2282 illi
238 2239 285 2281 ex
297 2217 435 2300 judicio,
453 2219 598 2282 scientia
616 2227 652 2282 et
668 2238 795 2292 amore,
813 2218 1006 2282 deliberant
1023 2228 1059 2283 et
1076 2240 1200 2283 consu·

64 2313 173 2377 lunt:
204 2335 250 2376 ex
269 2313 407 2396 judicto,
432 2314 510 2393 quia
540 2314 572 2375 in
600 2322 717 2377 aetate
747 2310 910 2395 provecta
938 2323 1029 2388 sunt,
1054 2324 1089 2377 et
1113 2316 1199 2378 haec

62 2420 175 2473 aetas
194 2407 304 2490 pollet
324 2407 394 2481 illo,
415 2419 451 2471 et
475 2409 635 2490 perspicit
659 2409 918 2472 conformitates
941 2418 976 2472 et
1000 2409 1200 2473 inconveni-

61 2505 208 2567 entias:
233 2524 278 2567 ex
297 2503 444 2577 scientro,
465 2513 538 2566 tam
557 2503 600 2567 de
619 2522 725 2583 proco
741 2523 842 2585 quam
858 2504 901 2566 de
917 2502 1006 2581 filia;
1030 2504 1073 2566 de
1094 2524 1199 2586 proco

62 2606 280 2679 comparant
293 2597 355 2660 sibi
369 2599 596 2678 cognitiones,
610 2608 646 2661 et
662 2598 705 2660 de
722 2596 789 2660 filia
805 2599 938 2676 sciunt;
962 2619 1066 2680 quare
1079 2596 1199 2681 juncto

61 2693 178 2757 oculo
196 2693 240 2756 de
262 2703 406 2774 utroque
429 2692 529 2756 simul
552 2692 784 2756 concludunt:
808 2714 855 2756 ex
877 2714 998 2769 amore,
1020 2695 1097 2776 quia
1116 2713 1199 2758 con·

63 2788 188 2850 sulere
210 2787 310 2850 bonis
332 2785 432 2863 filiae,
457 2797 493 2853 et
523 2789 717 2870 prospicere
740 2787 812 2870 ejus
835 2787 961 2864 domui,
986 2799 1040 2852 est
1064 2810 1198 2872 quoque

61 2901 157 2945 suae
175 2892 212 2945 et
232 2881 305 2947 sibi.

137 2990 241 3057 299.
272 2974 388 3039 Aliter
416 2997 552 3058 prorsus
575 2976 682 3051 fieret,
706 2977 734 3041 si
757 2976 825 3041 filia
848 2997 894 3040 ex
917 2999 964 3052 se,
993 2977 1198 3043 inconsultis

59 3072 287 3153 parentibus,
300 3082 359 3135 aut
375 3071 442 3135 iilis
455 3073 510 3155 qui
527 3072 604 3136 loco
620 3073 756 3136 illorum
773 3082 864 3148 sunt,
878 3073 921 3136 ad
938 3073 1101 3137 clientem
1118 3096 1197 3157 pro·
1255 3134 1261 3142 .

58 3186 151 3230 cum
176 3167 372 3243 consentit;
397 3187 466 3230 non
489 3168 649 3230 enim‘ex
674 3166 811 3248 judicio,
831 3169 987 3242 scientia,
1008 3179 1044 3231 et
1068 3189 1196 3255 amore,

53 3281 146 3324 :em
164 3261 272 3335 illam,
292 3271 452 3343 quaeest
472 3262 604 3326 suturae
620 3262 741 3326 salutis
759 3262 841 3344 ejus,
861 3263 904 3326 ad
925 3264 1058 3328 lancem
1078 3276 1197 3347 potest

54 3358 296 3438 expendere3
320 3376 388 3419 non
411 3377 457 3421 ex
468 3357 607 3439 Jicdicro,
627 3358 704 3440 quia
727 3358 793 3421 hoc
817 3357 889 3438 ejus
912 3359 955 3421 de
978 3360 1051 3422 vita
1075 3360 1195 3443 conju·

50 3452 156 3533 giali
179 3452 292 3515 adhuc
316 3453 349 3515 in
372 3453 567 3533 ignorantia
590 3463 652 3528 est,
677 3463 713 3516 et
737 3474 805 3516 non
828 3455 862 3516 in
881 3464 976 3518 statu
1000 3455 1197 3521 conferendi

51 3549 226 3611 tationes
244 3549 333 3610 inter
352 3568 398 3622 se,
419 3567 458 3612 ac
478 3549 704 3630 perspiciendi
723 3568 836 3612 mores
854 3550 1001 3612 virorum
1021 3571 1066 3613 ex
1086 3553 1196 3632 geniis

45 3638 230 3706 illorum:
254 3663 323 3706 non
342 3664 388 3706 ex
406 3645 546 3707 scientia
565 3665 624 3708 seu
647 3646 859 3725 cognitione,
879 3647 957 3727 quia
977 3666 1086 3727 pauca
1105 3646 1195 3709 ultra

45 3738 267 3802 (domestica
282 3739 372 3820 apud
390 3749 560 3821 parentes,
574 3751 609 3803 et
626 3740 717 3821 apud
734 3740 866 3822 aliquas
882 3741 1030 3814 sodales,
1045 3761 1195 3822 cognos-

44 3833 138 3911 εἰη
162 3844 200 3897 et
224 3834 268 3897 ad
292 3834 540 3915 expiscandum
563 3835 657 3909 talia,
681 3855 768 3916 quae
791 3834 970 3899 familiaria
992 3846 1027 3899 et
1058 3836 1195 3917 propria

41 3942 130 3992 tuo
149 3948 259 4010 proco
277 3938 369 4003 sunt,
389 3929 508 4011 inepta
525 3940 599 3993 est:
625 3950 734 4012 neque
753 3951 799 3993 ex
818 3950 940 4005 amore,
960 3932 1038 4012 quia
1056 3930 1110 3994 hic
1129 3929 1193 3993 fili·

47 4039 176 4099 arum,
193 4026 229 4089 in
247 4026 355 4107 prima
373 4025 507 4089 illarum
527 4025 632 4089 nubili
655 4035 785 4099 aetate,
805 4036 841 4088 et
861 4046 994 4107 quoque
1013 4026 1047 4087 in
1071 4025 1192 4100 altera,

49 4132 167 4200 lieret
199 4121 394 4202 concupitis
423 4142 469 4185 ex
498 4122 663 4196 sensibus,
694 4130 730 4184 et
758 4121 910 4184 nondum
940 4120 1118 4186 desideriis
1146 4142 1193 4185 ex

57 4228 186 4284 tuente
210 4216 364 4282 elimata.
415 4214 517 4298 Quod
546 4225 663 4281 tamen
686 4214 790 4280 tiliam
817 4226 978 4299 oporteat
1001 4236 1074 4280 rem
1096 4215 1192 4281 illam
