2850 5026
376 455 429 508 na
452 455 587 507 anona
610 455 930 523 comosum-u.
948 459 1001 528 77.

199 628 240 684 Et
251 626 329 683 dixit
342 628 468 683 maritus
480 625 518 681 ad
532 642 589 689 me,
603 625 775 700 “Intelligis
788 626 865 685 illa.”

201 709 241 764 Et
253 709 403 779 respondi,
416 706 587 763 “instrue'’
623 751 629 759 .

200 787 239 843 Et
257 787 375 858 inquiit,
391 785 509 843 “Color
528 803 696 859 purpureus
714 803 752 842 ex
770 803 824 842 sua
841 788 1106 859 correspondentia
1124 788 1272 862 significat

146 883 281 924 amorem
299 867 502 939 conjugialem
522 868 631 931 uxoris,
647 867 732 923 color
749 867 896 922 candidus
915 867 1144 939 intelligentiam
1163 870 1271 931 mariti,

147 947 232 1001 color
243 946 456 1018 hyacinthinus
468 946 713 1003 inchoamentum
724 946 835 1003 amoris
844 946 1022 1018 conjugialis
1035 947 1064 1001 in
1079 949 1272 1020 perceptione

147 1025 246 1081 mariti
261 1026 300 1080 ab
314 1041 416 1089 uxore,
428 1035 460 1081 et
474 1027 559 1082 color
572 1043 709 1098 cyaneus,
723 1043 784 1098 quo
799 1025 911 1082 tinctus
925 1036 990 1082 erat
1003 1027 1124 1090 candor,
1137 1043 1271 1083 amorem

146 1105 344 1176 conjugialem
356 1114 430 1161 tunc
442 1104 473 1160 in
487 1106 610 1168 marito;
628 1107 710 1177 quod
725 1106 773 1160 hic
785 1106 870 1161 color
882 1122 935 1177 per
947 1106 1174 1178 hyacinthinum
1185 1107 1273 1162 reliu-

146 1193 211 1240 eret
229 1184 259 1238 in
276 1201 467 1256 purpureum,
480 1195 512 1240 et
531 1186 612 1241 hunc
625 1186 755 1241 elevaret
770 1185 848 1240 sicut
867 1185 897 1240 in
915 1186 1005 1257 jubar
1019 1186 1199 1251 flammeum,
1212 1187 1272 1258 sig-

146 1264 249 1320 nificat
269 1280 402 1320 amorem
424 1265 624 1336 conjugialem
652 1265 750 1319 mariti
770 1265 945 1320 refluentem
970 1266 1009 1320 ad
1034 1281 1174 1329 uxorem
1201 1267 1273 1321 talia

147 1354 405 1414 repraesentantur
426 1343 457 1399 in
480 1345 642 1414 parietibus
656 1344 723 1406 illis,
739 1344 811 1399 dum
831 1361 868 1400 ex
891 1344 1087 1400 meditatione
1109 1346 1147 1400 de
1169 1361 1273 1401 amore

146 1423 317 1495 conjugiali,
332 1424 399 1494 ejus
417 1434 528 1486 mutua,
548 1423 715 1479 successiva
732 1434 764 1478 ct
783 1424 964 1480 simultanea
980 1425 1101 1488 unione,
1117 1425 1212 1497 pictas
1230 1425 1272 1481 ibi

147 1502 237 1558 irides
248 1503 374 1557 intensis
384 1503 479 1557 oculis
490 1503 669 1558 intuemur.”

200 1582 250 1637 Ad
269 1582 345 1637 haec
359 1582 431 1646 dixi,
444 1589 460 1612 ‘⁴
470 1581 554 1638 Haec
572 1583 639 1654 plus
653 1598 744 1653 quam
761 1582 887 1654 mystica
902 1583 993 1638 hodie
1008 1592 1087 1647 sunt,
1100 1593 1172 1640 sunt
1189 1583 1270 1639 enirn

147 1661 262 1732 species
282 1662 554 1732 repraesentativae
575 1678 752 1717 arcanorum
771 1663 882 1719 amoris
903 1664 1083 1736 conjugialis
1106 1664 1193 1719 unius
1213 1664 1271 1719 viri

147 1757 215 1796 cum
229 1757 289 1795 una
301 1741 421 1796 uxore.”

201 1819 239 1889 Β(
249 1819 414 1889 respondit,
424 1826 440 1849 ⁴⁶
450 1817 528 1875 Sunt
541 1819 590 1883 ita,
601 1830 633 1874 at
646 1819 697 1874 illa
710 1819 797 1875 nobis
809 1819 861 1875 hic
873 1836 934 1876 non
945 1836 1054 1876 arcana
1066 1830 1186 1883 suntet
1199 1819 1272 1876 inde

147 1915 203 1954 nec
215 1898 369 1970 mystica.”

201 1977 259 2033 His
274 1977 371 2040 ditiis,
386 1978 525 2049 apparuit
543 1993 560 2033 e
578 1979 746 2050 longinquo
760 1995 864 2034 currus
879 1976 993 2035 tractus
1011 1994 1029 2035 a
1048 1980 1165 2036 mannis
1179 1979 1272 2043 albis;

147 2074 207 2128 quo
219 2058 295 2121 viso,
309 2058 386 2112 dixit
397 2059 530 2129 angelus,
544 2066 560 2087 ⁴⁴
570 2058 624 2112 Ille
638 2075 743 2114 currus
757 2069 804 2113 est
817 2058 904 2113 nobis
917 2058 1034 2130 signum
1052 2069 1087 2113 ut
1101 2059 1272 2115 abeamus.”

148 2137 233 2192 Tunc
248 2153 317 2191 cum
332 2138 544 2193 descendimus
557 2154 610 2208 per
624 2139 743 2209 gradus,
758 2139 843 2193 dedit
859 2138 969 2208 hospes
985 2138 1071 2193 nobis
1091 2139 1211 2194 botrum
1233 2155 1273 2194 ex

146 2217 213 2272 uvis
226 2217 364 2272 candidis
379 2217 593 2272 adhaerentem
607 2217 686 2272 loliis
701 2234 739 2272 ex
752 2218 823 2279 vite,
836 2227 868 2273 et
882 2234 952 2272 ecce
964 2216 1037 2273 lolia
1048 2215 1127 2272 latia
1139 2227 1212 2273 sunt
1226 2235 1272 2272 ar·

146 2306 271 2367 gentea:
289 2305 320 2351 et
335 2297 561 2367 deportavimus
581 2297 632 2352 illa
649 2297 680 2351 in
698 2297 828 2369 signum,
843 2298 924 2368 quod
940 2313 1009 2353 cum
1025 2297 1144 2369 populis
1159 2298 1271 2353 saeculi

149 2375 281 2446 argentei
294 2376 387 2431 locuti
399 2376 520 2432 simus.¹’

148 2558 212 2629 77.
241 2545 398 2610 Tertium
417 2546 641 2612 Memorabile
652 2566 708 2610 :-

200 2697 276 2754 Post
293 2698 374 2754 diem
389 2699 489 2755 adhuc
502 2700 587 2754 venit
601 2699 725 2771 angelus
739 2697 849 2756 auctor
863 2709 894 2755 et
909 2716 1019 2764 comes,
1034 2710 1066 2756 et
1080 2699 1166 2764 dixit,
1183 2700 1266 2758 “Ac-

147 2776 233 2849 cinge
245 2788 285 2840 te,
299 2787 331 2832 et
342 2779 484 2834 abeamus
497 2780 534 2832 ad
548 2781 705 2845 caelicolas
715 2780 745 2834 in
758 2780 927 2842 occidente,
940 2781 991 2852 qui
1005 2792 1077 2837 sunt
1089 2797 1126 2836 ex
1139 2781 1270 2836 homini·

148 2856 204 2912 bus
216 2857 267 2928 qui
281 2858 311 2912 in
324 2870 424 2914 aetate
436 2859 526 2913 tertia
538 2875 591 2913 seu
605 2859 635 2913 in
645 2860 767 2914 saeculo
775 2876 887 2931 cupreo
896 2860 1049 2922 vixerant;
1068 2860 1271 2916 habitationes

148 2935 264 2991 illorum
279 2948 350 2992 sunt
361 2952 380 2991 a
392 2938 517 2994 meridie
525 2955 615 3009 super
627 2939 815 2993 occidentem
828 2939 867 2993 ad
882 2939 1129 3010 septentrionem,
1142 2941 1195 2995 sed
1209 2956 1271 2996 non

148 3015 178 3070 in
191 3015 295 3071 hanc.”

201 3094 240 3149 Et
251 3092 405 3151 accindius
418 3095 501 3151 illum
514 3096 678 3152 comitatus
693 3113 769 3159 sum,
782 3113 817 3152 ac
834 3097 1009 3153 intravimus
1021 3098 1137 3154 caelum
1151 3098 1270 3153 illorum

147 3173 265 3231 alatere
279 3175 481 3238 meridionali:
500 3186 531 3230 et
544 3177 584 3231 ibi
594 3186 659 3232 erat
672 3176 864 3247 magnificum
876 3194 981 3232 nemus
994 3194 1031 3233 ex
1044 3177 1150 3248 palmis
1163 3189 1195 3233 ct
1207 3179 1272 3233 lau·

148 3253 235 3309 ribus.
274 3253 353 3309 Illud
364 3255 617 3324 pertransivimus,
625 3266 657 3310 et
669 3264 743 3310 tunc
757 3256 786 3309 in
798 3256 864 3325 ipso
874 3256 1006 3312 confinio
1016 3257 1183 3312 occidentis
1193 3258 1271 3313 vidi·

148 3349 212 3388 mus
224 3333 362 3404 gigantes
375 3335 563 3404 proceritatis
575 3335 684 3405 duplae
697 3352 789 3405 supra
801 3336 964 3390 humanam
976 3352 1178 3393 communem.

200 3411 241 3467 Hi
255 3429 311 3467 nos
325 3413 593 3484 interrogaverunt,
607 3412 708 3485 “Quis
719 3431 775 3470 vos
788 3431 841 3486 per
854 3431 960 3470 nemus
973 3415 1174 3471 intromisit?”

199 3491 286 3546 Dixit
298 3493 431 3564 angelus,
446 3501 462 3521 ¹⁴
473 3492 554 3548 Deus
567 3493 669 3548 caeli.'’
1245 3544 1248 3549 ⁴

199 3571 238 3626 Et
259 3573 488 3643 responderunt,
502 3571 590 3627 “Nos
611 3590 716 3628 sumus
735 3574 892 3629 custodiae
912 3574 952 3628 ad
972 3575 1090 3630 caelum
1112 3574 1270 3646 antiquum

147 3651 339 3715 occidentale,
355 3652 408 3706 sed
421 3668 477 3707 vos
489 3652 642 3707 transite.’'

200 3729 238 3785 Et
250 3731 453 3794 transivimus,
466 3741 497 3786 et
510 3748 527 3787 e
540 3731 663 3802 specula
671 3732 803 3788 vidimus
816 3742 950 3788 montem
961 3733 1112 3789 elevatum
1123 3749 1218 3805 usque
1231 3732 1269 3788 ad

148 3810 248 3873 nubes,
260 3826 296 3866 ac
309 3809 387 3867 inter
400 3826 456 3866 nos
471 3811 501 3866 in
517 3811 639 3882 specula
652 3821 683 3866 et
699 3811 783 3867 illum
799 3824 933 3867 montem
947 3813 1033 3867 villas
1048 3822 1080 3868 et
1094 3813 1187 3875 villas,
1200 3829 1270 3866 cum

148 3888 332 3945 intermediis
345 3891 450 3954 hortis,
463 3891 538 3946 lucis
551 3900 582 3946 et
594 3892 717 3961 campis.
756 3892 794 3947 Et
813 3892 1060 3963 pertransivimus
1073 3892 1159 3946 villas
1175 3907 1271 3963 usque

148 3968 184 4021 ad
203 3980 348 4032 montem,
361 3979 393 4024 et
407 3971 612 4034 ascendimus;
631 3981 662 4026 et
680 3987 750 4026 ecce
769 3973 887 4026 culmen
904 3973 970 4042 ejus
986 3989 1046 4026 non
1062 3982 1127 4026 erat
1141 3971 1270 4033 culmen,

148 4048 198 4102 scd
211 4048 360 4119 planities,
372 4060 404 4104 et
416 4065 507 4120 super
518 4052 575 4105 hac
587 4050 693 4105 civitas
706 4062 831 4106 extensa
843 4061 874 4106 ct
886 4051 1035 4121 spatiosa;
1053 4060 1085 4106 et
1097 4066 1202 4104 omnes
1215 4050 1270 4104 do-

149 4143 212 4182 mus
227 4129 293 4199 ejus
306 4138 392 4183 erant
408 4144 448 4184 ex
465 4130 554 4201 lignis
569 4132 709 4185 arborum
726 4131 849 4194 resinae,
859 4141 891 4186 et
904 4131 1010 4186 harum
1022 4129 1103 4186 tedia
1114 4146 1151 4185 ex
1163 4129 1271 4184 asseri·

149 4206 210 4263 bus.

201 4285 240 4342 Et
252 4286 397 4359 quaesivi,
411 4286 496 4343 “Cur
508 4289 617 4344 domus
630 4289 680 4343 hic
692 4289 811 4360 ligneae
823 4288 932 4345 sunt?'’

200 4366 370 4437 Respondit
385 4368 517 4439 angelus,
533 4367 636 4439 “Quia
651 4369 765 4440 lignum
781 4369 931 4441 significat
949 4370 1062 4424 bonum
1078 4368 1222 4431 naturale,
1238 4377 1271 4424 et

149 4441 178 4498 in
190 4445 248 4501 hoc
259 4448 342 4502 bono
354 4445 473 4502 fuerant
486 4449 624 4503 homines
636 4449 744 4504 aetatis
756 4450 862 4505 tertiae
870 4449 1001 4513 telluris;
1020 4460 1051 4505 et
1063 4448 1269 4521 quiacupmm
