2782 5026
322 458 374 510 nu
397 454 534 509 suone
556 442 914 507 semmuro-u.
933 443 1005 522 483.
1159 454 1218 522 37¹
1287 431 1298 457 ⁶

99 629 217 691 dentur,
231 627 285 699 qui
301 642 392 683 omne
404 626 570 697 jucundum
585 632 707 695 captant
719 639 788 678 cum
803 623 945 679 uxoribus
960 623 1093 685 aliorum.
1109 634 1140 679 et
1156 623 1222 678 nul-

100 709 163 763 lum
174 723 244 764 cum
258 706 380 762 leminis
389 704 539 776 innuptis:
557 720 647 776 quare
660 714 694 759 ut
707 719 869 765 noscerem,
878 703 959 774 quod
973 704 1088 766 dentur,
1098 702 1223 758 addufti

98 788 222 843 suntad
240 802 289 842 me
301 786 401 859 plures
415 800 432 840 e
447 785 578 855 quodam
592 799 693 855 regno,
706 783 758 853 qui
771 784 950 838 tenebantur
962 783 1043 853 loqui
1056 784 1222 840 secundum

104 865 296 922 libidinosum
308 881 404 920 suum.
443 862 483 919 lii
497 863 644 925 dixerunt,
654 863 735 933 quod
750 862 807 917 illis
820 863 940 916 unicum
951 863 1060 932 volupe
1072 873 1103 916 et
1114 863 1220 932 jucun·

100 946 173 999 dum
187 943 285 1006 fuerit,
298 953 330 999 et
341 959 461 1015 quoque
474 942 521 1005 sit,
536 941 685 997 moechari
698 957 766 995 cum
779 940 905 995 aliorum
920 941 1076 1002 uxoribus;
1095 953 1125 996 et
1139 941 1220 1011 quod

104 1006 285 1094 prospiciant
297 1022 353 1076 sibi
368 1021 514 1092 pulchras,
528 1031 559 1077 et
570 1021 741 1076 conducant
753 1020 818 1075 illas
831 1019 888 1075 sibi
902 1035 955 1089 pro
968 1021 1103 1075 mercede
1116 1014 1225 1092 grandi

102 1103 267 1158 mcundum
280 1101 483 1172 opulentiam
501 1117 536 1157 ac
548 1100 743 1172 utplurimum
756 1101 794 1155 de
807 1101 944 1155 mercede
955 1100 1142 1170 paciscantur
1152 1115 1221 1155 curn

106 1183 155 1237 illa
165 1183 241 1238 sola.
846 1184 850 1191 “

156 1260 309 1333 Quaesivi,
321 1277 375 1316 cur
386 1277 447 1316 non
460 1260 515 1316 sibi
529 1260 705 1315 conducunt
717 1260 843 1315 {eminas
856 1259 1005 1330 innuptas.

157 1338 315 1402 Dixerunt.
334 1340 416 1411 quod
432 1341 491 1395 hoc
509 1340 549 1395 sit
567 1339 625 1395 illis
642 1355 809 1401 commune,
824 1339 905 1410 quod
925 1339 955 1394 in
974 1354 1006 1394 se
1024 1340 1084 1394 vile
1102 1349 1157 1402 est,
1172 1337 1221 1395 cui

106 1420 179 1473 nihil
191 1419 315 1490 jucundi
329 1419 415 1475 inest.

157 1497 300 1571 Quaesivi
319 1498 505 1560 etiamnum
521 1513 629 1553 uxores
648 1496 715 1552 illae
731 1507 835 1569 postea
849 1497 973 1552 redeant
991 1498 1028 1552 ad
1048 1513 1118 1552 suos
1133 1497 1222 1560 viros,

106 1593 141 1633 ac
151 1579 255 1633 vivant
266 1593 334 1632 cum
349 1577 414 1632 illis.

159 1657 391 1727 Responderunt
403 1656 485 1727 quod
498 1655 545 1712 vel
559 1671 629 1718 non,
641 1656 689 1712 vel
701 1655 816 1728 frigide,
829 1655 903 1727 quia
921 1655 1016 1711 iailae
1029 1657 1207 1712 meretrices.

158 1735 269 1791 Postea
292 1735 472 1807 interrogavi
497 1735 582 1797 serio,
598 1751 670 1789 num
695 1752 820 1807 usquam
845 1736 1048 1807 cogitaverint,
1070 1736 1118 1790 vel
1142 1748 1223 1792 nunc

107 1814 248 1887 cogitent,
266 1815 347 1885 quod
370 1815 427 1869 hoc
449 1814 489 1869 sit
509 1814 688 1869 adulterium
711 1815 905 1885 duplicatum,
920 1816 990 1886 quia
1011 1815 1082 1870 dum
1105 1815 1222 1870 uxorati

107 1904 183 1956 sunt,
196 1895 254 1949 hoc
267 1892 394 1953 iaciunt:
413 1903 445 1949 et
459 1894 540 1964 quod
556 1894 616 1949 tale
628 1893 808 1948 adulterium
823 1894 975 1948 hominem
991 1896 1029 1948 ab
1043 1895 1126 1949 omni
1139 1895 1222 1950 bono

108 1972 250 2043 spirituali
263 1972 471 2043 depopuletur.

158 2052 218 2108 Sed
233 2052 271 2106 ad
287 2053 362 2107 haec
377 2052 511 2123 plerique
525 2052 576 2123 qui
591 2053 724 2115 aderant,
737 2052 873 2116 riserunt,
886 2052 1029 2114 dicentes,
1043 2060 1060 2082 “
1068 2053 1148 2126 Quid
1168 2055 1222 2110 bo·

109 2147 176 2186 num
189 2131 341 2202 spirituale
349 2130 380 2186 ?”

158 2212 201 2265 At
217 2210 319 2273 institi,
335 2211 473 2274 dicendo,
487 2209 593 2283 “Quid
608 2210 816 2267 detestabilius
830 2221 877 2267 est
890 2228 978 2282 quam
992 2213 1120 2266 animam
1137 2228 1222 2268 suam

108 2305 172 2345 cum
190 2288 291 2346 anima
309 2289 406 2345 mariti
430 2290 460 2345 in
480 2306 572 2346 uxore
590 2291 656 2361 ejus
674 2290 887 2347 commiscere?
924 2290 1066 2347 Nostisne
1084 2292 1165 2363 quod
1190 2292 1222 2347 in

109 2370 217 2425 semine
230 2368 269 2424 sit
281 2368 381 2422 anima
392 2369 447 2423 viri
457 2368 488 2424 ?''

158 2448 207 2503 Ad
220 2447 294 2503 haec
307 2457 480 2502 averterunt
492 2464 533 2510 se,
543 2458 574 2503 et
587 2449 818 2511 murmurabant.
832 2456 849 2478 ‘¹
858 2446 937 2522 Quid
952 2450 1010 2505 hoc
1023 2461 1111 2505 nocet
1125 2447 1195 2505 ibi?

109 2605 118 2658 ι
155 2528 292 2662 ΡΤιυιᾰοιτι
311 2527 382 2590 dixi,
396 2527 552 2582 “Tametsi
573 2543 633 2583 non
653 2528 766 2584 timetis
781 2529 863 2600 leges
880 2528 1012 2591 Divinas,
1025 2545 1137 2585 numne
1149 2529 1222 2585 civi·

119 2621 150 2662 a
170 2607 187 2627 n

160 2685 392 2757 Responderunt
403 2687 484 2758 quod
498 2695 591 2750 non‚“
600 2687 698 2742 solum
711 2687 826 2758 aliquos
840 2703 878 2743 ex
891 2688 1055 2744 ministerio
1069 2689 1223 2745 ecclesias·

108 2765 175 2858 tico,
185 2766 350 2866 sedncoram
365 2764 422 2822 illis
431 2767 562 2822 celamus
573 2765 647 2831 hoc;
663 2777 696 2822 et
708 2766 733 2821 si
746 2782 806 2821 non
817 2783 984 2838 possumus,
993 2783 1062 2823 cum
1076 2769 1133 2823 illis
1145 2769 1222 2825 bene

155 2860 230 2900 mus.
1145 2895 1147 2898 ,

108 2859 268 3059 ‘mipace
280 2923 343 2979 vidi
359 2923 426 2979 illos
441 2923 555 2980 divisos
574 2924 604 2978 in
619 2934 740 2988 turmas,
753 2934 784 2980 et
798 2941 836 2980 ex
851 2925 898 2981 his
910 2927 1055 2998 quosdam
1068 2924 1223 2999 conjetlos

109 3020 137 3059 m
151 3020 180 3060 rn
192 3019 307 3060 arnum.

168 3167 270 3253 484.
294 3166 367 3252 (iv.)
394 3165 491 3246 Quod
501 3166 704 3231 adulterium
715 3167 923 3249 triplicatum
936 3172 985 3233 sit
997 3189 1070 3234 cum
1083 3192 1222 3235 consan-

104 3263 367 3345 guineis-Hoc
387 3262 591 3327 adulterium
607 3273 752 3326 vocatur
764 3263 985 3345 triplicatum,
999 3267 1078 3347 quia
1090 3267 1224 3331 duobus

108 3358 271 3439 prioribus
294 3356 398 3438 triplo
420 3358 559 3438 gravius
580 3365 644 3421 est
688 3355 868 3438 Quaenam
891 3361 1222 3441 consanguinitates,

107 3473 165 3516 seu
188 3452 349 3535 reliquiae
372 3453 494 3527 carnis,
519 3452 563 3516 ad
590 3473 675 3534 quas
698 3472 766 3516 non
789 3455 1130 3536 appropinquandum
1154 3465 1222 3530 est,

107 3546 211 3611 Lavit.
240 3549 335 3612 xviii.
367 3547 463 3626 6-17,
494 3548 686 3612 recensitae
717 3548 908 3613 videantur.
954 3548 1097 3624 Causae,
1128 3550 1222 3632 quod

107 3641 190 3707 haec
220 3643 391 3707 adulteria
419 3643 553 3706 duobus
582 3639 785 3723 supradiliis
815 3644 919 3725 triplo
948 3645 1107 3725 graviora
1139 3645 1221 3719 sint,

107 3749 184 3802 sunt
203 3738 359 3802 internae
380 3746 418 3801 et
440 3747 632 3815 externae;
657 3755 781 3801 causae
800 3738 955 3801 internae
971 3748 1054 3802 sunt
1076 3759 1121 3801 ex
1145 3757 1222 3801 cor·

106 3833 348 3913 respondentia
370 3832 507 3896 illorum
538 3852 615 3897 cum
644 3831 830 3896 violatione
853 3832 999 3914 conjugii
1023 3832 1221 3914 spiritualis,

107 3927 196 4008 quod
215 3937 269 3991 est
289 3926 429 3991 Domini
447 3937 484 3992 et
502 3927 680 4001 ecclesiae,
701 3935 737 3991 et
761 3927 840 3990 inde
859 3927 940 3989 boni
962 3938 998 3990 et
1021 3929 1112 4003 veri;
1140 3947 1222 3990 cau·

108 4039 162 4086 sae
185 4030 356 4086 externae
374 4032 490 4085 autem
510 4031 589 4084 sunt
613 4031 754 4103 propter
772 4021 949 4084 custodias
972 4040 1014 4084 ne
1038 4022 1142 4084 homo
1161 4019 1222 4087 fiat

108 4115 236 4183 bestia:
260 4118 322 4181 sed
340 4116 385 4182 ad
403 4113 636 4184 detectionem
655 4134 832 4180 causarum
852 4135 920 4180 non
939 4126 1041 4180 vacat
1063 4117 1118 4180 hic
1142 4135 1223 4200 pro·

109 4215 212 4295 gredi.

166 4308 269 4393 483·
292 4305 356 4392 (v)
381 4308 478 4388 Quod
494 4316 640 4393 quatuor
654 4305 791 4390 gradus
808 4305 1048 4371 adulteriorum
1069 4307 1149 4383 sint,
1168 4326 1226 4372 se-

110 4405 245 4469 candum
266 4423 348 4487 quos
360 4404 454 4487 fiunt
473 4405 608 4470 illorum
620 4401 898 4487 praedicationes,
917 4400 1164 4484 inculpationes,
1187 4411 1222 4466 et
1340 4412 1343 4417 ⁴
