<?xml version="1.0" encoding="UTF-8"?>
<!DOCTYPE html PUBLIC "-//W3C//DTD XHTML 1.0 Transitional//EN"
    "http://www.w3.org/TR/xhtml1/DTD/xhtml1-transitional.dtd">
<html xmlns="http://www.w3.org/1999/xhtml" xml:lang="en" lang="en">
 <head>
  <title>
</title>
<meta http-equiv="Content-Type" content="text/html;charset=utf-8" />
  <meta name='ocr-system' content='tesseract 3.04.00' />
  <meta name='ocr-capabilities' content='ocr_page ocr_carea ocr_par ocr_line ocrx_word'/>
</head>
<body>
  <div class='ocr_page' id='page_1' title='image "./deliciaesapient00swedgoog_0030.png"; bbox 0 0 2782 5026; ppageno 0'>
   <div class='ocr_carea' id='block_1_1' title="bbox 332 111 1197 183">
    <p class='ocr_par' dir='ltr' id='par_1_1' title="bbox 332 111 1197 183">
     <span class='ocr_line' id='line_1_1' title="bbox 332 111 1197 183; baseline 0.005 -21"><span class='ocrx_word' id='word_1_1' title='bbox 332 113 381 163; x_wconf 77' lang='lat' dir='ltr'>nt·</span> <span class='ocrx_word' id='word_1_2' title='bbox 404 111 538 163; x_wconf 76' lang='lat' dir='ltr'>AMORE</span> <span class='ocrx_word' id='word_1_3' title='bbox 561 111 881 178; x_wconf 52' lang='lat' dir='ltr'>conmutat-N.</span> <span class='ocrx_word' id='word_1_4' title='bbox 904 113 952 183; x_wconf 84' lang='lat'>17.</span> <span class='ocrx_word' id='word_1_5' title='bbox 1158 115 1197 166; x_wconf 73' lang='grc'>21</span> 
     </span>
    </p>
   </div>
   <div class='ocr_carea' id='block_1_2' title="bbox 52 282 1201 2418">
    <p class='ocr_par' dir='ltr' id='par_1_2' title="bbox 77 282 1201 513">
     <span class='ocr_line' id='line_1_2' title="bbox 77 282 1201 356; baseline 0.004 -18"><span class='ocrx_word' id='word_1_6' title='bbox 77 282 240 344; x_wconf 85' lang='lat' dir='ltr'>nonciavia,</span> <span class='ocrx_word' id='word_1_7' title='bbox 254 292 288 338; x_wconf 90' lang='lat' dir='ltr'>et</span> <span class='ocrx_word' id='word_1_8' title='bbox 301 283 359 338; x_wconf 91' lang='lat' dir='ltr'>illis</span> <span class='ocrx_word' id='word_1_9' title='bbox 371 299 477 339; x_wconf 92' lang='lat' dir='ltr'>omnes</span> <span class='ocrx_word' id='word_1_10' title='bbox 489 283 620 340; x_wconf 82' lang='lat' dir='ltr'>honores</span> <span class='ocrx_word' id='word_1_11' title='bbox 632 282 786 340; x_wconf 77' lang='lat' dir='ltr'>civilitatis</span> <span class='ocrx_word' id='word_1_12' title='bbox 798 284 971 348; x_wconf 77' lang='lat' dir='ltr'>exhiberet:</span> <span class='ocrx_word' id='word_1_13' title='bbox 989 293 1022 340; x_wconf 86' lang='lat' dir='ltr'>et</span> <span class='ocrx_word' id='word_1_14' title='bbox 1033 300 1154 356; x_wconf 89' lang='lat' dir='ltr'>quoque</span> <span class='ocrx_word' id='word_1_15' title='bbox 1165 295 1201 342; x_wconf 91' lang='lat' dir='ltr'>ut</span> 
     </span>
     <span class='ocr_line' id='line_1_3' title="bbox 77 362 1201 435; baseline 0.006 -20"><span class='ocrx_word' id='word_1_16' title='bbox 77 372 194 419; x_wconf 70' lang='lat' dir='ltr'>vonam</span> <span class='ocrx_word' id='word_1_17' title='bbox 207 362 295 418; x_wconf 90' lang='lat' dir='ltr'>viros</span> <span class='ocrx_word' id='word_1_18' title='bbox 309 363 484 418; x_wconf 75' lang='lat' dir='ltr'>urbanitatis</span> <span class='ocrx_word' id='word_1_19' title='bbox 497 373 528 419; x_wconf 89' lang='lat' dir='ltr'>et</span> <span class='ocrx_word' id='word_1_20' title='bbox 542 362 737 427; x_wconf 73' lang='lat' dir='ltr'>affabilitatis,</span> <span class='ocrx_word' id='word_1_21' title='bbox 750 363 801 435; x_wconf 90' lang='lat' dir='ltr'>qui</span> <span class='ocrx_word' id='word_1_22' title='bbox 821 364 888 420; x_wconf 89' lang='lat' dir='ltr'>illos</span> <span class='ocrx_word' id='word_1_23' title='bbox 902 379 1042 420; x_wconf 78' lang='lat' dir='ltr'>sermone</span> <span class='ocrx_word' id='word_1_24' title='bbox 1056 366 1096 421; x_wconf 90' lang='lat' dir='ltr'>de</span> <span class='ocrx_word' id='word_1_25' title='bbox 1109 363 1201 422; x_wconf 77' lang='lat' dir='ltr'>variis</span> 
     </span>
     <span class='ocr_line' id='line_1_4' title="bbox 78 441 673 513; baseline 0.002 -16"><span class='ocrx_word' id='word_1_26' title='bbox 78 442 192 513; x_wconf 69' lang='lat' dir='ltr'>gaudiis</span> <span class='ocrx_word' id='word_1_27' title='bbox 205 441 301 512; x_wconf 87' lang='lat' dir='ltr'>hujus</span> <span class='ocrx_word' id='word_1_28' title='bbox 312 442 466 497; x_wconf 88' lang='lat' dir='ltr'>societatis</span> <span class='ocrx_word' id='word_1_29' title='bbox 477 441 673 499; x_wconf 73' lang='lat' dir='ltr'>obletlarent.</span> 
     </span>
    </p>

    <p class='ocr_par' dir='ltr' id='par_1_3' title="bbox 62 519 1201 1150">
     <span class='ocr_line' id='line_1_5' title="bbox 122 519 1201 594; baseline 0.004 -17"><span class='ocrx_word' id='word_1_30' title='bbox 122 533 182 594; x_wconf 72' lang='lat'>17.</span> <span class='ocrx_word' id='word_1_31' title='bbox 209 519 290 577; x_wconf 90' lang='lat' dir='ltr'>Cum</span> <span class='ocrx_word' id='word_1_32' title='bbox 299 521 459 584; x_wconf 89' lang='lat' dir='ltr'>redierunt,</span> <span class='ocrx_word' id='word_1_33' title='bbox 468 520 580 578; x_wconf 70' lang='lat' dir='ltr'>latium</span> <span class='ocrx_word' id='word_1_34' title='bbox 590 532 637 578; x_wconf 87' lang='lat' dir='ltr'>est</span> <span class='ocrx_word' id='word_1_35' title='bbox 646 523 702 587; x_wconf 86' lang='lat' dir='ltr'>ita;</span> <span class='ocrx_word' id='word_1_36' title='bbox 713 533 745 578; x_wconf 89' lang='lat' dir='ltr'>et</span> <span class='ocrx_word' id='word_1_37' title='bbox 755 522 854 578; x_wconf 89' lang='lat' dir='ltr'>vocati</span> <span class='ocrx_word' id='word_1_38' title='bbox 863 539 901 578; x_wconf 84' lang='lat' dir='ltr'>ex</span> <span class='ocrx_word' id='word_1_39' title='bbox 910 525 993 586; x_wconf 90' lang='lat' dir='ltr'>urbe,</span> <span class='ocrx_word' id='word_1_40' title='bbox 1000 522 1052 594; x_wconf 92' lang='lat' dir='ltr'>qui</span> <span class='ocrx_word' id='word_1_41' title='bbox 1061 539 1201 581; x_wconf 89' lang='lat' dir='ltr'>sermone</span> 
     </span>
     <span class='ocr_line' id='line_1_6' title="bbox 75 599 1201 673; baseline -0.001 -16"><span class='ocrx_word' id='word_1_42' title='bbox 75 599 108 657; x_wconf 84' lang='lat' dir='ltr'>de</span> <span class='ocrx_word' id='word_1_43' title='bbox 124 600 223 656; x_wconf 86' lang='lat' dir='ltr'>variis</span> <span class='ocrx_word' id='word_1_44' title='bbox 243 600 363 672; x_wconf 82' lang='lat' dir='ltr'>gaudiis</span> <span class='ocrx_word' id='word_1_45' title='bbox 381 601 535 656; x_wconf 89' lang='lat' dir='ltr'>societatis</span> <span class='ocrx_word' id='word_1_46' title='bbox 553 599 740 657; x_wconf 69' lang='lat' dir='ltr'>obledlarent</span> <span class='ocrx_word' id='word_1_47' title='bbox 759 601 833 664; x_wconf 90' lang='lat' dir='ltr'>illos,</span> <span class='ocrx_word' id='word_1_48' title='bbox 846 614 1008 665; x_wconf 86' lang='lat' dir='ltr'>venerunt;</span> <span class='ocrx_word' id='word_1_49' title='bbox 1026 613 1059 658; x_wconf 93' lang='lat' dir='ltr'>et</span> <span class='ocrx_word' id='word_1_50' title='bbox 1077 603 1108 657; x_wconf 92' lang='lat' dir='ltr'>hi</span> <span class='ocrx_word' id='word_1_51' title='bbox 1131 613 1201 673; x_wconf 78' lang='lat' dir='ltr'>post</span> 
     </span>
     <span class='ocr_line' id='line_1_7' title="bbox 74 681 1201 755; baseline 0 -19"><span class='ocrx_word' id='word_1_52' title='bbox 74 681 276 737; x_wconf 76' lang='lat' dir='ltr'>salutationes</span> <span class='ocrx_word' id='word_1_53' title='bbox 285 681 468 736; x_wconf 84' lang='lat' dir='ltr'>ambulando</span> <span class='ocrx_word' id='word_1_54' title='bbox 478 682 852 753; x_wconf 74' lang='lat' dir='ltr'>loquebanturelegantias</span> <span class='ocrx_word' id='word_1_55' title='bbox 862 699 930 736; x_wconf 89' lang='lat' dir='ltr'>cum</span> <span class='ocrx_word' id='word_1_56' title='bbox 942 683 1008 738; x_wconf 90' lang='lat' dir='ltr'>illis.</span> <span class='ocrx_word' id='word_1_57' title='bbox 1040 682 1099 738; x_wconf 88' lang='lat' dir='ltr'>Sed</span> <span class='ocrx_word' id='word_1_58' title='bbox 1110 699 1201 755; x_wconf 80' lang='lat' dir='ltr'>ange·</span> 
     </span>
     <span class='ocr_line' id='line_1_8' title="bbox 71 758 1201 832; baseline 0.005 -20"><span class='ocrx_word' id='word_1_59' title='bbox 71 758 116 817; x_wconf 86' lang='lat' dir='ltr'>lus</span> <span class='ocrx_word' id='word_1_60' title='bbox 127 759 245 816; x_wconf 59' lang='lat' dir='ltr'>duilon</span> <span class='ocrx_word' id='word_1_61' title='bbox 258 761 377 815; x_wconf 87' lang='lat' dir='ltr'>illorum</span> <span class='ocrx_word' id='word_1_62' title='bbox 390 761 473 823; x_wconf 84' lang='lat' dir='ltr'>dixit,</span> <span class='ocrx_word' id='word_1_63' title='bbox 486 761 568 832; x_wconf 89' lang='lat' dir='ltr'>quod</span> <span class='ocrx_word' id='word_1_64' title='bbox 581 762 685 816; x_wconf 89' lang='lat' dir='ltr'>decem</span> <span class='ocrx_word' id='word_1_65' title='bbox 700 761 731 816; x_wconf 93' lang='lat' dir='ltr'>hi</span> <span class='ocrx_word' id='word_1_66' title='bbox 744 762 799 816; x_wconf 89' lang='lat' dir='ltr'>viri</span> <span class='ocrx_word' id='word_1_67' title='bbox 813 762 932 817; x_wconf 87' lang='lat' dir='ltr'>invitati</span> <span class='ocrx_word' id='word_1_68' title='bbox 944 762 1006 817; x_wconf 86' lang='lat' dir='ltr'>sint</span> <span class='ocrx_word' id='word_1_69' title='bbox 1019 761 1048 815; x_wconf 91' lang='lat' dir='ltr'>in</span> <span class='ocrx_word' id='word_1_70' title='bbox 1062 762 1121 816; x_wconf 93' lang='lat' dir='ltr'>hoc</span> <span class='ocrx_word' id='word_1_71' title='bbox 1133 779 1201 818; x_wconf 90' lang='lat' dir='ltr'>cae·</span> 
     </span>
     <span class='ocr_line' id='line_1_9' title="bbox 69 837 1200 910; baseline 0.004 -17"><span class='ocrx_word' id='word_1_72' title='bbox 69 837 142 904; x_wconf 88' lang='lat' dir='ltr'>lum,</span> <span class='ocrx_word' id='word_1_73' title='bbox 163 850 201 897; x_wconf 87' lang='lat' dir='ltr'>ut</span> <span class='ocrx_word' id='word_1_74' title='bbox 223 839 350 894; x_wconf 86' lang='lat' dir='ltr'>videant</span> <span class='ocrx_word' id='word_1_75' title='bbox 369 840 480 910; x_wconf 79' lang='lat' dir='ltr'>gaudia</span> <span class='ocrx_word' id='word_1_76' title='bbox 503 841 577 910; x_wconf 87' lang='lat' dir='ltr'>ejus.</span> <span class='ocrx_word' id='word_1_77' title='bbox 597 850 629 896; x_wconf 92' lang='lat' dir='ltr'>et</span> <span class='ocrx_word' id='word_1_78' title='bbox 651 840 722 895; x_wconf 89' lang='lat' dir='ltr'>inde</span> <span class='ocrx_word' id='word_1_79' title='bbox 743 857 852 895; x_wconf 88' lang='lat' dir='ltr'>novam</span> <span class='ocrx_word' id='word_1_80' title='bbox 875 842 972 895; x_wconf 89' lang='lat' dir='ltr'>ideam</span> <span class='ocrx_word' id='word_1_81' title='bbox 995 842 1033 896; x_wconf 92' lang='lat' dir='ltr'>de</span> <span class='ocrx_word' id='word_1_82' title='bbox 1054 840 1200 898; x_wconf 74' lang='lat' dir='ltr'>felicitate</span> 
     </span>
     <span class='ocr_line' id='line_1_10' title="bbox 66 918 1201 992; baseline 0.002 -16"><span class='ocrx_word' id='word_1_83' title='bbox 66 930 198 976; x_wconf 80' lang='lat' dir='ltr'>secema</span> <span class='ocrx_word' id='word_1_84' title='bbox 210 918 374 988; x_wconf 78' lang='lat' dir='ltr'>recipiant3</span> <span class='ocrx_word' id='word_1_85' title='bbox 389 927 648 975; x_wconf 81' lang='lat' dir='ltr'>“commemorate</span> <span class='ocrx_word' id='word_1_86' title='bbox 661 936 734 990; x_wconf 80' lang='lat' dir='ltr'>ergo</span> <span class='ocrx_word' id='word_1_87' title='bbox 746 920 846 990; x_wconf 87' lang='lat' dir='ltr'>aliqua</span> <span class='ocrx_word' id='word_1_88' title='bbox 858 921 897 975; x_wconf 94' lang='lat' dir='ltr'>de</span> <span class='ocrx_word' id='word_1_89' title='bbox 908 920 1026 992; x_wconf 80' lang='lat' dir='ltr'>gaudiis</span> <span class='ocrx_word' id='word_1_90' title='bbox 1039 921 1113 989; x_wconf 88' lang='lat' dir='ltr'>ejus,</span> <span class='ocrx_word' id='word_1_91' title='bbox 1122 935 1201 991; x_wconf 78' lang='lat' dir='ltr'>quae</span> 
     </span>
     <span class='ocr_line' id='line_1_11' title="bbox 62 1000 1201 1072; baseline 0.001 -16"><span class='ocrx_word' id='word_1_92' title='bbox 62 1000 211 1056; x_wconf 78' lang='lat' dir='ltr'>afficiunt</span> <span class='ocrx_word' id='word_1_93' title='bbox 223 1016 331 1055; x_wconf 89' lang='lat' dir='ltr'>sensus</span> <span class='ocrx_word' id='word_1_94' title='bbox 343 1000 495 1069; x_wconf 89' lang='lat' dir='ltr'>corporis;</span> <span class='ocrx_word' id='word_1_95' title='bbox 513 1010 619 1070; x_wconf 86' lang='lat' dir='ltr'>postea</span> <span class='ocrx_word' id='word_1_96' title='bbox 631 1001 750 1056; x_wconf 89' lang='lat' dir='ltr'>venturi</span> <span class='ocrx_word' id='word_1_97' title='bbox 766 1011 837 1056; x_wconf 90' lang='lat' dir='ltr'>sunt</span> <span class='ocrx_word' id='word_1_98' title='bbox 849 1001 1008 1071; x_wconf 85' lang='lat' dir='ltr'>sapientes.</span> <span class='ocrx_word' id='word_1_99' title='bbox 1021 1001 1073 1072; x_wconf 84' lang='lat' dir='ltr'>qui</span> <span class='ocrx_word' id='word_1_100' title='bbox 1086 1016 1201 1057; x_wconf 87' lang='lat' dir='ltr'>memo-</span> 
     </span>
     <span class='ocr_line' id='line_1_12' title="bbox 63 1079 1022 1150; baseline -0.001 -14"><span class='ocrx_word' id='word_1_101' title='bbox 63 1081 185 1136; x_wconf 76' lang='lat' dir='ltr'>tabunt</span> <span class='ocrx_word' id='word_1_102' title='bbox 197 1080 308 1149; x_wconf 85' lang='lat' dir='ltr'>aliqua,</span> <span class='ocrx_word' id='word_1_103' title='bbox 321 1095 400 1150; x_wconf 87' lang='lat' dir='ltr'>quae</span> <span class='ocrx_word' id='word_1_104' title='bbox 413 1079 464 1134; x_wconf 86' lang='lat' dir='ltr'>illa</span> <span class='ocrx_word' id='word_1_105' title='bbox 476 1080 585 1150; x_wconf 82' lang='lat' dir='ltr'>gaudia</span> <span class='ocrx_word' id='word_1_106' title='bbox 598 1080 729 1134; x_wconf 91' lang='lat' dir='ltr'>reddunt</span> <span class='ocrx_word' id='word_1_107' title='bbox 741 1079 839 1135; x_wconf 81' lang='lat' dir='ltr'>inusta</span> <span class='ocrx_word' id='word_1_108' title='bbox 851 1090 884 1135; x_wconf 91' lang='lat' dir='ltr'>et</span> <span class='ocrx_word' id='word_1_109' title='bbox 897 1079 1022 1136; x_wconf 81' lang='lat' dir='ltr'>felicia.”</span> 
     </span>
    </p>

    <p class='ocr_par' dir='ltr' id='par_1_4' title="bbox 53 1156 1200 1546">
     <span class='ocr_line' id='line_1_13' title="bbox 121 1156 1200 1228; baseline 0.002 -15"><span class='ocrx_word' id='word_1_110' title='bbox 121 1156 187 1214; x_wconf 85' lang='lat' dir='ltr'>His</span> <span class='ocrx_word' id='word_1_111' title='bbox 202 1158 315 1212; x_wconf 87' lang='lat' dir='ltr'>auditis</span> <span class='ocrx_word' id='word_1_112' title='bbox 330 1157 429 1212; x_wconf 86' lang='lat' dir='ltr'>vocati</span> <span class='ocrx_word' id='word_1_113' title='bbox 445 1172 483 1212; x_wconf 86' lang='lat' dir='ltr'>ex</span> <span class='ocrx_word' id='word_1_114' title='bbox 498 1159 572 1212; x_wconf 92' lang='lat' dir='ltr'>urbe</span> <span class='ocrx_word' id='word_1_115' title='bbox 586 1159 864 1222; x_wconf 73' lang='lat' dir='ltr'>commemorabant</span> <span class='ocrx_word' id='word_1_116' title='bbox 880 1158 963 1214; x_wconf 78' lang='lat' dir='ltr'>haec.</span> <span class='ocrx_word' id='word_1_117' title='bbox 999 1158 1099 1228; x_wconf 84' lang='grc' dir='ltr'><strong>“[(ι.)]</strong></span> <span class='ocrx_word' id='word_1_118' title='bbox 1120 1157 1200 1215; x_wconf 84' lang='lat' dir='ltr'>Sunt</span> 
     </span>
     <span class='ocr_line' id='line_1_14' title="bbox 57 1233 1200 1306; baseline 0 -14"><span class='ocrx_word' id='word_1_119' title='bbox 57 1233 116 1294; x_wconf 81' lang='lat' dir='ltr'>hic</span> <span class='ocrx_word' id='word_1_120' title='bbox 131 1237 204 1292; x_wconf 85' lang='lat' dir='ltr'>dies</span> <span class='ocrx_word' id='word_1_121' title='bbox 216 1236 392 1292; x_wconf 75' lang='lat' dir='ltr'>festivitatis</span> <span class='ocrx_word' id='word_1_122' title='bbox 408 1235 512 1291; x_wconf 75' lang='lat' dir='ltr'>iuditii</span> <span class='ocrx_word' id='word_1_123' title='bbox 527 1252 546 1292; x_wconf 92' lang='lat' dir='ltr'>a</span> <span class='ocrx_word' id='word_1_124' title='bbox 561 1237 706 1306; x_wconf 81' lang='lat' dir='ltr'>principe,</span> <span class='ocrx_word' id='word_1_125' title='bbox 718 1247 752 1291; x_wconf 93' lang='lat' dir='ltr'>ut</span> <span class='ocrx_word' id='word_1_126' title='bbox 767 1237 859 1292; x_wconf 88' lang='lat' dir='ltr'>animi</span> <span class='ocrx_word' id='word_1_127' title='bbox 875 1237 1045 1293; x_wconf 78' lang='lat' dir='ltr'>relaxentur</span> <span class='ocrx_word' id='word_1_128' title='bbox 1058 1254 1077 1293; x_wconf 93' lang='lat' dir='ltr'>a</span> <span class='ocrx_word' id='word_1_129' title='bbox 1090 1239 1200 1294; x_wconf 86' lang='lat' dir='ltr'>delati·</span> 
     </span>
     <span class='ocr_line' id='line_1_15' title="bbox 54 1316 1200 1388; baseline 0.003 -17"><span class='ocrx_word' id='word_1_130' title='bbox 54 1316 206 1388; x_wconf 71' lang='lat' dir='ltr'>gatione.</span> <span class='ocrx_word' id='word_1_131' title='bbox 215 1332 307 1386; x_wconf 88' lang='lat' dir='ltr'>quam</span> <span class='ocrx_word' id='word_1_132' title='bbox 319 1317 470 1386; x_wconf 90' lang='lat' dir='ltr'>cupiditas</span> <span class='ocrx_word' id='word_1_133' title='bbox 483 1316 693 1371; x_wconf 84' lang='lat' dir='ltr'>aemulationis</span> <span class='ocrx_word' id='word_1_134' title='bbox 702 1316 851 1387; x_wconf 82' lang='lat' dir='ltr'>aliquibus</span> <span class='ocrx_word' id='word_1_135' title='bbox 862 1316 1029 1372; x_wconf 85' lang='lat' dir='ltr'>induxerat.</span> <span class='ocrx_word' id='word_1_136' title='bbox 1067 1316 1124 1373; x_wconf 86' lang='lat' dir='ltr'>His</span> <span class='ocrx_word' id='word_1_137' title='bbox 1136 1318 1200 1374; x_wconf 81' lang='lat' dir='ltr'>die·</span> 
     </span>
     <span class='ocr_line' id='line_1_16' title="bbox 53 1394 1199 1464; baseline -0.001 -12"><span class='ocrx_word' id='word_1_138' title='bbox 53 1394 124 1464; x_wconf 85' lang='lat' dir='ltr'>bus</span> <span class='ocrx_word' id='word_1_139' title='bbox 137 1407 214 1451; x_wconf 90' lang='lat' dir='ltr'>sunt</span> <span class='ocrx_word' id='word_1_140' title='bbox 230 1396 405 1451; x_wconf 86' lang='lat' dir='ltr'>harmoniae</span> <span class='ocrx_word' id='word_1_141' title='bbox 421 1396 553 1450; x_wconf 88' lang='lat' dir='ltr'>musicae</span> <span class='ocrx_word' id='word_1_142' title='bbox 567 1406 598 1451; x_wconf 89' lang='lat' dir='ltr'>et</span> <span class='ocrx_word' id='word_1_143' title='bbox 613 1405 720 1450; x_wconf 89' lang='lat' dir='ltr'>cantus</span> <span class='ocrx_word' id='word_1_144' title='bbox 732 1395 763 1450; x_wconf 90' lang='lat' dir='ltr'>in</span> <span class='ocrx_word' id='word_1_145' title='bbox 778 1395 901 1458; x_wconf 88' lang='lat' dir='ltr'>loris,et</span> <span class='ocrx_word' id='word_1_146' title='bbox 916 1407 1001 1451; x_wconf 88' lang='lat' dir='ltr'>extra</span> <span class='ocrx_word' id='word_1_147' title='bbox 1015 1396 1119 1452; x_wconf 90' lang='lat' dir='ltr'>urbem</span> <span class='ocrx_word' id='word_1_148' title='bbox 1135 1396 1199 1452; x_wconf 90' lang='lat' dir='ltr'>ludi</span> 
     </span>
     <span class='ocr_line' id='line_1_17' title="bbox 54 1474 1199 1546; baseline 0.002 -14"><span class='ocrx_word' id='word_1_149' title='bbox 54 1487 96 1532; x_wconf 80' lang='lat' dir='ltr'>et</span> <span class='ocrx_word' id='word_1_150' title='bbox 109 1474 308 1546; x_wconf 69' lang='lat' dir='ltr'>spectacula:</span> <span class='ocrx_word' id='word_1_151' title='bbox 334 1475 364 1530; x_wconf 91' lang='lat' dir='ltr'>in</span> <span class='ocrx_word' id='word_1_152' title='bbox 379 1475 454 1531; x_wconf 83' lang='lat' dir='ltr'>ioris</span> <span class='ocrx_word' id='word_1_153' title='bbox 469 1485 542 1530; x_wconf 93' lang='lat' dir='ltr'>tunc</span> <span class='ocrx_word' id='word_1_154' title='bbox 557 1487 628 1530; x_wconf 90' lang='lat' dir='ltr'>sunt</span> <span class='ocrx_word' id='word_1_155' title='bbox 642 1475 778 1530; x_wconf 89' lang='lat' dir='ltr'>elevatae</span> <span class='ocrx_word' id='word_1_156' title='bbox 790 1476 962 1530; x_wconf 86' lang='lat' dir='ltr'>orchestrae</span> <span class='ocrx_word' id='word_1_157' title='bbox 976 1474 1199 1534; x_wconf 71' lang='lat' dir='ltr'>circumductae</span> 
     </span>
    </p>

    <p class='ocr_par' dir='ltr' id='par_1_5' title="bbox 52 1554 1201 2418">
     <span class='ocr_line' id='line_1_18' title="bbox 52 1554 1199 1626; baseline 0 -16"><span class='ocrx_word' id='word_1_158' title='bbox 52 1555 216 1610; x_wconf 81' lang='lat' dir='ltr'>cancellis</span> <span class='ocrx_word' id='word_1_159' title='bbox 230 1555 378 1611; x_wconf 86' lang='lat' dir='ltr'>consertis</span> <span class='ocrx_word' id='word_1_160' title='bbox 393 1571 431 1610; x_wconf 84' lang='lat' dir='ltr'>ex</span> <span class='ocrx_word' id='word_1_161' title='bbox 442 1554 563 1617; x_wconf 87' lang='lat' dir='ltr'>vitibus,</span> <span class='ocrx_word' id='word_1_162' title='bbox 577 1571 594 1610; x_wconf 94' lang='lat' dir='ltr'>e</span> <span class='ocrx_word' id='word_1_163' title='bbox 608 1555 718 1625; x_wconf 88' lang='lat' dir='ltr'>quibus</span> <span class='ocrx_word' id='word_1_164' title='bbox 733 1555 866 1625; x_wconf 90' lang='lat' dir='ltr'>pendent</span> <span class='ocrx_word' id='word_1_165' title='bbox 881 1555 969 1617; x_wconf 89' lang='lat' dir='ltr'>botri,</span> <span class='ocrx_word' id='word_1_166' title='bbox 984 1555 1061 1609; x_wconf 87' lang='lat' dir='ltr'>intra</span> <span class='ocrx_word' id='word_1_167' title='bbox 1075 1571 1153 1626; x_wconf 92' lang='lat' dir='ltr'>quos</span> <span class='ocrx_word' id='word_1_168' title='bbox 1168 1555 1199 1610; x_wconf 87' lang='lat' dir='ltr'>in</span> 
     </span>
     <span class='ocr_line' id='line_1_19' title="bbox 54 1627 1200 1697; baseline 0.001 -7"><span class='ocrx_word' id='word_1_169' title='bbox 54 1635 171 1690; x_wconf 83' lang='lat' dir='ltr'>tribus</span> <span class='ocrx_word' id='word_1_170' title='bbox 189 1635 410 1691; x_wconf 86' lang='lat' dir='ltr'>elevationibus</span> <span class='ocrx_word' id='word_1_171' title='bbox 434 1636 541 1690; x_wconf 89' lang='lat' dir='ltr'>sedent</span> <span class='ocrx_word' id='word_1_172' title='bbox 563 1634 669 1689; x_wconf 89' lang='lat' dir='ltr'>musici</span> <span class='ocrx_word' id='word_1_173' title='bbox 691 1627 766 1689; x_wconf 76' lang='lat' dir='ltr'>cum&#39;</span> <span class='ocrx_word' id='word_1_174' title='bbox 782 1634 990 1690; x_wconf 87' lang='lat' dir='ltr'>instrumentis</span> <span class='ocrx_word' id='word_1_175' title='bbox 1008 1635 1147 1697; x_wconf 87' lang='lat' dir='ltr'>chordae,</span> <span class='ocrx_word' id='word_1_176' title='bbox 1168 1645 1200 1692; x_wconf 91' lang='lat' dir='ltr'>et</span> 
     </span>
     <span class='ocr_line' id='line_1_20' title="bbox 53 1713 1200 1778; baseline 0 -6"><span class='ocrx_word' id='word_1_177' title='bbox 53 1729 139 1772; x_wconf 85' lang='lat' dir='ltr'>eum</span> <span class='ocrx_word' id='word_1_178' title='bbox 160 1713 371 1770; x_wconf 87' lang='lat' dir='ltr'>instrumentis</span> <span class='ocrx_word' id='word_1_179' title='bbox 389 1716 465 1777; x_wconf 89' lang='lat' dir='ltr'>soni,</span> <span class='ocrx_word' id='word_1_180' title='bbox 478 1715 561 1771; x_wconf 89' lang='lat' dir='ltr'>vocis</span> <span class='ocrx_word' id='word_1_181' title='bbox 579 1715 659 1771; x_wconf 85' lang='lat' dir='ltr'>altae</span> <span class='ocrx_word' id='word_1_182' title='bbox 677 1726 709 1770; x_wconf 95' lang='lat' dir='ltr'>et</span> <span class='ocrx_word' id='word_1_183' title='bbox 727 1715 810 1771; x_wconf 93' lang='lat' dir='ltr'>vocis</span> <span class='ocrx_word' id='word_1_184' title='bbox 831 1715 961 1778; x_wconf 89' lang='lat' dir='ltr'>humilis,</span> <span class='ocrx_word' id='word_1_185' title='bbox 977 1731 1012 1770; x_wconf 89' lang='lat' dir='ltr'>ac</span> <span class='ocrx_word' id='word_1_186' title='bbox 1026 1716 1110 1771; x_wconf 88' lang='lat' dir='ltr'>vocis</span> <span class='ocrx_word' id='word_1_187' title='bbox 1125 1726 1200 1772; x_wconf 90' lang='lat' dir='ltr'>stre·</span> 
     </span>
     <span class='ocr_line' id='line_1_21' title="bbox 55 1793 1200 1856; baseline 0.002 -8"><span class='ocrx_word' id='word_1_188' title='bbox 55 1809 150 1848; x_wconf 80' lang='lat' dir='ltr'>uuae</span> <span class='ocrx_word' id='word_1_189' title='bbox 169 1804 204 1848; x_wconf 91' lang='lat' dir='ltr'>et</span> <span class='ocrx_word' id='word_1_190' title='bbox 221 1793 306 1847; x_wconf 89' lang='lat' dir='ltr'>vocis</span> <span class='ocrx_word' id='word_1_191' title='bbox 327 1794 462 1856; x_wconf 89' lang='lat' dir='ltr'>blandae,</span> <span class='ocrx_word' id='word_1_192' title='bbox 479 1805 509 1849; x_wconf 89' lang='lat' dir='ltr'>et</span> <span class='ocrx_word' id='word_1_193' title='bbox 527 1795 565 1849; x_wconf 87' lang='lat' dir='ltr'>ad</span> <span class='ocrx_word' id='word_1_194' title='bbox 584 1796 680 1850; x_wconf 86' lang='lat' dir='ltr'>latera</span> <span class='ocrx_word' id='word_1_195' title='bbox 697 1805 768 1850; x_wconf 88' lang='lat' dir='ltr'>sunt</span> <span class='ocrx_word' id='word_1_196' title='bbox 792 1805 931 1850; x_wconf 88' lang='lat' dir='ltr'>cantores</span> <span class='ocrx_word' id='word_1_197' title='bbox 950 1806 981 1850; x_wconf 93' lang='lat' dir='ltr'>et</span> <span class='ocrx_word' id='word_1_198' title='bbox 998 1795 1154 1856; x_wconf 89' lang='lat' dir='ltr'>cantrices,</span> <span class='ocrx_word' id='word_1_199' title='bbox 1167 1803 1200 1850; x_wconf 84' lang='lat' dir='ltr'>et</span> 
     </span>
     <span class='ocr_line' id='line_1_22' title="bbox 52 1872 1201 1945; baseline -0.001 -15"><span class='ocrx_word' id='word_1_200' title='bbox 52 1887 139 1930; x_wconf 84' lang='lat' dir='ltr'>eum</span> <span class='ocrx_word' id='word_1_201' title='bbox 159 1872 382 1935; x_wconf 86' lang='lat' dir='ltr'>amoenissimis</span> <span class='ocrx_word' id='word_1_202' title='bbox 396 1874 498 1943; x_wconf 90' lang='lat' dir='ltr'>jubilis</span> <span class='ocrx_word' id='word_1_203' title='bbox 513 1883 544 1928; x_wconf 90' lang='lat' dir='ltr'>et</span> <span class='ocrx_word' id='word_1_204' title='bbox 559 1875 704 1936; x_wconf 90' lang='lat' dir='ltr'>cantibus,</span> <span class='ocrx_word' id='word_1_205' title='bbox 719 1873 821 1930; x_wconf 86' lang='lat' dir='ltr'>mixtis</span> <span class='ocrx_word' id='word_1_206' title='bbox 836 1883 867 1929; x_wconf 90' lang='lat' dir='ltr'>et</span> <span class='ocrx_word' id='word_1_207' title='bbox 881 1875 962 1936; x_wconf 83' lang='lat' dir='ltr'>solis,</span> <span class='ocrx_word' id='word_1_208' title='bbox 976 1891 1029 1945; x_wconf 87' lang='lat' dir='ltr'>per</span> <span class='ocrx_word' id='word_1_209' title='bbox 1044 1874 1201 1929; x_wconf 88' lang='lat' dir='ltr'>intervalla</span> 
     </span>
     <span class='ocr_line' id='line_1_23' title="bbox 54 1951 1199 2024; baseline -0.001 -17"><span class='ocrx_word' id='word_1_210' title='bbox 54 1951 175 2024; x_wconf 82' lang='lat' dir='ltr'>quoad</span> <span class='ocrx_word' id='word_1_211' title='bbox 196 1952 313 2021; x_wconf 86' lang='lat' dir='ltr'>species</span> <span class='ocrx_word' id='word_1_212' title='bbox 328 1951 457 2015; x_wconf 87' lang='lat' dir='ltr'>variatis,</span> <span class='ocrx_word' id='word_1_213' title='bbox 473 1952 554 2007; x_wconf 89' lang='lat' dir='ltr'>cives</span> <span class='ocrx_word' id='word_1_214' title='bbox 572 1951 739 2015; x_wconf 71' lang='lat' dir='ltr'>obledlant3</span> <span class='ocrx_word' id='word_1_215' title='bbox 761 1954 836 2008; x_wconf 88' lang='lat' dir='ltr'>haec</span> <span class='ocrx_word' id='word_1_216' title='bbox 854 1953 894 2007; x_wconf 90' lang='lat' dir='ltr'>ibi</span> <span class='ocrx_word' id='word_1_217' title='bbox 914 1953 1020 2016; x_wconf 84' lang='lat' dir='ltr'>diebus</span> <span class='ocrx_word' id='word_1_218' title='bbox 1039 1954 1096 2008; x_wconf 89' lang='lat' dir='ltr'>illis</span> <span class='ocrx_word' id='word_1_219' title='bbox 1115 1953 1199 2008; x_wconf 86' lang='lat' dir='ltr'>lesti-</span> 
     </span>
     <span class='ocr_line' id='line_1_24' title="bbox 53 2029 1198 2103; baseline 0.003 -17"><span class='ocrx_word' id='word_1_220' title='bbox 53 2031 176 2086; x_wconf 75' lang='lat' dir='ltr'>vitatis</span> <span class='ocrx_word' id='word_1_221' title='bbox 196 2046 215 2084; x_wconf 85' lang='lat' dir='ltr'>a</span> <span class='ocrx_word' id='word_1_222' title='bbox 232 2047 320 2086; x_wconf 92' lang='lat' dir='ltr'>mane</span> <span class='ocrx_word' id='word_1_223' title='bbox 339 2032 377 2086; x_wconf 89' lang='lat' dir='ltr'>ad</span> <span class='ocrx_word' id='word_1_224' title='bbox 397 2031 562 2093; x_wconf 86' lang='lat' dir='ltr'>meridiem,</span> <span class='ocrx_word' id='word_1_225' title='bbox 572 2042 604 2086; x_wconf 92' lang='lat' dir='ltr'>et</span> <span class='ocrx_word' id='word_1_226' title='bbox 619 2042 688 2102; x_wconf 90' lang='lat' dir='ltr'>post</span> <span class='ocrx_word' id='word_1_227' title='bbox 701 2029 779 2086; x_wconf 71' lang='lat' dir='ltr'>hhnc</span> <span class='ocrx_word' id='word_1_228' title='bbox 794 2034 831 2088; x_wconf 90' lang='lat' dir='ltr'>ad</span> <span class='ocrx_word' id='word_1_229' title='bbox 845 2049 1009 2102; x_wconf 88' lang='lat' dir='ltr'>vesperam,</span> <span class='ocrx_word' id='word_1_230' title='bbox 1026 2033 1198 2103; x_wconf 88' lang='lat' dir='ltr'>persistunt.</span> 
     </span>
     <span class='ocr_line' id='line_1_25' title="bbox 58 2109 1200 2181; baseline -0.001 -14"><span class='ocrx_word' id='word_1_231' title='bbox 58 2113 120 2181; x_wconf 79' lang='lat' dir='ltr'>(a.)</span> <span class='ocrx_word' id='word_1_232' title='bbox 145 2109 308 2165; x_wconf 86' lang='lat' dir='ltr'>Praeterea</span> <span class='ocrx_word' id='word_1_233' title='bbox 327 2111 495 2181; x_wconf 89' lang='lat' dir='ltr'>unoquovis</span> <span class='ocrx_word' id='word_1_234' title='bbox 515 2127 602 2167; x_wconf 88' lang='lat' dir='ltr'>mane</span> <span class='ocrx_word' id='word_1_235' title='bbox 621 2128 638 2167; x_wconf 90' lang='lat' dir='ltr'>e</span> <span class='ocrx_word' id='word_1_236' title='bbox 657 2111 797 2167; x_wconf 88' lang='lat' dir='ltr'>domibus</span> <span class='ocrx_word' id='word_1_237' title='bbox 815 2112 927 2166; x_wconf 89' lang='lat' dir='ltr'>circum</span> <span class='ocrx_word' id='word_1_238' title='bbox 950 2111 1015 2167; x_wconf 84' lang='lat' dir='ltr'>lora</span> <span class='ocrx_word' id='word_1_239' title='bbox 1035 2113 1200 2166; x_wconf 90' lang='lat' dir='ltr'>audiuntur</span> 
     </span>
     <span class='ocr_line' id='line_1_26' title="bbox 57 2188 1199 2265; baseline 0.002 -19"><span class='ocrx_word' id='word_1_240' title='bbox 57 2188 244 2265; x_wconf 67' lang='lat' dir='ltr'>stravissimi</span> <span class='ocrx_word' id='word_1_241' title='bbox 259 2199 367 2244; x_wconf 87' lang='lat' dir='ltr'>cantus</span> <span class='ocrx_word' id='word_1_242' title='bbox 376 2189 525 2261; x_wconf 79' lang='lat' dir='ltr'>virginum</span> <span class='ocrx_word' id='word_1_243' title='bbox 536 2202 568 2245; x_wconf 93' lang='lat' dir='ltr'>et</span> <span class='ocrx_word' id='word_1_244' title='bbox 581 2191 756 2260; x_wconf 89' lang='lat' dir='ltr'>puellarum,</span> <span class='ocrx_word' id='word_1_245' title='bbox 767 2207 804 2246; x_wconf 83' lang='lat' dir='ltr'>ex</span> <span class='ocrx_word' id='word_1_246' title='bbox 816 2191 926 2261; x_wconf 91' lang='lat' dir='ltr'>quibus</span> <span class='ocrx_word' id='word_1_247' title='bbox 936 2200 1001 2246; x_wconf 90' lang='lat' dir='ltr'>tota</span> <span class='ocrx_word' id='word_1_248' title='bbox 1014 2192 1084 2246; x_wconf 92' lang='lat' dir='ltr'>urbs</span> <span class='ocrx_word' id='word_1_249' title='bbox 1097 2207 1199 2261; x_wconf 82' lang='lat' dir='ltr'>perso·</span> 
     </span>
     <span class='ocr_line' id='line_1_27' title="bbox 60 2267 1199 2341; baseline 0 -16"><span class='ocrx_word' id='word_1_250' title='bbox 60 2280 144 2332; x_wconf 67' lang='lat' dir='ltr'>nats</span> <span class='ocrx_word' id='word_1_251' title='bbox 162 2279 212 2324; x_wconf 89' lang='lat' dir='ltr'>est</span> <span class='ocrx_word' id='word_1_252' title='bbox 224 2285 285 2324; x_wconf 87' lang='lat' dir='ltr'>una</span> <span class='ocrx_word' id='word_1_253' title='bbox 297 2267 418 2324; x_wconf 76' lang='lat' dir='ltr'>afletlio</span> <span class='ocrx_word' id='word_1_254' title='bbox 436 2269 547 2324; x_wconf 87' lang='lat' dir='ltr'>amoris</span> <span class='ocrx_word' id='word_1_255' title='bbox 560 2270 731 2339; x_wconf 86' lang='lat' dir='ltr'>spiritualis.</span> <span class='ocrx_word' id='word_1_256' title='bbox 741 2287 819 2339; x_wconf 89' lang='lat' dir='ltr'>quae</span> <span class='ocrx_word' id='word_1_257' title='bbox 832 2270 939 2341; x_wconf 92' lang='lat' dir='ltr'>quovis</span> <span class='ocrx_word' id='word_1_258' title='bbox 952 2286 1039 2325; x_wconf 89' lang='lat' dir='ltr'>mane</span> <span class='ocrx_word' id='word_1_259' title='bbox 1051 2280 1199 2334; x_wconf 89' lang='lat' dir='ltr'>cantatur,</span> 
     </span>
     <span class='ocr_line' id='line_1_28' title="bbox 61 2336 1198 2418; baseline -0.002 -14"><span class='ocrx_word' id='word_1_260' title='bbox 61 2347 130 2404; x_wconf 82' lang='lat' dir='ltr'>boc</span> <span class='ocrx_word' id='word_1_261' title='bbox 144 2359 203 2409; x_wconf 81' lang='lat' dir='ltr'>est,</span> <span class='ocrx_word' id='word_1_262' title='bbox 214 2364 269 2418; x_wconf 88' lang='lat' dir='ltr'>per</span> <span class='ocrx_word' id='word_1_263' title='bbox 278 2336 517 2403; x_wconf 76' lang='lat' dir='ltr'>modificationes</span> <span class='ocrx_word' id='word_1_264' title='bbox 526 2349 610 2404; x_wconf 90' lang='lat' dir='ltr'>vocis</span> <span class='ocrx_word' id='word_1_265' title='bbox 622 2365 751 2405; x_wconf 86' lang='lat' dir='ltr'>canorae</span> <span class='ocrx_word' id='word_1_266' title='bbox 764 2366 817 2404; x_wconf 90' lang='lat' dir='ltr'>seu</span> <span class='ocrx_word' id='word_1_267' title='bbox 829 2349 1052 2404; x_wconf 82' lang='lat' dir='ltr'>modulationes</span> <span class='ocrx_word' id='word_1_268' title='bbox 1064 2359 1198 2413; x_wconf 85' lang='lat' dir='ltr'>sonatur,</span> 
     </span>
    </p>
   </div>
   <div class='ocr_carea' id='block_1_3' title="bbox 61 2425 1282 2498">
    <p class='ocr_par' dir='ltr' id='par_1_6' title="bbox 61 2425 1282 2498">
     <span class='ocr_line' id='line_1_29' title="bbox 61 2425 1282 2498; baseline 0 -15"><span class='ocrx_word' id='word_1_269' title='bbox 61 2438 101 2483; x_wconf 78' lang='lat' dir='ltr'>et</span> <span class='ocrx_word' id='word_1_270' title='bbox 115 2425 244 2482; x_wconf 57' lang='lat' dir='ltr'>affectio</span> <span class='ocrx_word' id='word_1_271' title='bbox 263 2428 314 2483; x_wconf 88' lang='lat' dir='ltr'>illa</span> <span class='ocrx_word' id='word_1_272' title='bbox 333 2428 362 2482; x_wconf 91' lang='lat' dir='ltr'>in</span> <span class='ocrx_word' id='word_1_273' title='bbox 382 2439 472 2482; x_wconf 89' lang='lat' dir='ltr'>cantu</span> <span class='ocrx_word' id='word_1_274' title='bbox 492 2428 655 2498; x_wconf 87' lang='lat' dir='ltr'>percipitur</span> <span class='ocrx_word' id='word_1_275' title='bbox 669 2429 747 2484; x_wconf 87' lang='lat' dir='ltr'>sicut</span> <span class='ocrx_word' id='word_1_276' title='bbox 763 2429 828 2498; x_wconf 86' lang='lat' dir='ltr'>ipsa</span> <span class='ocrx_word' id='word_1_277' title='bbox 843 2428 936 2490; x_wconf 85' lang='lat' dir='ltr'>ioret;</span> <span class='ocrx_word' id='word_1_278' title='bbox 955 2428 1054 2482; x_wconf 85' lang='lat' dir='ltr'>influit</span> <span class='ocrx_word' id='word_1_279' title='bbox 1068 2428 1098 2482; x_wconf 92' lang='lat' dir='ltr'>in</span> <span class='ocrx_word' id='word_1_280' title='bbox 1114 2429 1200 2483; x_wconf 90' lang='lat' dir='ltr'>audi·</span> <span class='ocrx_word' id='word_1_281' title='bbox 1280 2444 1282 2448; x_wconf 82' lang='grc'><strong>’</strong></span> 
     </span>
    </p>
   </div>
   <div class='ocr_carea' id='block_1_4' title="bbox 10 2507 1200 4170">
    <p class='ocr_par' dir='ltr' id='par_1_7' title="bbox 10 2507 1200 4170">
     <span class='ocr_line' id='line_1_30' title="bbox 62 2507 1199 2578; baseline 0.001 -15"><span class='ocrx_word' id='word_1_282' title='bbox 62 2507 191 2563; x_wconf 84' lang='lat' dir='ltr'>eutium</span> <span class='ocrx_word' id='word_1_283' title='bbox 218 2507 342 2569; x_wconf 87' lang='lat' dir='ltr'>animas.</span> <span class='ocrx_word' id='word_1_284' title='bbox 362 2517 393 2563; x_wconf 92' lang='lat' dir='ltr'>et</span> <span class='ocrx_word' id='word_1_285' title='bbox 420 2507 532 2562; x_wconf 85' lang='lat' dir='ltr'>excitat</span> <span class='ocrx_word' id='word_1_286' title='bbox 559 2508 626 2562; x_wconf 91' lang='lat' dir='ltr'>illas</span> <span class='ocrx_word' id='word_1_287' title='bbox 652 2509 690 2562; x_wconf 88' lang='lat' dir='ltr'>ad</span> <span class='ocrx_word' id='word_1_288' title='bbox 715 2508 1028 2578; x_wconf 69' lang='lat' dir='ltr'>correspondentiam</span> <span class='ocrx_word' id='word_1_289' title='bbox 1055 2507 1124 2563; x_wconf 90' lang='lat' dir='ltr'>talis</span> <span class='ocrx_word' id='word_1_290' title='bbox 1150 2519 1199 2564; x_wconf 89' lang='lat' dir='ltr'>est</span> 
     </span>
     <span class='ocr_line' id='line_1_31' title="bbox 63 2585 1199 2656; baseline 0.002 -14"><span class='ocrx_word' id='word_1_291' title='bbox 63 2596 181 2642; x_wconf 70' lang='lat' dir='ltr'>cantus</span> <span class='ocrx_word' id='word_1_292' title='bbox 200 2586 346 2641; x_wconf 87' lang='lat' dir='ltr'>caelestis.</span> <span class='ocrx_word' id='word_1_293' title='bbox 384 2585 497 2641; x_wconf 90' lang='lat' dir='ltr'>Dicunt</span> <span class='ocrx_word' id='word_1_294' title='bbox 515 2587 672 2648; x_wconf 87' lang='lat' dir='ltr'>cantrices,</span> <span class='ocrx_word' id='word_1_295' title='bbox 687 2588 769 2656; x_wconf 91' lang='lat' dir='ltr'>quod</span> <span class='ocrx_word' id='word_1_296' title='bbox 788 2604 881 2642; x_wconf 87' lang='lat' dir='ltr'>sonus</span> <span class='ocrx_word' id='word_1_297' title='bbox 899 2598 1006 2643; x_wconf 88' lang='lat' dir='ltr'>cantus</span> <span class='ocrx_word' id='word_1_298' title='bbox 1028 2587 1143 2641; x_wconf 90' lang='lat' dir='ltr'>illarum</span> <span class='ocrx_word' id='word_1_299' title='bbox 1165 2601 1199 2644; x_wconf 84' lang='lat' dir='ltr'>se</span> 
     </span>
     <span class='ocr_line' id='line_1_32' title="bbox 66 2665 1198 2737; baseline -0.002 -16"><span class='ocrx_word' id='word_1_300' title='bbox 66 2666 151 2721; x_wconf 77' lang='lat' dir='ltr'>sicut</span> <span class='ocrx_word' id='word_1_301' title='bbox 171 2665 299 2735; x_wconf 87' lang='lat' dir='ltr'>inspiret</span> <span class='ocrx_word' id='word_1_302' title='bbox 314 2675 345 2721; x_wconf 94' lang='lat' dir='ltr'>et</span> <span class='ocrx_word' id='word_1_303' title='bbox 359 2666 473 2721; x_wconf 89' lang='lat' dir='ltr'>animet</span> <span class='ocrx_word' id='word_1_304' title='bbox 488 2682 525 2721; x_wconf 85' lang='lat' dir='ltr'>ex</span> <span class='ocrx_word' id='word_1_305' title='bbox 542 2666 684 2727; x_wconf 89' lang='lat' dir='ltr'>interiori,</span> <span class='ocrx_word' id='word_1_306' title='bbox 700 2677 731 2721; x_wconf 92' lang='lat' dir='ltr'>et</span> <span class='ocrx_word' id='word_1_307' title='bbox 749 2666 881 2737; x_wconf 88' lang='lat' dir='ltr'>jucunde</span> <span class='ocrx_word' id='word_1_308' title='bbox 897 2668 1017 2729; x_wconf 87' lang='lat' dir='ltr'>exaltet,</span> <span class='ocrx_word' id='word_1_309' title='bbox 1032 2668 1198 2722; x_wconf 87' lang='lat' dir='ltr'>secundum</span> 
     </span>
     <span class='ocr_line' id='line_1_33' title="bbox 67 2743 1200 2814; baseline 0 -13"><span class='ocrx_word' id='word_1_310' title='bbox 67 2743 279 2814; x_wconf 83' lang='lat' dir='ltr'>receptionem</span> <span class='ocrx_word' id='word_1_311' title='bbox 299 2745 336 2798; x_wconf 85' lang='lat' dir='ltr'>ab</span> <span class='ocrx_word' id='word_1_312' title='bbox 355 2744 555 2800; x_wconf 84' lang='lat' dir='ltr'>audientibus.</span> <span class='ocrx_word' id='word_1_313' title='bbox 589 2745 657 2801; x_wconf 91' lang='lat' dir='ltr'>Hoc</span> <span class='ocrx_word' id='word_1_314' title='bbox 673 2745 767 2808; x_wconf 87' lang='lat' dir='ltr'>finito,</span> <span class='ocrx_word' id='word_1_315' title='bbox 783 2746 964 2800; x_wconf 87' lang='lat' dir='ltr'>clauduntur</span> <span class='ocrx_word' id='word_1_316' title='bbox 982 2745 1129 2801; x_wconf 79' lang='lat' dir='ltr'>fenestrae</span> <span class='ocrx_word' id='word_1_317' title='bbox 1144 2747 1200 2802; x_wconf 87' lang='lat' dir='ltr'>do·</span> 
     </span>
     <span class='ocr_line' id='line_1_34' title="bbox 69 2822 1199 2896; baseline 0.003 -18"><span class='ocrx_word' id='word_1_318' title='bbox 69 2839 177 2879; x_wconf 83' lang='lat' dir='ltr'>muurn</span> <span class='ocrx_word' id='word_1_319' title='bbox 192 2822 258 2884; x_wconf 79' lang='lat' dir='ltr'>lori.</span> <span class='ocrx_word' id='word_1_320' title='bbox 272 2833 304 2878; x_wconf 96' lang='lat' dir='ltr'>et</span> <span class='ocrx_word' id='word_1_321' title='bbox 316 2824 405 2879; x_wconf 87' lang='lat' dir='ltr'>simul</span> <span class='ocrx_word' id='word_1_322' title='bbox 421 2826 567 2879; x_wconf 90' lang='lat' dir='ltr'>domuum</span> <span class='ocrx_word' id='word_1_323' title='bbox 584 2825 759 2895; x_wconf 86' lang='lat' dir='ltr'>platearum,</span> <span class='ocrx_word' id='word_1_324' title='bbox 772 2835 803 2880; x_wconf 92' lang='lat' dir='ltr'>et</span> <span class='ocrx_word' id='word_1_325' title='bbox 815 2841 936 2895; x_wconf 88' lang='lat' dir='ltr'>quoque</span> <span class='ocrx_word' id='word_1_326' title='bbox 948 2826 1065 2896; x_wconf 84' lang='lat' dir='ltr'>januae,</span> <span class='ocrx_word' id='word_1_327' title='bbox 1079 2837 1109 2880; x_wconf 91' lang='lat' dir='ltr'>et</span> <span class='ocrx_word' id='word_1_328' title='bbox 1125 2835 1199 2881; x_wconf 89' lang='lat' dir='ltr'>tunc</span> 
     </span>
     <span class='ocr_line' id='line_1_35' title="bbox 69 2903 1199 2975; baseline -0.002 -16"><span class='ocrx_word' id='word_1_329' title='bbox 69 2903 138 2959; x_wconf 77' lang='lat' dir='ltr'>silet</span> <span class='ocrx_word' id='word_1_330' title='bbox 153 2913 224 2958; x_wconf 88' lang='lat' dir='ltr'>tota</span> <span class='ocrx_word' id='word_1_331' title='bbox 239 2903 317 2962; x_wconf 89' lang='lat' dir='ltr'>urbs.</span> <span class='ocrx_word' id='word_1_332' title='bbox 333 2919 389 2958; x_wconf 91' lang='lat' dir='ltr'>nec</span> <span class='ocrx_word' id='word_1_333' title='bbox 403 2903 487 2958; x_wconf 91' lang='lat' dir='ltr'>ullibi</span> <span class='ocrx_word' id='word_1_334' title='bbox 502 2905 625 2958; x_wconf 89' lang='lat' dir='ltr'>auditur</span> <span class='ocrx_word' id='word_1_335' title='bbox 638 2905 761 2965; x_wconf 88' lang='lat' dir='ltr'>clamor.</span> <span class='ocrx_word' id='word_1_336' title='bbox 779 2920 833 2959; x_wconf 88' lang='lat' dir='ltr'>nec</span> <span class='ocrx_word' id='word_1_337' title='bbox 851 2914 996 2974; x_wconf 88' lang='lat' dir='ltr'>apparent</span> <span class='ocrx_word' id='word_1_338' title='bbox 1011 2903 1199 2975; x_wconf 75' lang='lat' dir='ltr'>vagabundi;</span> 
     </span>
     <span class='ocr_line' id='line_1_36' title="bbox 70 2980 1199 3052; baseline 0.001 -15"><span class='ocrx_word' id='word_1_339' title='bbox 70 2997 179 3038; x_wconf 84' lang='lat' dir='ltr'>omnes</span> <span class='ocrx_word' id='word_1_340' title='bbox 192 2992 266 3037; x_wconf 89' lang='lat' dir='ltr'>tunc</span> <span class='ocrx_word' id='word_1_341' title='bbox 275 2980 401 3037; x_wconf 67' lang='lat' dir='ltr'>accincti</span> <span class='ocrx_word' id='word_1_342' title='bbox 414 2983 529 3037; x_wconf 91' lang='lat' dir='ltr'>obeunt</span> <span class='ocrx_word' id='word_1_343' title='bbox 541 2983 643 3037; x_wconf 89' lang='lat' dir='ltr'>munia</span> <span class='ocrx_word' id='word_1_344' title='bbox 656 2999 779 3038; x_wconf 88' lang='lat' dir='ltr'>suorum</span> <span class='ocrx_word' id='word_1_345' title='bbox 790 2983 967 3039; x_wconf 86' lang='lat' dir='ltr'>officiorum.</span> <span class='ocrx_word' id='word_1_346' title='bbox 999 2985 1049 3052; x_wconf 85' lang='lat'>(3.)</span> <span class='ocrx_word' id='word_1_347' title='bbox 1069 2984 1112 3038; x_wconf 88' lang='lat' dir='ltr'>At</span> <span class='ocrx_word' id='word_1_348' title='bbox 1122 2995 1199 3038; x_wconf 90' lang='lat' dir='ltr'>tem·</span> 
     </span>
     <span class='ocr_line' id='line_1_37' title="bbox 75 3061 1198 3133; baseline -0.001 -15"><span class='ocrx_word' id='word_1_349' title='bbox 75 3077 144 3130; x_wconf 81' lang='lat' dir='ltr'>pore</span> <span class='ocrx_word' id='word_1_350' title='bbox 164 3061 303 3116; x_wconf 86' lang='lat' dir='ltr'>meridiei</span> <span class='ocrx_word' id='word_1_351' title='bbox 324 3062 500 3132; x_wconf 88' lang='lat' dir='ltr'>aperiuntur</span> <span class='ocrx_word' id='word_1_352' title='bbox 518 3063 636 3132; x_wconf 84' lang='lat' dir='ltr'>januae,</span> <span class='ocrx_word' id='word_1_353' title='bbox 656 3074 688 3119; x_wconf 92' lang='lat' dir='ltr'>et</span> <span class='ocrx_word' id='word_1_354' title='bbox 709 3072 779 3133; x_wconf 86' lang='lat' dir='ltr'>post</span> <span class='ocrx_word' id='word_1_355' title='bbox 799 3063 955 3118; x_wconf 89' lang='lat' dir='ltr'>meridiem</span> <span class='ocrx_word' id='word_1_356' title='bbox 974 3063 1066 3117; x_wconf 86' lang='lat' dir='ltr'>etiam</span> <span class='ocrx_word' id='word_1_357' title='bbox 1088 3062 1198 3117; x_wconf 90' lang='lat' dir='ltr'>alicubi</span> 
     </span>
     <span class='ocr_line' id='line_1_38' title="bbox 74 3139 1198 3212; baseline -0.002 -15"><span class='ocrx_word' id='word_1_358' title='bbox 74 3139 232 3202; x_wconf 81' lang='lat' dir='ltr'>ienestrae,</span> <span class='ocrx_word' id='word_1_359' title='bbox 254 3151 286 3196; x_wconf 92' lang='lat' dir='ltr'>et</span> <span class='ocrx_word' id='word_1_360' title='bbox 308 3139 483 3211; x_wconf 65' lang='lat' dir='ltr'>speflantur</span> <span class='ocrx_word' id='word_1_361' title='bbox 503 3141 566 3196; x_wconf 90' lang='lat' dir='ltr'>ludi</span> <span class='ocrx_word' id='word_1_362' title='bbox 592 3158 753 3212; x_wconf 86' lang='lat' dir='ltr'>puerorum</span> <span class='ocrx_word' id='word_1_363' title='bbox 778 3152 810 3196; x_wconf 91' lang='lat' dir='ltr'>et</span> <span class='ocrx_word' id='word_1_364' title='bbox 835 3143 999 3212; x_wconf 87' lang='lat' dir='ltr'>puellarum</span> <span class='ocrx_word' id='word_1_365' title='bbox 1025 3142 1055 3197; x_wconf 89' lang='lat' dir='ltr'>in</span> <span class='ocrx_word' id='word_1_366' title='bbox 1082 3142 1198 3212; x_wconf 89' lang='lat' dir='ltr'>plateis,</span> 
     </span>
     <span class='ocr_line' id='line_1_39' title="bbox 77 3221 1198 3292; baseline -0.001 -16"><span class='ocrx_word' id='word_1_367' title='bbox 77 3221 303 3276; x_wconf 86' lang='lat' dir='ltr'>moderantibus</span> <span class='ocrx_word' id='word_1_368' title='bbox 322 3221 389 3277; x_wconf 89' lang='lat' dir='ltr'>illos</span> <span class='ocrx_word' id='word_1_369' title='bbox 401 3221 530 3276; x_wconf 87' lang='lat' dir='ltr'>alumnis</span> <span class='ocrx_word' id='word_1_370' title='bbox 542 3231 575 3276; x_wconf 95' lang='lat' dir='ltr'>et</span> <span class='ocrx_word' id='word_1_371' title='bbox 588 3222 739 3292; x_wconf 82' lang='lat' dir='ltr'>magistris</span> <span class='ocrx_word' id='word_1_372' title='bbox 755 3222 883 3283; x_wconf 86' lang='lat' dir='ltr'>illorum.</span> <span class='ocrx_word' id='word_1_373' title='bbox 897 3221 1072 3276; x_wconf 89' lang='lat' dir='ltr'>sedentibus</span> <span class='ocrx_word' id='word_1_374' title='bbox 1085 3222 1115 3275; x_wconf 93' lang='lat' dir='ltr'>in</span> <span class='ocrx_word' id='word_1_375' title='bbox 1130 3237 1198 3291; x_wconf 90' lang='lat' dir='ltr'>por·</span> 
     </span>
     <span class='ocr_line' id='line_1_40' title="bbox 77 3299 1198 3372; baseline -0.001 -17"><span class='ocrx_word' id='word_1_376' title='bbox 77 3299 183 3357; x_wconf 79' lang='lat' dir='ltr'>tinibus</span> <span class='ocrx_word' id='word_1_377' title='bbox 198 3300 355 3355; x_wconf 86' lang='lat' dir='ltr'>domuum.</span> <span class='ocrx_word' id='word_1_378' title='bbox 393 3301 443 3368; x_wconf 80' lang='lat'>(4.)</span> <span class='ocrx_word' id='word_1_379' title='bbox 463 3301 512 3356; x_wconf 80' lang='lat' dir='ltr'>Ad</span> <span class='ocrx_word' id='word_1_380' title='bbox 532 3301 626 3356; x_wconf 89' lang='lat' dir='ltr'>latera</span> <span class='ocrx_word' id='word_1_381' title='bbox 640 3302 722 3356; x_wconf 89' lang='lat' dir='ltr'>urbis</span> <span class='ocrx_word' id='word_1_382' title='bbox 738 3302 767 3355; x_wconf 91' lang='lat' dir='ltr'>in</span> <span class='ocrx_word' id='word_1_383' title='bbox 783 3303 849 3372; x_wconf 87' lang='lat' dir='ltr'>ejus</span> <span class='ocrx_word' id='word_1_384' title='bbox 867 3301 1018 3363; x_wconf 81' lang='lat' dir='ltr'>extremis,</span> <span class='ocrx_word' id='word_1_385' title='bbox 1034 3311 1104 3355; x_wconf 89' lang='lat' dir='ltr'>sunt</span> <span class='ocrx_word' id='word_1_386' title='bbox 1123 3299 1198 3355; x_wconf 87' lang='lat' dir='ltr'>varii</span> 
     </span>
     <span class='ocr_line' id='line_1_41' title="bbox 78 3379 1197 3452; baseline 0 -19"><span class='ocrx_word' id='word_1_387' title='bbox 78 3379 135 3437; x_wconf 91' lang='lat' dir='ltr'>ludi</span> <span class='ocrx_word' id='word_1_388' title='bbox 154 3396 317 3452; x_wconf 85' lang='lat' dir='ltr'>puerorum</span> <span class='ocrx_word' id='word_1_389' title='bbox 334 3390 365 3435; x_wconf 91' lang='lat' dir='ltr'>et</span> <span class='ocrx_word' id='word_1_390' title='bbox 379 3381 622 3436; x_wconf 83' lang='lat' dir='ltr'>adolescentum:</span> <span class='ocrx_word' id='word_1_391' title='bbox 640 3393 711 3436; x_wconf 91' lang='lat' dir='ltr'>sunt</span> <span class='ocrx_word' id='word_1_392' title='bbox 730 3383 793 3436; x_wconf 92' lang='lat' dir='ltr'>ludi</span> <span class='ocrx_word' id='word_1_393' title='bbox 813 3381 947 3443; x_wconf 89' lang='lat' dir='ltr'>cursorii,</span> <span class='ocrx_word' id='word_1_394' title='bbox 963 3391 1035 3436; x_wconf 88' lang='lat' dir='ltr'>sunt</span> <span class='ocrx_word' id='word_1_395' title='bbox 1049 3381 1112 3435; x_wconf 92' lang='lat' dir='ltr'>ludi</span> <span class='ocrx_word' id='word_1_396' title='bbox 1127 3395 1197 3435; x_wconf 87' lang='lat' dir='ltr'>curn</span> 
     </span>
     <span class='ocr_line' id='line_1_42' title="bbox 79 3459 1198 3531; baseline -0.001 -14"><span class='ocrx_word' id='word_1_397' title='bbox 79 3460 157 3529; x_wconf 82' lang='lat' dir='ltr'>pilis:</span> <span class='ocrx_word' id='word_1_398' title='bbox 182 3470 255 3515; x_wconf 86' lang='lat' dir='ltr'>sunt</span> <span class='ocrx_word' id='word_1_399' title='bbox 270 3459 334 3514; x_wconf 92' lang='lat' dir='ltr'>ludi</span> <span class='ocrx_word' id='word_1_400' title='bbox 348 3476 417 3514; x_wconf 90' lang='lat' dir='ltr'>cum</span> <span class='ocrx_word' id='word_1_401' title='bbox 434 3461 624 3531; x_wconf 88' lang='lat' dir='ltr'>pilaminibus</span> <span class='ocrx_word' id='word_1_402' title='bbox 641 3462 829 3530; x_wconf 89' lang='lat' dir='ltr'>repercussis,</span> <span class='ocrx_word' id='word_1_403' title='bbox 844 3462 963 3515; x_wconf 90' lang='lat' dir='ltr'>rachets</span> <span class='ocrx_word' id='word_1_404' title='bbox 975 3460 1107 3521; x_wconf 84' lang='lat' dir='ltr'>vocatis:</span> <span class='ocrx_word' id='word_1_405' title='bbox 1126 3469 1198 3516; x_wconf 91' lang='lat' dir='ltr'>sunt</span> 
     </span>
     <span class='ocr_line' id='line_1_43' title="bbox 79 3539 1199 3611; baseline -0.002 -17"><span class='ocrx_word' id='word_1_406' title='bbox 79 3540 239 3595; x_wconf 75' lang='lat' dir='ltr'>certamina</span> <span class='ocrx_word' id='word_1_407' title='bbox 258 3539 436 3611; x_wconf 87' lang='lat' dir='ltr'>palaestrica</span> <span class='ocrx_word' id='word_1_408' title='bbox 453 3539 532 3594; x_wconf 88' lang='lat' dir='ltr'>inter</span> <span class='ocrx_word' id='word_1_409' title='bbox 551 3556 668 3609; x_wconf 88' lang='lat' dir='ltr'>pueros,</span> <span class='ocrx_word' id='word_1_410' title='bbox 687 3541 755 3610; x_wconf 87' lang='lat' dir='ltr'>quis</span> <span class='ocrx_word' id='word_1_411' title='bbox 774 3541 931 3611; x_wconf 83' lang='lat' dir='ltr'>impigrior</span> <span class='ocrx_word' id='word_1_412' title='bbox 948 3550 980 3595; x_wconf 91' lang='lat' dir='ltr'>et</span> <span class='ocrx_word' id='word_1_413' title='bbox 997 3541 1065 3610; x_wconf 89' lang='lat' dir='ltr'>quis</span> <span class='ocrx_word' id='word_1_414' title='bbox 1085 3539 1199 3610; x_wconf 83' lang='lat' dir='ltr'>pigrior</span> 
     </span>
     <span class='ocr_line' id='line_1_44' title="bbox 80 3617 1198 3691; baseline -0.003 -17"><span class='ocrx_word' id='word_1_415' title='bbox 80 3618 235 3690; x_wconf 86' lang='lat' dir='ltr'>loquendo.</span> <span class='ocrx_word' id='word_1_416' title='bbox 248 3620 368 3690; x_wconf 82' lang='lat' dir='ltr'>agendo</span> <span class='ocrx_word' id='word_1_417' title='bbox 381 3628 413 3674; x_wconf 91' lang='lat' dir='ltr'>et</span> <span class='ocrx_word' id='word_1_418' title='bbox 429 3619 637 3689; x_wconf 88' lang='lat' dir='ltr'>percipiendo;</span> <span class='ocrx_word' id='word_1_419' title='bbox 655 3630 687 3674; x_wconf 91' lang='lat' dir='ltr'>et</span> <span class='ocrx_word' id='word_1_420' title='bbox 703 3635 757 3690; x_wconf 92' lang='lat' dir='ltr'>pro</span> <span class='ocrx_word' id='word_1_421' title='bbox 773 3619 994 3691; x_wconf 86' lang='lat' dir='ltr'>impigrioribus</span> <span class='ocrx_word' id='word_1_422' title='bbox 1009 3620 1109 3689; x_wconf 91' lang='lat' dir='ltr'>aliqua</span> <span class='ocrx_word' id='word_1_423' title='bbox 1125 3617 1198 3672; x_wconf 84' lang='lat' dir='ltr'>lolia</span> 
     </span>
     <span class='ocr_line' id='line_1_45' title="bbox 80 3696 1197 3768; baseline -0.004 -14"><span class='ocrx_word' id='word_1_424' title='bbox 80 3696 173 3754; x_wconf 72' lang='lat' dir='ltr'>hunus</span> <span class='ocrx_word' id='word_1_425' title='bbox 183 3698 213 3753; x_wconf 92' lang='lat' dir='ltr'>in</span> <span class='ocrx_word' id='word_1_426' title='bbox 228 3697 411 3768; x_wconf 78' lang='lat' dir='ltr'>praemium:</span> <span class='ocrx_word' id='word_1_427' title='bbox 430 3709 548 3767; x_wconf 90' lang='lat' dir='ltr'>praeter</span> <span class='ocrx_word' id='word_1_428' title='bbox 558 3699 643 3768; x_wconf 89' lang='lat' dir='ltr'>plura</span> <span class='ocrx_word' id='word_1_429' title='bbox 652 3698 718 3759; x_wconf 86' lang='lat' dir='ltr'>alia,</span> <span class='ocrx_word' id='word_1_430' title='bbox 728 3715 804 3768; x_wconf 91' lang='lat' dir='ltr'>quae</span> <span class='ocrx_word' id='word_1_431' title='bbox 817 3710 888 3753; x_wconf 86' lang='lat' dir='ltr'>sunt</span> <span class='ocrx_word' id='word_1_432' title='bbox 901 3699 1078 3754; x_wconf 80' lang='lat' dir='ltr'>excitatoria</span> <span class='ocrx_word' id='word_1_433' title='bbox 1091 3698 1197 3751; x_wconf 87' lang='lat' dir='ltr'>habill-</span> 
     </span>
     <span class='ocr_line' id='line_1_46' title="bbox 79 3776 1199 3850; baseline 0 -17"><span class='ocrx_word' id='word_1_434' title='bbox 79 3788 167 3834; x_wconf 87' lang='lat' dir='ltr'>tatum</span> <span class='ocrx_word' id='word_1_435' title='bbox 178 3778 209 3833; x_wconf 95' lang='lat' dir='ltr'>in</span> <span class='ocrx_word' id='word_1_436' title='bbox 220 3778 321 3850; x_wconf 89' lang='lat' dir='ltr'>pueris</span> <span class='ocrx_word' id='word_1_437' title='bbox 331 3777 497 3832; x_wconf 87' lang='lat' dir='ltr'>latentium.</span> <span class='ocrx_word' id='word_1_438' title='bbox 537 3777 587 3846; x_wconf 80' lang='grc' dir='ltr'><strong>(ς.)</strong></span> <span class='ocrx_word' id='word_1_439' title='bbox 608 3777 734 3847; x_wconf 90' lang='lat' dir='ltr'>Insuper</span> <span class='ocrx_word' id='word_1_440' title='bbox 743 3789 826 3832; x_wconf 85' lang='lat' dir='ltr'>extra</span> <span class='ocrx_word' id='word_1_441' title='bbox 834 3779 938 3833; x_wconf 89' lang='lat' dir='ltr'>urbem</span> <span class='ocrx_word' id='word_1_442' title='bbox 948 3786 1019 3832; x_wconf 92' lang='lat' dir='ltr'>sunt</span> <span class='ocrx_word' id='word_1_443' title='bbox 1027 3776 1199 3847; x_wconf 77' lang='lat' dir='ltr'>spetlacula</span> 
     </span>
     <span class='ocr_line' id='line_1_47' title="bbox 10 3856 1198 3927; baseline -0.001 -12"><span class='ocrx_word' id='word_1_444' title='bbox 10 3910 14 3918; x_wconf 83' lang='lat'><strong>.</strong></span> <span class='ocrx_word' id='word_1_445' title='bbox 80 3860 289 3915; x_wconf 72' lang='lat' dir='ltr'>comoedorum</span> <span class='ocrx_word' id='word_1_446' title='bbox 308 3872 400 3926; x_wconf 86' lang='lat' dir='ltr'>super</span> <span class='ocrx_word' id='word_1_447' title='bbox 414 3856 547 3919; x_wconf 86' lang='lat' dir='ltr'>theatris.</span> <span class='ocrx_word' id='word_1_448' title='bbox 564 3858 852 3927; x_wconf 89' lang='lat' dir='ltr'>repraesentantium</span> <span class='ocrx_word' id='word_1_449' title='bbox 868 3858 965 3912; x_wconf 90' lang='lat' dir='ltr'>varias</span> <span class='ocrx_word' id='word_1_450' title='bbox 980 3857 1059 3911; x_wconf 87' lang='lat' dir='ltr'>vitae</span> <span class='ocrx_word' id='word_1_451' title='bbox 1075 3856 1198 3914; x_wconf 81' lang='lat' dir='ltr'>moralis</span> 
     </span>
     <span class='ocr_line' id='line_1_48' title="bbox 80 3934 1197 4007; baseline 0.003 -18"><span class='ocrx_word' id='word_1_452' title='bbox 80 3934 247 3993; x_wconf 86' lang='lat' dir='ltr'>honestates</span> <span class='ocrx_word' id='word_1_453' title='bbox 259 3947 293 3993; x_wconf 91' lang='lat' dir='ltr'>et</span> <span class='ocrx_word' id='word_1_454' title='bbox 305 3936 443 3998; x_wconf 83' lang='lat' dir='ltr'>virtutes,</span> <span class='ocrx_word' id='word_1_455' title='bbox 458 3935 537 3990; x_wconf 90' lang='lat' dir='ltr'>inter</span> <span class='ocrx_word' id='word_1_456' title='bbox 548 3952 627 4007; x_wconf 85' lang='lat' dir='ltr'>quos</span> <span class='ocrx_word' id='word_1_457' title='bbox 641 3936 732 3992; x_wconf 87' lang='lat' dir='ltr'>etiam</span> <span class='ocrx_word' id='word_1_458' title='bbox 747 3948 819 3992; x_wconf 88' lang='lat' dir='ltr'>sunt</span> <span class='ocrx_word' id='word_1_459' title='bbox 835 3937 997 3992; x_wconf 88' lang='lat' dir='ltr'>histriones</span> <span class='ocrx_word' id='word_1_460' title='bbox 1012 3946 1136 4007; x_wconf 87' lang='lat' dir='ltr'>propter</span> <span class='ocrx_word' id='word_1_461' title='bbox 1150 3950 1197 3992; x_wconf 86' lang='lat' dir='ltr'>re·</span> 
     </span>
     <span class='ocr_line' id='line_1_49' title="bbox 80 4014 866 4074; baseline 0.003 -3"><span class='ocrx_word' id='word_1_462' title='bbox 80 4014 225 4074; x_wconf 79' lang='lat' dir='ltr'>lationes.&#39;&#39;</span> <span class='ocrx_word' id='word_1_463' title='bbox 861 4044 866 4054; x_wconf 92' lang='lat'><em>·</em></span> 
     </span>
     <span class='ocr_line' id='line_1_50' title="bbox 127 4093 1063 4170; baseline 0 -19"><span class='ocrx_word' id='word_1_464' title='bbox 127 4097 163 4152; x_wconf 87' lang='lat' dir='ltr'>Et</span> <span class='ocrx_word' id='word_1_465' title='bbox 175 4096 328 4170; x_wconf 90' lang='lat' dir='ltr'>quaesivit</span> <span class='ocrx_word' id='word_1_466' title='bbox 342 4111 419 4150; x_wconf 90' lang='lat' dir='ltr'>unus</span> <span class='ocrx_word' id='word_1_467' title='bbox 432 4111 469 4150; x_wconf 80' lang='lat' dir='ltr'>ex</span> <span class='ocrx_word' id='word_1_468' title='bbox 482 4094 595 4158; x_wconf 91' lang='lat' dir='ltr'>decem,</span> <span class='ocrx_word' id='word_1_469' title='bbox 608 4093 714 4166; x_wconf 81' lang='lat' dir='ltr'>“Quid</span> <span class='ocrx_word' id='word_1_470' title='bbox 728 4105 851 4166; x_wconf 86' lang='lat' dir='ltr'>propter</span> <span class='ocrx_word' id='word_1_471' title='bbox 864 4095 1026 4150; x_wconf 86' lang='lat' dir='ltr'>relationes</span> <span class='ocrx_word' id='word_1_472' title='bbox 1032 4094 1063 4151; x_wconf 85' lang='lat'>?”</span> 
     </span>
    </p>
   </div>
   <div class='ocr_carea' id='block_1_5' title="bbox 0 0 1396 5026">
    <p class='ocr_par' dir='ltr' id='par_1_8' title="bbox 0 0 1396 5026">
     <span class='ocr_line' id='line_1_51' title="bbox 0 0 1396 5026; baseline 0 0"><span class='ocrx_word' id='word_1_473' title='bbox 0 0 1396 5026; x_wconf 95' lang='lat' dir='ltr'> </span> 
     </span>
    </p>
   </div>
  </div>
 </body>
</html>
