2782 5026
489 459 671 512 DELICIAE
694 459 922 512 SAPIENTIAE
1011 508 1014 515 ,

306 625 359 700 (ν.)
385 627 473 701 Quod
480 644 518 683 ex
528 629 662 700 conjugio
675 629 782 683 boniet
792 631 864 692 veri,
874 627 1092 699 quodprcceds‘l
1103 646 1124 682 a
1137 629 1260 684 murino

455 706 483 753 el
501 701 612 769 influat,
627 700 710 754 homo
723 703 849 770 reccps'ol
862 717 973 762 verum,
988 705 1017 754 el
1033 701 1182 754 Dominus
1195 701 1261 753 huic

453 772 615 842 conjungat
626 771 749 834 bonum:
765 777 793 824 ct
806 771 885 841 quod
895 773 938 825 ss'c
951 770 1067 825 ecclessic
1073 771 1230 843 formetur
1243 788 1260 824 a

454 842 580 896 Domino
591 841 675 911 apud
684 843 836 897 homoinem.

296 910 360 982 (vi.)
387 912 472 983 Quod
477 915 605 966 maritus
612 929 668 966 non
677 917 869 982 repraesentet
875 913 1033 967 Dominum
1044 918 1073 967 el
1081 929 1160 967 uxor
1168 912 1261 967 Eccle-

453 986 536 1107 st'apc.
553 986 624 1053 qula
639 983 720 1037 ambo
736 983 832 1045 scinul,
851 986 980 1037 maritus
997 989 1025 1037 el
1043 1000 1129 1046 uxor,
1136 985 1262 1057 sacs‘unl

455 1070 500 1108 ecc
511 1071 609 1109 esrom.

287 1124 361 1196 (vii.)
389 1125 475 1196 Quod
484 1125 547 1179 sileo
559 1140 615 1179 non
627 1126 926 1195 ss'lcorrespondcntr'a
939 1127 1048 1179 mariti
1059 1143 1127 1180 cum
1137 1127 1262 1181 Domc'm

453 1201 482 1250 ct
496 1199 600 1250 uxoris
610 1212 676 1250 cum
688 1195 816 1250 Ecclesia
835 1199 868 1249 in
882 1199 1028 1268 confugitis
1041 1198 1213 1269 acgelorum
1228 1200 1259 1250 in

451 1267 539 1321 caelis
550 1273 579 1321 el
590 1267 739 1321 lominum
752 1269 784 1320 in
796 1271 887 1321 lem's
894 1287 907 1330 ,·

268 1338 353 1408 (viii.)
380 1338 440 1394 Sed
459 1337 536 1407 quod
556 1339 598 1392 sit
620 1338 869 1407 correspondentes
892 1356 957 1392 cum
974 1356 1073 1392 amore
1087 1338 1261 1410 conjugials’,

450 1412 644 1469 seminatione,
650 1409 872 1478 prolficalr'one,
881 1426 979 1463 amore
988 1411 1150 1480 cirsanlum,
1160 1417 1190 1464 el
1198 1427 1262 1463 cum

452 1480 597 1534 similibus
605 1496 679 1549 quae
693 1483 725 1533 r'n
737 1482 883 1550 conjugiis
895 1487 923 1534 ct
934 1498 971 1534 cc
983 1481 1045 1534 illis
1056 1487 1135 1535 sunt.

295 1550 357 1620 (ix.)
386 1551 472 1622 Quod
489 1550 611 1604 Verbum
623 1555 665 1604 sil
678 1549 805 1605 medium
816 1552 1031 1620 conjunlls'oms,
1045 1555 1118 1620 quia
1132 1551 1214 1605 illud
1222 1557 1262 1606 est

452 1641 471 1676 a
485 1622 619 1684 Domino,
632 1629 660 1676 et
671 1625 713 1675 sic
726 1623 878 1675 Dominus.

305 1693 358 1762 (x.)
385 1693 471 1764 Quod
478 1693 593 1747 ecclesus
605 1696 646 1747 sil
665 1710 685 1745 a
707 1693 841 1752 Domino,
854 1698 884 1746 et
904 1691 987 1762 apud
1004 1692 1069 1746 illos
1086 1693 1262 1762 qm'adeunl

451 1765 560 1834 Ipsum,
573 1770 602 1818 et
612 1766 720 1818 vincunt
732 1763 886 1818 secundum
895 1767 1053 1833 praecepta
1066 1764 1178 1833 Ipsius.

287 1833 350 1904 (xi.)
378 1835 463 1905 Quod
474 1852 558 1889 amor
568 1835 748 1906 conjugciclris
764 1836 806 1887 sit
822 1834 974 1887 secundum
989 1840 1099 1888 statum
1119 1835 1260 1896 ecclescice,

450 1909 520 1974 qula
539 1913 581 1960 est
596 1906 749 1960 secundum
761 1911 870 1959 statum
882 1908 1052 1975 sapt‘enlsise,
1066 1906 1151 1976 apud
1166 1906 1260 1960 homi·

453 1993 527 2031 nnn.

275 2045 350 2116 (xli.)
374 2047 418 2102 El
431 2050 503 2117 quia
513 2047 627 2101 ecclesia
639 2053 681 2101 est
692 2063 711 2100 a
724 2048 860 2107 Domino,
871 2046 1049 2119 quodetiam
1061 2063 1149 2102 amor
1158 2049 1260 2120 conju·

446 2119 544 2190 gialr's
555 2121 596 2172 sil
607 2118 644 2172 ab
654 2118 729 2189 Ipso.

131 2262 292 2349 Sequitur
310 2285 399 2329 nunc
418 2265 540 2329 horum
560 2264 758 2348 explicatio.

194 2374 283 2443 117·
308 2359 362 2444 (i)
389 2359 487 2439 Quod
508 2360 670 2424 Dominus
697 2360 732 2423 in
766 2358 870 2424 Verbo
891 2358 1025 2423 deitatur
1053 2359 1209 2441 Sponsus
1227 2371 1259 2424 et

130 2455 293 2530 Maritus,
313 2466 346 2520 et
371 2456 462 2538 quod
483 2454 633 2519 Ecclesia
658 2454 792 2536 Sponsa
817 2464 850 2518 ct
880 2454 984 2529 Uxor,
1004 2464 1036 2517 el
1064 2456 1158 2536 quod
1182 2477 1256 2518 con·

119 2550 252 2626 junlls'o
280 2551 420 2614 Domini
445 2570 518 2613 cum
546 2549 706 2624 Ecclesia,
732 2560 764 2613 et
795 2549 963 2630 reciproca
992 2549 1160 2613 Ecclesiae
1185 2571 1257 2614 cum

129 2645 271 2709 Domino
285 2645 418 2710 dicatur
429 2644 774 2731 conjugium-Quod
791 2644 958 2708 Dominus
977 2645 1011 2707 in
1025 2643 1146 2708 Verbo
1162 2646 1256 2709 dica·

129 2749 186 2804 tur
204 2738 357 2822 Sponsus
376 2751 411 2804 et
431 2740 586 2812 Maritus,
602 2748 640 2804 et
658 2739 817 2803 Ecclesia
833 2737 968 2821 Sponsa
986 2748 1022 2803 et
1039 2738 1154 2815 Uxor,
1172 2760 1256 2804 con·

129 2845 222 2899 stare
237 2844 356 2918 potest
375 2856 421 2899 ex
440 2835 493 2900 his
512 2835 662 2899 locis:-

179 2967 252 3032 “Qui
264 2967 345 3016 habet
358 2966 492 3030 Sponsam
505 2966 626 3029 Sponsus
639 2975 696 3022 est:
714 2966 816 3016 amicus
828 2974 917 3015 sutem
931 2965 1029 3026 Sponsi
1042 2966 1148 3029 estqui
1160 2975 1256 3017 statet

259 3033 335 3082 audit
348 3032 448 3095 Ipsum,
460 3034 560 3095 gaudio
572 3033 671 3095 gaudet
685 3034 721 3081 ob
733 3047 827 3082 vocem
841 3031 962 3094 Sponsi”
975 3030 1051 3096 (Jols.
1063 3032 1100 3082 iii.
1114 3034 1174 3095 apl:

128 3163 214 3229 haec
233 3164 408 3247 Johannes
427 3164 588 3248 Baptista
607 3165 696 3228 dixit
714 3164 757 3228 de
777 3165 938 3228 Domino.

136 3326 139 3333 ,
177 3298 257 3364 Jesus
272 3300 347 3359 dixit,
360 3299 517 3363 “Quamdiu
532 3314 591 3350 cum
607 3300 662 3349 illis
675 3309 718 3349 est
732 3300 864 3362 Sponsus,
877 3314 932 3348 non
950 3308 1067 3362 possunt
1083 3299 1132 3349 filli
1147 3301 1256 3364 nuptis-

260 3381 318 3415 rum
335 3366 473 3429 jejunam
502 3368 612 3415 venient
630 3366 687 3415 dies
705 3366 814 3429 quando
836 3367 871 3414 ab
894 3366 947 3414 illis
964 3365 1102 3415 suferetur
1119 3365 1254 3428 Sponsus,

260 3442 323 3480 tunc
335 3430 637 3493 jejunabunt”(Mallh.
650 3432 744 3491 ix.15;
761 3431 846 3480 Marc.
859 3431 885 3480 ii.
900 3443 937 3494 19,
951 3443 997 3487 20:
1015 3431 1079 3482 Luc.
1091 3446 1116 3480 v.
1132 3443 1172 3491 34.
1187 3433 1238 3492 35).

177 3495 262 3547 “Vidi
280 3499 372 3547 urbem
389 3495 510 3546 sandtam
528 3496 749 3560 Hierosolymam
765 3496 883 3546 Novam.
894 3533 900 3546 .
910 3533 917 3547 .
927 3506 1062 3560 paratam
1076 3497 1147 3546 sicut
1165 3497 1257 3561 Spon-

132 3558 135 3565 '
259 3577 317 3613 sam
329 3573 456 3630 ornatam
467 3562 567 3612 Marito
579 3578 629 3612 suo
638 3561 653 3582 ''
665 3563 750 3627 (Apoc.
763 3563 817 3612 xxi.
831 3563 873 3624 sl:

127 3700 218 3783 quod
255 3721 314 3783 per
352 3700 517 3765 “Novam
552 3699 831 3782 Hierosolymam
842 3700 858 3726 ”
895 3699 1112 3782 intelligatur
1149 3700 1253 3765 Nova

127 3795 286 3972 {803lesia
305 3796 454 3872 Domini,
473 3797 630 3861 videatur
649 3797 682 3860 in
701 3794 911 3878 Apocalypsi
921 3795 1086 3860 Revelato
1106 3794 1154 3880 (n.
1176 3798 1251 3873 880,

175 3905 186 3951 1
210 3937 217 3952 .

176 4012 300 4075 Angelus
317 4011 385 4063 dixit
402 4013 437 4062 sd
455 4011 617 4077 Johannem,
633 4013 735 4072 “Venl,
748 4022 775 4064 et
792 4013 934 4063 ostendam
953 4013 1001 4061 tibi
1020 4012 1156 4075 Sponsum
1177 4013 1251 4076 Apol

190 4128 192 4132 ,
260 4077 413 4155 Uxorem?
427 4088 455 4128 et
472 4080 591 4130 ostendit
608 4080 647 4129 illi
662 4078 764 4129 Urbem
779 4077 907 4129 Sandlum
924 4078 1146 4142 Hierosolymam
1161 4077 1250 4144 (Apoc.

177 4145 558 4272 “venliiisipiffhupsamm
571 4211 651 4273 Agnl.
664 4219 691 4260 et
704 4209 781 4260 Uxor
794 4209 882 4273 Ipsius
893 4210 998 4273 paravit
1007 4224 1037 4260 se
1046 4225 1065 4260 ε.
1076 4247 1082 4260 .
1092 4247 1098 4260 .
1109 4210 1195 4260 ‚besti
1205 4209 1250 4275 qul

258 4275 293 4324 ad
305 4290 400 4325 cenam
415 4276 568 4339 nuptiarum
582 4277 654 4340 Agni
666 4277 754 4325 vocati
767 4276 851 4326 sunt”
864 4275 950 4341 (Apoc.
961 4277 1015 4326 xix.
1028 4287 1051 4337 7,
1065 4275 1099 4338 9).

128 4413 191 4480 Per
210 4413 413 4499 “Sponsum
423 4416 438 4444 ”
457 4418 491 4482 in
510 4416 602 4500 cujus
622 4438 800 4483 occursum
819 4428 987 4483 venerunt
1007 4419 1156 4503 quinque
1179 4420 1246 4484 vir·
