2782 5026
352 451 403 503 oa
426 450 561 504 anona
582 451 904 520 contuemur-u.
927 458 996 526 ¹50·
1172 461 1230 528 ¹23

104 621 219 698 vitam,
250 632 290 686 et
314 621 413 703 hujus
439 624 617 706 potentiae
641 624 792 690 delicias.
847 626 944 691 Talis
974 638 1027 692 est
1057 628 1232 694 abdicatio

104 719 370 794 scortationum,
395 738 579 801 perquam
603 721 748 783 castitas
770 720 919 802 conjugii
943 724 1074 787 existit.
1130 723 1232 789 Credi

102 822 234 891 potest,
264 812 359 895 quod
389 813 581 895 conjugiale
611 825 795 879 externum
822 836 1015 891 remanens,
1048 828 1230 900 postquam

100 905 279 971 internum
303 928 341 971 se
364 907 408 972 ab
430 908 501 982 illo,
526 930 586 972 seu
609 909 693 973 illud
721 931 742 973 a
764 931 812 985 se,
837 913 1021 994 separavit,
1046 913 1155 976 simile
1185 915 1231 978 sit

96 1020 178 1066 cum
203 1012 357 1067 externo
379 1022 448 1066 non
472 1014 657 1085 separato;
681 1005 743 1069 sed
766 1007 878 1068 audivi
902 1006 947 1068 ab
968 1007 1114 1088 angelis,
1138 1008 1231 1090 quod

92 1097 205 1177 plane
226 1098 406 1162 dissimilia
424 1099 514 1176 sint;
539 1109 576 1162 ut
595 1101 687 1182 quod
710 1110 894 1163 externum
910 1101 955 1164 ab
973 1102 1118 1175 interno,
1138 1102 1230 1185 quod

88 1203 317 1256 vocaverunt
330 1203 513 1258 externum
530 1193 666 1268 interni,
680 1206 773 1258 esset
789 1216 914 1278 expers
928 1197 1039 1259 omnis
1057 1196 1229 1273 lasciviae,

84 1289 180 1371 quia
199 1289 375 1353 internum
395 1308 463 1351 non
484 1299 602 1370 potest
625 1289 793 1362 lascivire,
813 1291 874 1354 sed
898 1291 1009 1354 solum
1028 1302 1124 1355 caste
1143 1292 1230 1355 deli·

78 1384 195 1458 ciari,
217 1395 255 1447 et
278 1383 370 1465 quod
392 1382 503 1447 simile
526 1383 650 1448 inierat
672 1394 821 1448 externo
844 1405 916 1459 suo,
940 1386 974 1448 in
998 1406 1066 1468 quo
1090 1386 1231 1449 delicias

76 1496 180 1542 suas
194 1480 324 1542 sentit:
345 1498 482 1560 prorsus
494 1471 596 1542 aliter
608 1489 792 1543 externum
806 1490 1001 1560 separatum
1016 1480 1059 1543 ab
1072 1481 1208 1543 interno
1220 1502 1229 1558 ;

69 1570 164 1637 hoc
196 1573 362 1637 dicebant
390 1592 466 1636 esse
496 1572 715 1638 lasciviosum
744 1575 779 1637 in
807 1577 980 1638 communi
1011 1585 1046 1638 et
1077 1575 1109 1638 in
1135 1575 1229 1639 omni

68 1678 211 1750 parte.
259 1667 556 1750 Comparaverunt
583 1666 777 1749 conjugiale
808 1678 991 1732 externum
1019 1671 1064 1732 ab
1092 1670 1229 1732 interno

65 1762 224 1828 fructui
244 1762 362 1838 nobili,
382 1761 475 1843 cujus
493 1781 659 1826 amoenus
678 1783 780 1845 sapor
795 1773 832 1827 et
850 1765 935 1827 odor
950 1765 1125 1827 insinuant
1141 1785 1178 1827 se
1194 1764 1228 1827 in

64 1857 318 1943 superficiem
345 1858 446 1933 illius,
470 1867 507 1921 et
537 1858 626 1921 hanc
650 1858 800 1921 formant
828 1859 861 1922 in
886 1860 1228 1939 correspondentiam

62 1974 232 2020 secum.
288 1952 583 2034 Comparavcrunt
614 1954 720 2017 etiarn
750 1953 943 2035 coniugiale
972 1965 1153 2017 externum
1182 1955 1228 2017 ab

63 2049 338 2114 internorum
362 2048 495 2122 horreo,
515 2046 611 2129 cujus
634 2068 723 2131 penu
747 2068 914 2131 nusquam
937 2049 1145 2124 diminuitur,
1166 2051 1227 2113 sed

65 2153 308 2209 constanter
326 2144 361 2206 id
380 2143 471 2225 quod
491 2144 695 2218 exsumitur,
716 2164 734 2205 e
753 2164 844 2206 novo
863 2142 1030 2221 reficitur;
1055 2154 1091 2207 at
1107 2155 1227 2208 exter·

66 2250 181 2304 num
202 2228 401 2320 separatum
420 2238 464 2301 ab
486 2239 623 2301 interno
646 2247 932 2321 comparaverunt
954 2258 1030 2300 cum
1055 2239 1170 2302 tritico
1192 2240 1227 2303 in

68 2333 310 2408 ventilabro,
330 2333 423 2416 quod
441 2334 468 2396 si
488 2332 661 2415 projicitur
676 2333 802 2396 circum
822 2333 923 2406 circa,
941 2342 1096 2395 remanet
1114 2332 1226 2397 solum

71 2431 213 2514 palea,
239 2448 327 2512 quae
351 2449 371 2492 a
394 2439 501 2491 vento
524 2429 612 2491 aeris
634 2429 841 2510 dissipatur:
873 2428 923 2492 ita
945 2427 983 2491 fit
1007 2448 1085 2491 cum
1108 2448 1226 2494 amore

77 2523 298 2607 conjugiali,
320 2525 384 2587 nisi
404 2523 646 2586 scortatorium
666 2522 855 2587 abdicetur.

160 2634 266 2703 149.
296 2617 399 2700 Quod
423 2619 567 2681 castitas
590 2617 738 2698 conjugii
762 2637 831 2681 non
852 2618 984 2681 existat
1008 2637 1068 2699 per
1086 2618 1225 2682 abdica·

87 2718 234 2780 tionem
253 2713 512 2786 scortationum,
533 2713 597 2775 nisi
620 2712 704 2775 haec
730 2711 788 2776 fiat
811 2733 857 2775 ex
877 2713 1053 2793 religione,
1073 2723 1126 2777 est
1146 2714 1227 2796 quia

88 2811 207 2875 horno
223 2809 353 2891 absque
369 2807 535 2889 religione
551 2825 621 2869 non
640 2806 678 2870 fit
697 2807 893 2888 spiritualis,
910 2807 970 2869 sed
991 2817 1108 2870 manet
1125 2817 1225 2870 natu·

96 2906 192 2979 ralis,
224 2914 260 2967 et
290 2905 318 2967 si
348 2901 514 2965 naturalis
544 2901 650 2965 homo
678 2902 819 2965 abdicat
848 2903 1088 2975 scortationes,
1120 2923 1224 2985 usque

100 3003 241 3083 spiritus
260 3000 332 3081 ejus
351 3019 420 3062 non
437 2998 575 3062 abdicat
595 2997 692 3075 illas;
716 3007 752 3061 et
771 2998 819 3061 sic
840 2999 979 3061 tametsi
995 2999 1130 3062 videtur
1148 3000 1224 3075 sibi,

104 3096 192 3179 quod
213 3117 274 3178 per
292 3094 547 3158 abdicationem
567 3094 613 3156 sit
633 3102 760 3168 castus,
781 3113 887 3176 usque
907 3103 1024 3156 tamen
1044 3095 1224 3157 incastitas

106 3190 190 3257 latet
214 3193 306 3256 intus
329 3192 418 3254 sicut
442 3190 555 3253 sanies
578 3190 611 3252 in
630 3188 772 3252 vulnere
795 3189 906 3252 solurn
929 3191 1145 3253 extrinsecus
1168 3211 1225 3253 sa·

107 3297 195 3351 nato.
243 3285 345 3368 Quod
364 3305 461 3349 amor
479 3284 682 3367 conjugialis
701 3285 745 3348 sit
762 3284 948 3347 secundum
965 3294 1094 3348 statum
1112 3285 1224 3348 eccle·

107 3383 171 3446 siae
187 3382 278 3464 apud
297 3381 483 3454 hominem,
496 3381 655 3443 videatur
670 3399 771 3461 supra
789 3378 837 3461 (n.
855 3378 939 3461 130).
986 3379 1084 3442 Plura
1099 3381 1143 3444 de
1159 3380 1224 3444 hae

106 3497 139 3542 re
156 3478 339 3540 videantur
358 3478 390 3539 in
410 3477 632 3557 expositione
651 3474 786 3537 articuli
804 3474 851 3537 xi.
872 3477 1056 3556 sequentis.

165 3586 264 3653 150.
298 3570 396 3653 (viii.)
423 3570 521 3648 Quod
533 3571 677 3634 castitas
693 3590 756 3632 nan
774 3569 974 3650 praedicari
989 3570 1101 3650 possit
1115 3570 1156 3632 de
1170 3569 1223 3633 in·

104 3667 275 3748 sontibus,
293 3687 349 3728 nec
361 3665 402 3729 de
411 3665 530 3746 pueris
545 3675 578 3728 et
594 3665 728 3747 puellis,
746 3685 847 3746 neque
861 3664 901 3727 de
915 3663 1174 3727 adolescentibus
1191 3672 1225 3727 et

102 3763 301 3846 virginibus,
313 3772 489 3842 antequam
501 3761 595 3841 apud
602 3781 638 3823 se
646 3760 793 3823 sentiunt
803 3781 947 3823 ornarem
957 3759 1223 3823 sexus-Causa

101 3870 166 3933 est,
186 3860 268 3943 quia
282 3867 415 3921 castum
435 3866 471 3920 et
490 3858 662 3918 incastum
686 3856 784 3918 unice
808 3856 1049 3936 praedicantur
1071 3855 1115 3916 de
1138 3873 1223 3916 con·

98 3956 199 4039 jugiis
221 3965 258 4019 et
277 3954 320 4017 de
338 3951 465 4015 talibus
485 3971 573 4034 quae
593 3950 741 4032 conjugii
765 3960 845 4013 sunt
867 3947 1040 4031 (videatur
1058 3969 1170 4030 supra,
1191 3967 1223 4011 n.

103 4050 178 4135 139)
192 4073 200 4129 ;
224 4059 261 4114 et
277 4048 369 4132 apud
385 4047 463 4111 illos
476 4048 532 4130 qui
549 4066 618 4109 non
634 4047 747 4108 sciunt
763 4044 890 4127 aliquid
903 4045 946 4106 de
963 4042 1222 4123 conjugialibus,

99 4134 245 4212 nonest
268 4143 383 4226 aliqua
406 4142 618 4225 praedicatio
637 4141 822 4215 castitatis,
844 4148 898 4202 est
918 4139 1007 4201 enirn
1028 4139 1116 4199 sicut
1140 4135 1224 4199 nihil

98 4242 189 4327 apud
210 4241 300 4315 illos,
320 4249 357 4303 et
374 4237 470 4302 nihili
489 4256 558 4300 non
578 4236 679 4301 datur
695 4233 839 4308 affedtio,
860 4253 923 4297 nec
943 4233 986 4295 de
1009 4232 1069 4294 illo
1088 4232 1223 4311 cogita-

99 4339 168 4404 tio:
193 4346 231 4401 at
255 4344 336 4418 post
360 4332 501 4396 nihilum
525 4331 609 4395 illud
632 4330 790 4411 exsurgit
813 4328 950 4412 aliquid,
975 4346 1051 4389 cum
1075 4327 1224 4389 sentitur

98 4435 245 4520 primum
269 4429 430 4513 conjugii,
450 4427 541 4512 quod
565 4437 619 4493 est
642 4427 768 4491 amoris
790 4445 906 4490 sexus.
953 4421 1053 4504 Quod
1072 4421 1223 4503 virgines
