2782 5026
417 340 467 392 us
490 340 626 392 anons
649 339 969 406 comacum-u.
990 326 1061 407 382.
1238 342 1302 408 299

168 511 218 584 qui
231 511 309 568 iacit
321 512 418 567 vitam
431 513 566 574 illorum:
585 512 655 568 inde
668 522 723 574 est,
737 512 818 583 quod
833 512 925 567 homo
938 511 1123 574 incendatur,
1137 510 1298 566 incalescat

169 603 198 647 et
211 592 428 654 inflammetur,
438 592 510 647 dum
521 608 605 647 amor
614 592 679 662 ejus
691 593 841 646 exaltatur
854 591 884 645 in
893 592 999 653 zelum,
1009 591 1081 645 iram
1094 602 1125 645 et
1138 591 1300 645 excandes-

168 672 326 734 centiam;
345 688 437 742 quare
449 688 487 726 ex
499 688 536 726 eo
549 672 631 742 quod
645 672 726 726 calor
738 671 910 741 spiritualis,
923 671 974 740 qui
988 681 1034 725 est
1046 686 1138 732 amor,
1153 671 1300 740 producat

164 752 308 807 calorem
323 751 489 806 naturalem
503 750 583 822 apud
597 751 743 813 homines,
758 767 851 821 usque
868 761 902 804 ut
921 751 1065 804 accendat
1084 759 1115 804 et
1134 749 1299 804 inflammet

161 830 293 887 illorum
308 829 400 886 iacies
412 840 444 886 et
455 843 546 891 artus,
556 841 694 886 constare
706 840 806 900 potest
816 830 896 900 quod
912 829 989 901 ignis
998 829 1071 885 solis
1082 829 1224 883 naturalis
1238 845 1299 884 non

157 910 296 965 aliunde
320 911 469 965 exstiterit
482 926 571 979 quam
597 926 634 964 ex
660 910 728 981 igne
747 910 820 964 solis
838 909 1009 980 spiritualis,
1030 909 1081 979 qui
1105 920 1151 964 est
1171 908 1299 963 Divinus
1321 910 1324 917 '

158 989 279 1044 Amor.
318 989 407 1044 Nunc
425 990 496 1060 quia
508 1005 673 1060 expansum
687 989 784 1044 oritur
802 1005 839 1043 ex
858 1000 970 1050 centro,
984 998 1016 1042 et
1034 1004 1094 1042 non
1110 987 1251 1050 vicissim,
1264 997 1299 1041 ut

150 1083 262 1138 supra
272 1069 412 1132 diximus,
422 1080 453 1123 et
465 1081 603 1124 centrum
614 1069 703 1130 vitae,
714 1069 795 1139 quod
808 1080 856 1122 est
868 1068 914 1122 sol
924 1068 998 1123 caeli
1008 1067 1145 1137 angelici,
1155 1076 1201 1122 est
1215 1067 1298 1121 Divi·

151 1164 227 1203 nus
244 1148 343 1203 Amor
358 1148 493 1218 proxime
508 1149 675 1219 procedens
693 1164 712 1202 a
731 1147 805 1209 Deo,
819 1147 870 1218 qui
891 1148 920 1200 in
941 1147 1041 1201 medio
1055 1147 1133 1201 illius
1149 1147 1221 1201 solis
1236 1157 1298 1208 est;

121 1236 200 1282 oet
216 1227 292 1298 quia
305 1229 374 1282 inde
387 1239 434 1282 est
448 1244 613 1298 expansum
630 1228 709 1282 illius
724 1227 818 1282 centri
832 1227 913 1296 quod
929 1238 1055 1281 vocatur
1071 1227 1200 1281 mundus
1212 1224 1298 1296 spiri-

149 1307 281 1369 tualis;
300 1317 331 1361 et
343 1307 414 1377 quia
426 1323 463 1362 ex
477 1308 529 1362 illo
542 1307 605 1362 sole
615 1307 772 1362 exstiterat
784 1307 829 1360 sol
844 1305 956 1368 mundi,
967 1316 999 1360 et
1011 1321 1047 1360 ex
1061 1305 1120 1360 hoc
1132 1322 1297 1376 expansum

148 1386 247 1456 ejus,
260 1389 344 1456 quod
359 1398 486 1441 vocatur
498 1387 629 1441 mundus
642 1386 793 1448 naturalis,
808 1395 898 1455 patet,
913 1385 993 1455 quod
1010 1385 1183 1439 universum
1198 1400 1217 1439 a
1232 1383 1298 1439 Deo

143 1478 375 1520 unocreatum
386 1466 453 1521 sit.”
485 1464 559 1520 Post
570 1466 644 1520 haec
653 1465 809 1526 abivimus,
818 1475 849 1519 et
860 1465 908 1519 ille
918 1464 1080 1519 comitatus
1091 1474 1137 1518 est
1148 1480 1203 1518 nos
1213 1474 1299 1519 extra

146 1560 272 1600 aream
287 1545 333 1598 sui
345 1544 501 1616 gymnasii,
515 1556 546 1599 et
560 1546 679 1600 locutus
693 1555 740 1599 est
751 1561 820 1598 cum
835 1543 922 1598 nobis
934 1544 972 1598 de
986 1543 1070 1599 caelo
1084 1554 1114 1599 et
1128 1542 1253 1606 inierno,
1267 1552 1298 1598 et

144 1624 211 1679 de
226 1623 341 1678 Divino
353 1625 496 1695 auspicio,
509 1641 546 1679 ex
560 1640 638 1679 nova
651 1624 763 1696 ingenii
777 1623 951 1695 sagacitate.

150 1743 272 1827 381·
295 1744 456 1809 Alterum
477 1745 700 1809 Memorabile
713 1766 766 1807 :-

226 1864 389 1938 Quondam
402 1883 471 1920 cum
482 1866 681 1937 circumspexi
696 1867 725 1920 in
740 1867 885 1921 mundum
896 1865 1062 1936 spirituum,
1073 1864 1135 1918 vidi
1149 1880 1165 1919 e
1178 1863 1297 1935 longin-

154 1960 234 2015 quo
248 1946 393 2015 palatium
404 1945 649 2000 circumcindlum
663 1957 695 2000 et
708 1947 794 2015 quasi
808 1947 963 2000 obsessum
978 1961 995 1999 a
1008 1945 1111 2007 turba:
1130 1954 1161 1998 et
1176 1959 1296 2014 quoque

150 2024 233 2078 vidi
253 2035 443 2080 accurrentes
462 2026 582 2080 multos.
613 2023 702 2098 Quod
721 2042 790 2080 cum
815 2026 947 2087 miratus,
968 2025 1111 2080 velociter
1129 2023 1223 2078 extuli
1248 2038 1297 2078 rne

153 2104 274 2166 domo,
288 2114 319 2158 et
333 2121 425 2158 unum
439 2115 628 2160 accurentem
642 2105 784 2175 quaesivi,
797 2106 878 2175 quod
894 2105 935 2159 rei
949 2104 999 2158 ibi.

227 2181 281 2238 Ille
297 2184 407 2244 retulit,
420 2185 502 2255 quod
522 2194 583 2239 tres
599 2185 668 2238 novi
684 2185 818 2238 advenae
837 2201 853 2239 e
873 2184 987 2238 mundo
999 2183 1109 2238 sublati
1123 2181 1245 2236 luerunt
1265 2181 1295 2236 in

155 2263 298 2324 caelum,
312 2274 343 2316 et
356 2263 486 2317 viderint
500 2263 658 2333 magnifica
673 2264 721 2324 ibi,
735 2274 767 2317 et
781 2280 901 2333 quoque
917 2263 1048 2333 virgines
1064 2272 1094 2316 et
1110 2278 1218 2316 uxores
1233 2271 1296 2316 stu·

159 2343 289 2411 pendae
308 2342 549 2411 pulchritudinis,
568 2358 603 2397 ac
622 2343 744 2398 demissi
764 2360 780 2398 e
799 2344 883 2397 caelo
903 2343 954 2397 illo
974 2341 1151 2396 intraverint
1171 2341 1200 2394 in
1221 2340 1295 2395 illud

158 2421 326 2492 palatium,
339 2437 374 2476 ac
387 2421 572 2476 narraverint
582 2437 658 2492 quae
667 2422 813 2482 viderant.
825 2422 970 2493 imprimis
984 2421 1064 2492 quod
1078 2421 1155 2475 tales
1166 2417 1296 2492 pulchri·

156 2500 301 2562 tudines,
315 2501 418 2572 quales
431 2502 510 2556 oculi
527 2501 643 2556 illorum
659 2517 805 2572 nusquam
820 2502 968 2564 viderunt,
982 2517 1038 2555 nec
1053 2500 1154 2555 videre
1169 2510 1296 2570 possunt

159 2579 229 2634 misi
247 2597 266 2635 a
284 2580 350 2635 luce
365 2596 454 2635 aurae
468 2581 606 2635 caelestis
620 2580 768 2635 illustrati.
806 2580 952 2635 Dixerunt
972 2581 1010 2635 de
1028 2597 1069 2642 se,
1082 2580 1163 2650 quod
1183 2579 1296 2634 luerint

161 2659 201 2713 in
213 2660 327 2714 mundo
336 2670 478 2721 oratores,
489 2676 526 2715 ex
537 2676 630 2730 regno
640 2659 762 2720 Galliae,
773 2670 804 2714 et
817 2661 899 2731 quod
910 2676 1031 2730 operam
1043 2659 1183 2714 dederint
1192 2657 1295 2713 iacun·

162 2739 247 2801 diae,
261 2749 292 2793 et
307 2741 387 2810 quod
405 2755 484 2793 nunc
498 2739 703 2809 supervenerit
720 2740 786 2793 illos
798 2739 909 2809 cupido
921 2739 1027 2794 orandi
1047 2739 1084 2793 de
1100 2738 1216 2810 origine
1230 2738 1295 2808 pul·

162 2819 360 2872 chritudinis.
399 2816 467 2872 Hoc
481 2818 552 2889 quia
571 2818 601 2872 in
619 2819 729 2873 vicinia
744 2830 851 2874 notum
867 2817 978 2873 iadlum
994 2822 1049 2881 e'st,
1063 2816 1178 2873 affluxit
1193 2816 1295 2872 multi·

163 2897 248 2952 tudo
259 2898 402 2952 audiendi
416 2913 513 2952 causa.

226 2976 284 3031 His
292 2976 412 3038 auditis,
424 2976 580 3047 properavi
590 2976 681 3031 etiam
691 2992 756 3048 ego,
767 2987 798 3031 et
812 2976 929 3038 intravi,
941 2987 972 3032 et
984 2976 1046 3031 vidi
1058 2986 1121 3031 tres
1132 2976 1200 3031 illos
1212 2977 1294 3033 viros

167 3065 287 3111 stantes
302 3057 331 3109 in
343 3057 452 3117 medio,
463 3056 586 3111 indutos
595 3058 675 3127 togis
685 3057 794 3110 coloris
805 3056 978 3126 sapphirini,
990 3072 1065 3127 quae
1079 3073 1116 3111 ex
1129 3055 1186 3110 filis
1198 3056 1292 3111 intex-

168 3136 211 3190 tis
223 3136 286 3190 auri
299 3136 464 3190 secundum
474 3151 626 3190 versuram
637 3134 893 3205 exsplenduerunt
902 3136 979 3191 sicut
989 3151 1106 3190 aureae.
1137 3134 1294 3191 Steterunt

170 3225 240 3285 post
252 3216 405 3285 quoddam
417 3214 574 3285 pulpitum,
584 3215 715 3284 prompti
731 3215 768 3269 ad
785 3213 907 3269 landum
919 3232 925 3275 ;
940 3225 970 3269 et
984 3231 1056 3269 mox
1068 3231 1157 3285 super
1166 3215 1292 3285 gradum

171 3305 240 3364 post
249 3295 399 3364 pulpitum
409 3295 538 3349 surrexit
548 3310 625 3348 unus
635 3306 772 3349 oraturus
786 3295 823 3348 de
836 3294 951 3366 origine
962 3294 1193 3366 pulchritudinis
1203 3310 1293 3350 sexus

171 3372 316 3436 feminini,
329 3385 359 3428 et
374 3374 500 3443 protulit
512 3374 587 3428 haec
597 3390 639 3427 :-

223 3455 311 3525 382.
331 3452 437 3527 “Quid
459 3455 544 3526 origo
565 3454 796 3525 pulchritudinis
816 3454 898 3509 aliud
923 3449 1022 3525 quam*
1036 3471 1125 3517 amor,
1146 3454 1197 3525 qui
1222 3470 1291 3508 cum

174 3532 268 3587 influit
284 3534 314 3587 in
327 3534 431 3588 oculos
443 3534 596 3604 juvenum,
610 3544 641 3589 et
653 3534 791 3589 accendit
805 3534 880 3596 illos,
894 3533 928 3588 fit
943 3532 1156 3604 pulchritudo?
1189 3532 1291 3605 Quare

171 3627 254 3666 amor
266 3624 298 3668 et
313 3613 506 3683 pulchritudo
519 3629 566 3668 res
579 3615 683 3668 eadem
697 3624 783 3674 sunt:
802 3629 888 3667 amor
900 3613 980 3667 enim
996 3614 1034 3667 ab
1048 3613 1154 3666 intimo
1167 3612 1291 3682 subpin-

172 3692 214 3761 git
232 3691 340 3747 faciem
355 3693 480 3762 virginis
495 3693 606 3748 nubilis
624 3694 752 3763 quadam
772 3693 900 3754 flamma,
914 3709 952 3746 ex
969 3692 1056 3762 cujus
1071 3691 1292 3761 transparentia

172 3782 215 3825 est
229 3787 337 3826 aurora
355 3782 386 3826 et
405 3788 535 3842 purpura
548 3772 629 3826 vitae
642 3772 717 3841 ejus.
754 3770 829 3843 Quis
848 3789 909 3826 non
929 3771 987 3826 scit
1002 3771 1085 3842 quod
1104 3770 1225 3825 flamma
1241 3770 1291 3826 illa

173 3851 271 3906 mittat
285 3851 385 3906 radios
399 3852 429 3905 in
443 3851 508 3921 ejus
522 3852 635 3914 oculos,
649 3862 680 3906 et
698 3867 736 3906 ex
751 3851 799 3906 his
812 3862 845 3905 ut
864 3851 976 3906 centris
992 3851 1021 3904 in
1038 3852 1140 3905 orbem
1154 3848 1241 3905 faciei
1257 3866 1289 3906 se

173 3929 314 3993 eilundat,
328 3941 359 3984 et
378 3947 498 4002 quoque
516 3948 548 3986 se
567 3931 708 3985 demittat
727 3931 757 3984 in
777 3929 889 4001 petius,
905 3947 940 3985 ac
960 3930 1103 3985 incendat
1121 3945 1181 3991 cor,
1197 3939 1228 3984 et
1246 3930 1291 3985 sic

172 4009 286 4073 afficiat,
302 4026 362 4065 non
376 4010 464 4064 aliter
476 4026 565 4080 quam
580 4011 657 4081 ignis
670 4011 769 4065 calore
788 4020 820 4065 et
838 4011 904 4065 luce
918 4007 1110 4064 adstantem?
1135 4007 1225 4062 Calor
1240 4009 1289 4064 ille

172 4099 214 4144 est
223 4106 315 4151 amor,
325 4100 357 4144 et
370 4090 421 4143 lux
435 4090 485 4143 illa
498 4101 544 4144 est
555 4089 666 4144 amoris
675 4090 875 4160 pulchritudo.
912 4089 1008 4144 Totus
1019 4087 1099 4143 orbis
1109 4087 1209 4147 firmat
1217 4103 1289 4143 con·

173 4181 265 4233 sensu,
279 4169 361 4241 quod
375 4169 502 4239 quisque
521 4168 560 4223 sit
575 4169 715 4227 ‚amabilis
734 4179 764 4225 et
784 4169 908 4240 pulcher
921 4168 1086 4223 secundum
1100 4183 1186 4222 suum
1206 4182 1289 4223 amo·

174 4262 245 4309 rem:
264 4250 319 4304 sed
333 4265 428 4319 usque
444 4259 489 4302 est
502 4249 578 4302 alius
591 4265 675 4303 amor
687 4265 776 4304 sexus
789 4247 953 4308 masculini,
967 4257 997 4302 et
1012 4247 1087 4301 alius
1100 4262 1186 4301 amor
1200 4262 1290 4301 sexus

174 4323 320 4392 feminini3
341 4344 427 4383 amor
446 4327 628 4383 masculinus
646 4338 692 4383 est
711 4345 796 4387 amor
814 4327 958 4399 sapiendi,
974 4337 1005 4381 et
1023 4342 1108 4381 amor
1127 4325 1289 4381 femininus
