2782 5026
350 288 401 340 na
424 287 944 340 nuoaascoararoa1o.-u.
967 289 1038 357 500.
1190 278 1252 360 383

126 465 208 516 esset
218 472 292 514 cum
301 456 385 513 bruto
396 455 526 527 publico,
538 464 570 511 et
584 465 685 512 tamen
701 455 757 527 ipsi
772 456 883 512 latores
898 466 931 511 et
943 456 1060 528 judices
1072 457 1255 530 quandoque

127 537 337 600 moechantur,
352 546 384 592 et
400 537 478 591 inter
492 551 525 591 se
540 535 656 598 dicunt,
670 534 742 591 ‘Ille
756 536 807 606 qui
821 536 935 606 absque
948 547 1072 606 peccato
1084 545 1139 599 est,
1152 537 1255 593 mittat

127 617 260 688 primum
272 615 404 687 lapidem
412 615 427 670 :’
446 615 528 686 quod
541 615 639 670 solum
653 615 804 685 simplices
816 626 847 670 et
859 615 991 686 religiosi
1001 617 1127 671 credant
1136 617 1255 676 adulte·

127 696 172 752 ria
184 711 252 751 esse
264 706 396 766 peccata,
410 711 471 750 non
484 694 527 750 ita
539 694 751 765 intelligentes,
762 693 813 765 qui
825 694 904 749 sicut
917 711 972 750 nos
985 694 1141 750 intuentur
1154 696 1205 752 illa
1216 711 1254 754 ex

126 775 242 830 lumine
260 784 395 830 naturae.
431 773 553 828 Numae
571 790 609 829 ex
626 773 782 828 adulteriis
800 789 895 844 aeque
911 785 1076 829 nascuntur
1094 775 1203 845 proles,
1219 786 1254 833 ut

125 871 164 910 ex
178 853 348 925 conjugiis?
384 851 504 909 Numne
519 852 611 924 spurii
625 868 722 923 aeque
737 852 852 907 habiles
868 864 899 908 et
915 853 1004 908 utiles
1016 863 1087 908 sunt
1101 855 1139 909 ad
1154 853 1254 911 officia

125 945 159 989 et
176 933 352 995 ministeria,
369 932 625 1003 quemadmodum
644 931 791 1003 legitimi?
824 932 870 986 Ac
890 931 1011 1003 insuper
1028 933 1254 1004 prospiciuntur

126 1013 258 1069 familiae
270 1012 384 1083 alioqui
396 1012 529 1067 steriles:
547 1022 634 1067 estne
646 1011 705 1066 hoc
717 1011 954 1066 emolumenturn
968 1023 999 1067 et
1011 1028 1072 1067 non
1086 1011 1252 1069 damnum?

126 1091 210 1164 Quid
227 1101 318 1147 nocet
336 1092 421 1147 uxori
440 1091 466 1146 si
483 1091 626 1161 adrnitnt
644 1090 744 1161 plures
763 1089 891 1145 rivales?
915 1100 947 1145 et
964 1091 1037 1161 quid
1057 1102 1147 1146 nocet
1165 1090 1253 1148 viro?

126 1173 209 1243 quod
219 1172 352 1226 dedecus
361 1171 427 1225 viro
438 1171 487 1233 sit,
497 1180 544 1225 est
553 1170 657 1241 opinio
666 1168 774 1224 frivola
785 1185 822 1224 ex
835 1169 1002 1240 phantasia
1034 1169 1125 1242 Quod
1135 1171 1253 1228 adulte·

126 1251 205 1305 rium
217 1250 258 1306 sit
266 1261 374 1306 contra
385 1250 529 1305 ecclesiae
542 1250 625 1321 leges
637 1259 669 1304 et
681 1259 805 1310 statuta,
818 1258 866 1303 est
878 1265 916 1304 ex
928 1249 1035 1304 ordine
1048 1250 1253 1308 ecclesiastico

126 1340 251 1401 propter
263 1340 460 1400 potestatem3
479 1328 532 1384 sed
545 1328 619 1399 quid
630 1328 835 1399 theologicum
849 1338 881 1382 et
894 1328 1048 1399 spirituale
1061 1345 1130 1384 cum
1143 1329 1253 1388 delicio

127 1426 208 1465 ruere
222 1424 369 1480 corporeo
383 1419 415 1464 et
432 1407 563 1463 carnali?
601 1408 756 1463 Danturne
772 1407 936 1478 presbyteri
951 1418 983 1463 et
1001 1409 1141 1464 monachi
1156 1407 1253 1466 tales?

127 1505 200 1543 num
220 1489 262 1542 iili
282 1498 441 1559 propterea
459 1503 520 1543 non
540 1497 669 1558 possunt
685 1502 849 1558 agnoscere
867 1497 900 1541 et
916 1488 1015 1542 colere
1035 1487 1154 1544 Deum?
1191 1487 1254 1546 Cur

127 1568 230 1638 itaque
242 1578 304 1623 tres
317 1567 360 1621 illi
374 1566 555 1637 praedicant,
563 1566 645 1637 quod
655 1567 799 1622 adulteris
809 1582 871 1621 non
883 1566 924 1622 sit
932 1567 1048 1638 agnitio
1058 1567 1134 1624 Dei?
1161 1568 1252 1626 Tales

126 1647 330 1716 blasphemias
343 1662 404 1701 non
417 1647 599 1709 toleramus;
617 1661 710 1716 quare
721 1645 897 1714 judicentur
909 1656 940 1701 et
956 1645 1145 1716 puniantur.”

181 1726 331 1781 Posthaec
339 1725 411 1787 vidi,
419 1725 502 1795 quod
515 1735 658 1780 vocarent
670 1725 795 1795 judices,
806 1741 882 1794 quos
892 1735 1081 1796 rogavenrnt,
1093 1737 1127 1781 ut
1139 1742 1252 1797 poenas

127 1805 185 1861 illis
195 1805 369 1876 irrogarent.
406 1803 466 1859 Sed
478 1804 595 1874 judices
604 1804 754 1866 dicebant,
765 1812 780 1833 ‘⁶
792 1803 861 1858 Hoc
874 1804 970 1859 nostri
983 1806 1115 1860 muneris
1125 1822 1186 1876 non
1195 1817 1251 1871 est,

127 1902 196 1940 narn
211 1885 311 1955 agitur
325 1885 364 1940 de
379 1883 535 1955 agnitione
552 1883 616 1945 Dei,
630 1884 715 1938 etde
730 1895 863 1953 peccato,
877 1894 909 1938 et
924 1884 967 1939 sic
982 1885 1020 1939 de
1035 1885 1205 1941 salvatione
1219 1896 1252 1943 et

126 1964 338 2026 damnatione;
363 1963 402 2018 de
421 1963 468 2017 his
482 1963 665 2033 judicabitur
683 1978 700 2016 e
718 1963 819 2016 caelo:
848 1962 901 2017 sed
924 1963 1082 2018 consilium
1103 1965 1250 2030 dabimus,

126 2045 282 2116 quomodo
294 2044 369 2099 scire
382 2041 518 2113 potestis,
528 2058 599 2096 num
612 2053 674 2096 tres
688 2041 730 2096 ilii
743 2043 916 2097 sacerdotes
925 2037 1162 2112 praedicaverint
1173 2045 1251 2099 veri·

126 2135 220 2180 tates:
243 2134 315 2179 sunt
330 2124 388 2179 tria
402 2123 477 2185 loca,
490 2138 568 2193 quae
587 2138 643 2177 nos
657 2122 774 2192 judices
790 2122 937 2184 novimus,
953 2124 1003 2177 ubi
1018 2125 1092 2179 talia
1106 2125 1251 2196 singulari

127 2204 218 2259 modo
236 2204 431 2273 explorantur
448 2213 480 2257 et
498 2202 684 2264 revelantur:
710 2219 786 2256 unus
803 2212 859 2264 est,
875 2202 926 2256 ubi
944 2202 1085 2259 omnibus
1101 2215 1184 2274 patet
1201 2205 1252 2262 via

127 2284 156 2338 in
183 2283 312 2345 caelum,
336 2282 389 2337 sed
414 2281 486 2336 dum
514 2281 544 2335 in
572 2281 689 2336 caelum
713 2280 848 2343 veniunt,
871 2281 1041 2352 percipiunt
1066 2283 1122 2353 ipsi
1146 2284 1251 2354 quales

126 2372 198 2417 sunt
216 2362 316 2432 quoad
338 2361 523 2432 agnitionem
545 2360 617 2423 Dei;
648 2360 787 2414 secundus
807 2360 892 2415 locus
911 2371 966 2422 est,
986 2361 1035 2415 ubi
1055 2362 1146 2417 etiarn
1167 2373 1251 2433 patet

126 2442 174 2497 via
198 2442 230 2496 in
247 2441 373 2502 caelum,
392 2440 445 2494 sed
466 2440 544 2494 viam
566 2439 645 2494 illam
666 2439 777 2494 intrare
796 2456 886 2495 nemo
905 2450 1015 2511 potest,
1035 2441 1092 2496 nisi
1111 2441 1163 2512 qui
1181 2457 1251 2498 cae·

126 2521 186 2575 lum
203 2520 233 2574 in
249 2536 282 2575 se
298 2520 405 2581 habet;
429 2529 459 2572 et
474 2521 581 2572 terrim
601 2518 685 2573 locus
704 2529 758 2580 est,
776 2519 826 2573 ubi
846 2519 895 2574 via
916 2529 963 2575 est
982 2519 1021 2574 ad
1043 2519 1203 2584 infernum,
1218 2533 1251 2580 et

126 2601 204 2655 viam
224 2599 305 2654 illam
326 2598 441 2653 intrant
457 2614 494 2654 ex
512 2607 690 2669 spontaneo,
709 2598 781 2668 quia
802 2614 839 2652 ex
860 2598 1001 2668 jucundo,
1020 2600 1072 2669 qui
1093 2600 1251 2658 infernalia

125 2689 243 2734 amant:
262 2693 318 2732 nos
331 2677 448 2747 judices
463 2678 501 2733 ad
519 2677 569 2733 illa
581 2679 647 2732 loca
658 2679 855 2732 amandamus
867 2693 982 2740 omnes,
995 2678 1048 2748 qui
1064 2678 1102 2734 de
1117 2680 1203 2736 caelo
1218 2691 1251 2737 et

126 2757 244 2813 inferno
254 2757 401 2828 judicium
414 2773 432 2812 a
445 2757 532 2812 nobis
545 2755 726 2828 postulant.”

179 2837 237 2895 His
249 2837 362 2893 auditis
374 2837 516 2891 dixerunt
528 2835 712 2906 congregati,
726 2834 861 2890 “Eamus
874 2836 912 2890 ad
927 2834 978 2890 illa
989 2835 1084 2892 loca.''

179 2917 304 2974 Etcum
325 2917 444 2972 iverunt
460 2916 499 2970 ad
512 2918 656 2985 prrinum,
672 2914 723 2969 ubi
741 2914 882 2969 omnibus
896 2925 981 2984 patet
999 2915 1049 2971 via
1074 2916 1104 2971 in
1123 2916 1249 2983 caelum,
1326 2912 1331 2921 '

125 2999 226 3053 subito
242 2995 319 3051 iadia
334 3005 380 3049 est
395 2995 508 3065 caligo;
531 3011 624 3064 quare
642 2994 733 3064 aliqui
755 3010 793 3048 ex
813 2993 871 3048 illis
892 2993 1099 3049 accendebant
1115 2995 1196 3051 iaces
1217 3006 1250 3053 et

126 3076 337 3148 praetulerunt.
373 3073 495 3146 Judices
509 3089 579 3128 cum
596 3073 653 3127 illis
669 3075 816 3135 dicebant,
828 3081 844 3102 ⁴¹
857 3072 924 3127 Hoc
941 3073 974 3127 fit
988 3076 1128 3130 omnibus
1143 3076 1195 3147 qui
1210 3078 1248 3132 ad

126 3156 253 3226 primunr
270 3155 369 3209 locum
386 3155 509 3214 vadunt,
525 3163 557 3208 at
575 3153 653 3207 sicut
667 3152 917 3223 appropinquant,
934 3153 1012 3223 ignis
1029 3153 1194 3209 facularum
1214 3156 1249 3212 fit

126 3235 271 3296 hebetior,
288 3244 319 3287 et
338 3233 367 3287 in
388 3233 439 3288 illo
458 3233 525 3288 loco
544 3249 581 3286 ex
600 3232 667 3286 luce
682 3231 757 3285 caeli
774 3231 919 3285 influente
939 3233 1149 3304 exstinguitur,
1165 3237 1248 3306 quod

126 3316 243 3385 signum
262 3324 309 3368 est
327 3314 409 3383 quod
430 3312 468 3365 ibi
491 3313 565 3373 sint:
591 3327 679 3366 causa
697 3321 751 3373 est,
767 3310 837 3380 quia
856 3312 986 3381 primum
1002 3314 1172 3420 occluditur
1191 3315 1249 3372 iilis

125 3394 248 3455 caelum,
262 3403 293 3447 et
307 3404 411 3462 postea
423 3390 583 3461 aperitur.'¹

179 3473 217 3527 Et
230 3481 378 3527 venerunt
394 3471 535 3525 inlocum
553 3469 644 3530 illurn,
658 3478 689 3522 et
702 3467 856 3523 exstindiis
869 3468 974 3524 iaculis
990 3486 1008 3523 a
1022 3486 1055 3525 se
1072 3470 1151 3541 ipsis,
1165 3471 1249 3527 vide-

127 3552 196 3606 bant
216 3552 295 3606 viam
314 3552 489 3606 tendentem
506 3549 628 3619 oblique
646 3564 764 3603 sursum
784 3548 814 3601 in
833 3549 964 3604 caelum:
994 3549 1074 3603 illam
1095 3550 1249 3608 intrabant

127 3632 166 3686 ilii
179 3632 232 3702 qui
245 3631 275 3684 in
289 3629 538 3686 excandescentia
551 3627 610 3682 irae
623 3638 729 3682 contra
739 3627 910 3682 sacerdotes
922 3640 1024 3690 erant:
1046 3630 1123 3684 inter
1135 3630 1249 3700 primos

126 3711 166 3767 illi
182 3711 234 3786 qui
250 3710 377 3766 adulteri
396 3726 433 3765 ex
452 3708 609 3780 proposito
625 3719 718 3770 erant,
735 3718 804 3778 post
824 3708 891 3762 illos
906 3708 958 3778 qui
974 3710 1101 3763 adulteri
1120 3726 1157 3764 ex
1176 3726 1249 3766 con·

126 3793 245 3848 firmato
257 3801 359 3846 erant:
376 3800 408 3846 et
424 3790 454 3844 in
469 3788 661 3844 ascendendo
675 3788 761 3859 primi
774 3788 952 3850 clamabant,
966 3795 983 3817 ‘⁴
991 3789 1160 3860 Sequimini
1168 3791 1195 3854 ;”
1216 3803 1249 3848 et

126 3882 286 3945 sequentes
297 3871 475 3932 clamabant,
489 3877 505 3898 ‘¹
515 3868 697 3929 Festinate,”
709 3878 741 3923 et
754 3868 909 3938 urgebant.

178 3953 255 4008 Post
268 3951 413 4012 horulam,
423 3965 492 4004 curn
504 3965 610 4004 omnes
623 3949 703 4003 intus
718 3949 746 4002 in
759 3947 882 4003 caelesti
895 3947 1040 4003 societate
1053 3957 1147 4010 erant,
1156 3964 1248 4021 appa·

127 4033 185 4089 tuit
199 4032 301 4087 hiatus
317 4029 473 4084 interillos
488 4039 519 4083 et
535 4029 613 4083 inter
624 4029 755 4099 angelos,
769 4038 801 4082 et
815 4028 867 4081 lux
879 4027 953 4082 caeli
969 4044 1061 4099 super
1073 4027 1189 4084 hiatum
1203 4030 1248 4084 in.

127 4112 219 4168 fluens
230 4112 260 4166 in
271 4108 376 4165 oculos
382 4108 535 4181 aperiebat
545 4109 687 4163 interiora
698 4106 807 4161 mentis
817 4107 943 4168 illorum,
952 4123 989 4162 ex
999 4124 1060 4179 quo
1068 4106 1249 4166 tenebantur

127 4190 208 4265 loqui
227 4191 307 4247 sicut
325 4187 449 4243 interius
467 4188 657 4259 cogitabant:
680 4196 712 4241 et
729 4195 803 4242 tunc
821 4185 1051 4243 sciscitabantur
1067 4187 1106 4243 ab
1123 4188 1248 4261 angelis,

128 4287 196 4328 num
209 4277 377 4343 agnoscant
388 4268 470 4341 quod
485 4267 566 4322 Deus
577 4267 626 4323 sit.
