2850 5026
397 448 447 498 DE
471 449 606 501 AMORE
629 451 948 517 contumaci-rt.
969 459 1040 522 3²⁰·
1213 463 1274 531 253

154 637 269 689 sexus.
312 634 350 698 «ιβ4
368 615 403 681 Si
416 618 732 683 administrationes
746 623 964 687 continentes
976 625 1056 689 ioris
1068 626 1275 694 abstrahunt

154 722 308 778 mentem
327 734 348 775 a
366 713 584 778 familiaribus
604 717 708 791 domi,
728 728 765 780 et
784 718 863 782 inde
881 719 1010 802 absque
1029 741 1118 786 nova
1136 724 1276 787 domina

154 810 294 872 timetur
311 828 474 871 aerumna
493 820 529 872 et
549 829 657 873 casus.
706 826 733 892 5.
758 810 793 875 Si
813 823 930 876 mutua
953 816 1081 879 auxilia
1103 829 1139 881 et
1162 818 1275 882 officia

154 913 313 985 poscunt,
338 913 375 966 ut
403 905 437 966 in
461 905 561 967 variis
589 906 737 986 negotiis
765 919 800 971 et
828 910 950 990 operis.
995 911 1026 975 6.
1050 912 1232 977 Praeterea
1254 936 1275 977 a

153 999 255 1080 genio
279 997 433 1080 conjugis
456 1000 604 1081 separati
628 1010 686 1062 aut
708 1012 900 1083 separatae,
925 1006 1066 1086 pendet,
1090 1027 1170 1070 num
1194 1020 1274 1090 post

153 1093 298 1175 primum
318 1093 513 1174 conjugium
537 1095 644 1175 possit
663 1105 724 1158 aut
744 1116 812 1171 non
836 1100 947 1177 possit
966 1101 1078 1165 vivere
1098 1101 1191 1165 solus
1214 1124 1274 1167 seu

152 1189 281 1271 absque
300 1200 471 1252 consorte.
516 1204 545 1268 7.
571 1188 773 1270 Conjugium
791 1194 1000 1273 praecedens
1020 1197 1124 1258 etiam
1140 1197 1195 1260 vel
1211 1199 1273 1261 dat

153 1283 312 1346 timorem
328 1303 390 1365 pro
409 1284 481 1346 vita
500 1283 696 1365 coniugiali,
717 1285 771 1348 vel
796 1287 855 1350 dat
879 1286 1029 1351 savorem
1047 1310 1109 1372 pro
1128 1291 1197 1354 illa.
1242 1295 1272 1356 8.

153 1377 279 1440 Audivi
295 1377 386 1460 quod
404 1399 499 1441 amor
516 1379 763 1460 polygamicus‚
778 1390 813 1443 et
830 1402 927 1444 amor
943 1404 1059 1457 sexus,
1077 1394 1150 1448 tum
1168 1374 1273 1450 libidb

152 1471 396 1549 deflorationis,
421 1493 460 1537 ac
492 1475 597 1538 libido
627 1477 815 1549 varietatis,
840 1479 1053 1558 quorundam
1083 1482 1215 1544 animos
1238 1483 1272 1545 in

151 1567 344 1650 cupidinem
368 1569 411 1631 ad
435 1570 560 1632 iterata
583 1568 741 1651 conjugia
765 1572 983 1649 induxerint;
1008 1582 1044 1636 ut
1064 1584 1099 1638 et
1123 1596 1271 1656 quorun·

151 1661 232 1725 dum
248 1663 391 1737 animos,
410 1665 550 1726 timores
567 1663 653 1745 legis
669 1675 705 1727 et
721 1665 841 1739 lamae,
859 1667 887 1729 si
904 1668 1148 1732 moechantur:
1174 1690 1271 1752 prae·

151 1766 205 1820 ter
216 1757 312 1839 plura
329 1759 406 1833 alia,
420 1780 506 1841 quae
523 1759 765 1823 inclinationes
778 1770 942 1824 externas
957 1763 1001 1825 ad
1017 1765 1271 1829 matrimonium

151 1862 366 1933 promovent.

212 1963 314 2030 32⁰.
345 1948 420 2031 (iii.)
447 1948 545 2026 Quod
558 1949 639 2025 illis,
657 1948 775 2031 qut'bus
792 1951 942 2028 nonfuit
958 1972 1054 2013 amor
1067 1972 1146 2015 vere
1161 1959 1270 2039 cony'u·

146 2040 264 2123 gt‘alis,
284 2041 373 2106 nittl
392 2043 497 2106 obstet
513 2055 546 2106 et
566 2044 663 2118 obsit,
683 2045 763 2126 quin
786 2045 1035 2108 matrimonium
1057 2046 1179 2110 iterato
1196 2070 1271 2111 con·

150 2136 429 2214 trahant-Illis,
450 2141 570 2221 quibus
594 2158 663 2202 non
687 2140 748 2202 iuit
772 2160 867 2203 amor
891 2140 1103 2222 conjugialis,
1124 2162 1193 2205 non
1216 2157 1270 2208 est

148 2232 286 2314 aliquod
305 2233 477 2296 vinculum
501 2235 677 2315 spirituale
701 2256 759 2298 seu
783 2236 964 2309 internum,
985 2237 1045 2299 sed
1070 2238 1173 2300 modo
1197 2240 1271 2301 vin·

149 2329 263 2390 culum
286 2329 442 2392 naturale
466 2350 526 2392 seu
549 2340 750 2407 externum;
772 2339 806 2393 et
831 2331 858 2393 si
881 2351 949 2393 non
970 2330 1140 2394 vinculum
1164 2334 1270 2397 inter·

150 2442 230 2485 num
249 2425 405 2487 continet
425 2435 609 2487 externum
632 2425 665 2487 in
689 2445 751 2488 suo
769 2427 888 2488 ordine
905 2436 940 2488 et
960 2435 1090 2501 tenore,
1111 2427 1176 2491 hoc
1201 2449 1269 2491 non

149 2519 301 2598 persistit
331 2517 433 2582 aliter
461 2538 563 2601 quam
593 2521 681 2583 sicut
710 2520 815 2583 fascia
843 2520 961 2584 ablato
992 2520 1151 2602 ligaculo,
1183 2543 1269 2604 quae

148 2612 270 2677 diffluit
305 2614 491 2678 secundum
520 2613 649 2695 jad'tum
682 2635 741 2678 seu
770 2626 930 2678 ventum:
966 2635 1068 2678 causa
1097 2626 1162 2691 est,
1193 2619 1271 2700 quia

149 2708 304 2773 naturale
322 2718 432 2772 ortum
449 2730 546 2772 suum
563 2711 656 2773 ducit
673 2730 694 2772 a
713 2710 890 2792 spirituali,
904 2722 939 2774 et
956 2712 989 2772 in
1006 2731 1066 2773 sua
1082 2713 1270 2776 existentia

149 2822 217 2866 non
234 2804 324 2868 aliud
344 2816 398 2867 est
414 2824 515 2887 quam
532 2807 710 2887 congeries
727 2826 772 2868 ex
789 2805 1019 2887 spiritualibus
1035 2819 1269 2888 congregata3

148 2919 252 2980 quare
271 2901 299 2963 si
318 2901 473 2963 naturale
492 2912 668 2983 separatur
687 2921 707 2962 a
725 2921 786 2963 suo
800 2901 976 2981 spirituali,
996 2901 1086 2982 quod
1106 2903 1270 2982 produxit

149 3004 184 3060 et
204 2997 299 3077 quasi
315 2997 435 3077 genuit
454 2996 548 3070 illud,
566 3017 634 3059 non
658 2997 855 3058 continetur
874 2995 1019 3077 amplius
1038 2997 1187 3071 interius,
1207 2998 1268 3060 sed

150 3092 253 3153 modo
269 3092 422 3154 exterius
439 3112 460 3154 a
483 3090 660 3172 spirituali,
680 3092 771 3173 quod
795 3091 983 3153 circumdat
1002 3100 1038 3154 et
1057 3092 1162 3155 vincit
1186 3091 1275 3155 illud.

148 3185 181 3248 in
201 3187 384 3260 communi,
405 3195 441 3249 et
460 3206 529 3249 non
553 3186 635 3249 illud
659 3186 805 3267 colligat
828 3194 863 3248 et
888 3185 1089 3265 colligatum
1113 3196 1211 3250 tenet
1235 3187 1268 3249 in

147 3281 328 3362 singulari:
353 3282 432 3344 inde
456 3291 520 3356 est,
545 3282 635 3363 quod
660 3281 816 3344 naturale
839 3290 1036 3362 separatum
1059 3301 1080 3343 a
1101 3281 1269 3362 spirituali

147 3377 237 3458 apud
268 3378 353 3438 duos
382 3375 557 3458 conjuges,
582 3396 651 3438 non
681 3376 783 3440 iaciat
813 3375 962 3458 aliquam
993 3373 1268 3456 conjundtionem

147 3473 321 3544 mentium,
336 3481 371 3535 et
391 3473 440 3534 sic
457 3491 526 3534 non
542 3472 772 3545 voluntatum,
790 3471 851 3534 sed
866 3470 976 3533 solum
993 3468 1268 3550 conjundtionem

146 3566 334 3649 aliquarum
363 3564 582 3630 afledlionum
612 3578 845 3640 externarum,
870 3586 955 3648 quae
980 3565 1167 3628 cohaerent
1190 3584 1267 3627 cum

148 3662 302 3724 sensibus
319 3663 480 3743 corporis.
525 3660 626 3742 Quod
643 3661 769 3725 talibus
787 3660 868 3724 nihil
885 3660 1002 3724 obstet
1018 3669 1053 3722 et
1072 3660 1173 3733 obsit,
1188 3659 1267 3741 quin

148 3756 365 3819 matrimonia
383 3758 508 3820 iterata
527 3757 661 3839 possint
678 3757 891 3830 contrahere,
909 3763 962 3817 est
978 3754 1054 3836 quia
1070 3753 1268 3817 essentialia

147 3849 295 3931 conjugii
315 3870 382 3912 non
402 3851 468 3913 illis
487 3850 633 3926 suerunt,
651 3859 687 3914 et
707 3850 786 3912 inde
809 3848 876 3911 illis
895 3869 958 3911 nec
977 3859 1057 3930 post
1076 3849 1266 3929 separatio·

147 3965 225 4008 nem
248 3966 309 4028 per
332 3958 479 4009 mortem
502 3946 615 4029 aliqua
633 3947 769 4023 insunt;
794 3945 872 4008 ideo
892 3954 973 4007 tunc
998 3944 1031 4007 in
1054 3943 1158 4025 pleno
1176 3944 1266 4007 arbi·

147 4040 214 4103 trio
232 4048 323 4115 sunt,
341 4040 516 4104 sensuales
540 4061 617 4102 suas
640 4037 838 4122 affe&iones
862 4039 979 4120 ligare,
999 4039 1026 4100 si
1045 4039 1167 4100 viduus
1189 4057 1266 4100 curn

146 4155 357 4218 quacunque,
375 4146 411 4199 et
428 4136 455 4197 si
472 4136 572 4198 vidua
588 4154 664 4198 cum
680 4154 893 4217 quocunque,
911 4132 1006 4196 lubet
1024 4141 1060 4195 et
1077 4130 1178 4195 licet:
1203 4132 1266 4213 ipsi

147 4249 210 4293 nec
229 4231 331 4294 aliter
349 4231 392 4293 de
410 4229 576 4311 conjugiis
595 4250 696 4312 quarn
716 4229 913 4292 naturaliter
928 4228 1095 4309 cogitant,
1112 4236 1148 4289 et
1163 4245 1264 4307 quam

146 4346 192 4389 ex
211 4328 402 4389 commodis
425 4335 566 4409 propter
583 4325 694 4408 varias
714 4324 941 4388 necessitates
960 4332 995 4386 et
1015 4321 1183 4385 utilitates
1201 4340 1264 4382 ex·

146 4430 274 4501 ternas,
291 4441 378 4506 quae
396 4441 457 4505 per
476 4429 622 4486 mortem
642 4420 765 4484 iterum
784 4427 928 4503 possunt
947 4437 1007 4502 per
1025 4415 1127 4479 aliam
1145 4433 1264 4497 perso·

1135 4668 1300 4734 A
