2782 5026
385 459 437 511 uu
460 457 594 511 suoru
616 456 933 526 cornuorum-N.
953 445 1003 508 80.
1233 457 1275 526 77

132 631 243 687 robur
250 628 299 686 vel
312 646 351 686 ex
365 628 557 691 hereditario,
566 629 614 684 vel
627 645 665 684 ex
674 627 914 691 valetudinemi
928 643 965 683 ex
977 625 1177 697 temperantia
1186 625 1274 688 vitae,

131 712 196 766 vel
213 727 251 766 ex
266 711 368 766 calore
380 709 531 764 climatis?
549 720 580 764 et
594 725 715 780 quoque
730 724 784 779 per
799 708 959 779 pharmaca
973 717 1074 778 potest
1089 706 1275 762 corroborari

131 801 177 845 et
189 790 390 846 exstimulari.
429 789 521 845 Estne
534 788 631 843 simile
641 790 720 859 apud
735 789 854 850 bestias,
866 787 1012 858 imprimis
1021 788 1100 857 apud
1114 802 1185 841 aves
1197 800 1274 857 quae

131 886 178 924 se
194 880 302 924 amant
317 869 401 940 paria
415 879 448 924 et
462 867 566 939 paria?
603 868 697 923 Estne
709 884 794 923 amor
809 869 858 923 ille
873 867 1021 923 carnalis?
1059 866 1139 938 Quid
1155 867 1274 921 carnale

132 965 312 1004 commune
322 949 414 1003 habet
424 963 494 1004 cum
502 957 582 1003 statu
591 947 909 1018 spiritualiecclesise?
933 946 959 1001 N
964 963 1013 1000 um
1024 947 1165 1001 amorille
1174 946 1275 1017 quoad

132 1027 292 1083 effeilum
308 1028 448 1082 ultimum
470 1044 538 1082 cum
557 1044 650 1082 uxore
669 1027 770 1082 diflert
785 1026 878 1080 hilum
901 1028 939 1080 ub
957 1042 1058 1081 umore
1073 1026 1173 1097 quoad
1190 1026 1274 1079 illum

132 1107 292 1164 effestum
311 1124 380 1162 cum
396 1107 575 1163 meretrice?
599 1107 691 1162 Estne
710 1106 815 1161 similis
831 1106 933 1167 libido,
948 1117 979 1161 et
998 1105 1095 1161 simile
1109 1104 1275 1161 delicium?

133 1187 252 1259 Quare
266 1187 443 1258 injuriosum
454 1196 501 1243 est
509 1187 657 1242 deducere
667 1186 815 1256 originem
823 1186 934 1241 amoris
943 1185 1121 1257 conjugialis
1133 1201 1151 1240 a
1163 1183 1275 1241 sanclis

134 1266 325 1322 ecclesiae.”

202 1345 264 1402 His
276 1345 389 1401 auditis
402 1345 532 1402 diximus
543 1344 581 1400 ad
598 1344 674 1407 illos,
687 1351 703 1374 ‘⁶
713 1343 947 1399 Ratiocinamini
960 1360 997 1400 ex
1010 1355 1113 1399 oestro
1126 1343 1274 1407 lasciviae,

134 1437 177 1482 et
191 1442 257 1482 non
271 1442 308 1481 ex
320 1442 423 1481 amore
432 1424 614 1495 conjugiali;
634 1440 755 1495 prorsus
769 1440 829 1479 non
842 1424 927 1479 scitis
936 1424 1010 1494 quid
1019 1440 1106 1478 amor
1115 1424 1270 1496 conjugia·

135 1506 192 1570 lis,
202 1505 278 1577 quia
290 1505 378 1576 lriget
392 1504 441 1559 ille
450 1504 531 1575 apud
542 1520 612 1559 vos:
630 1521 667 1559 ex
677 1502 765 1559 dietis
775 1504 881 1559 vestris
891 1503 1059 1559 confirmati
1070 1520 1181 1566 sumus,
1191 1504 1273 1575 quod

136 1602 203 1641 vos
223 1585 291 1640 sitis
312 1601 350 1640 ex
370 1584 492 1639 saeculo
505 1584 586 1655 quod
601 1593 727 1638 vocatur
741 1595 772 1638 et
793 1584 931 1639 consistit
950 1600 989 1638 ex
1010 1582 1088 1638 lerro
1109 1595 1141 1638 et
1162 1584 1273 1655 argilla,

137 1681 227 1736 quae
241 1680 303 1719 non
311 1662 482 1725 cohaerent,
492 1663 657 1718 secundum
668 1661 901 1734 praedictionem
914 1679 933 1717 a
946 1664 1071 1718 Daniele
1083 1665 1158 1733 (cap.
1170 1663 1199 1718 ii.
1208 1664 1256 1733 43)
1267 1681 1274 1726 ;

138 1743 249 1800 facitis
268 1744 349 1799 enim
364 1758 497 1798 amorem
516 1741 716 1813 conjugialem
738 1752 770 1797 et
791 1759 923 1798 amorem
943 1744 1155 1798 scortatorium
1170 1759 1273 1798 unum.

142 1823 232 1878 Num
246 1823 278 1876 hi
292 1823 353 1876 duo
363 1823 429 1892 plus
439 1821 601 1876 cohaerent
611 1837 700 1892 quam
712 1820 824 1876 lerrum
838 1832 869 1876 et
881 1822 1008 1893 argilla?
1045 1822 1108 1876 Vos
1117 1821 1273 1877 credimini

128 1915 180 1959 ·et
191 1902 344 1957 vocamini
357 1901 515 1972 sapientes,
526 1910 659 1955 attamen
674 1901 748 1955 nihil
760 1901 858 1956 minus
871 1918 960 1972 quarn
974 1901 1128 1972 sapientes
1140 1901 1240 1957 estis.''

204 1982 265 2038 His
274 1980 394 2042 auditis,
404 1980 521 2035 accensi
532 1980 575 2034 ira
584 1979 761 2042 clamabant,
773 1992 803 2036 et
816 1982 1024 2036 convocabant
1032 1983 1159 2044 turbam,
1170 1992 1204 2036 ut
1217 1997 1274 2037 nos

143 2062 311 2133 ejicerent:
330 2062 389 2116 'sed
408 2070 482 2114 tunc
498 2076 536 2114 ex
555 2060 691 2130 potentia
709 2061 796 2115 nobis
815 2076 833 2114 a
853 2060 985 2116 Domino
1003 2061 1075 2114 data
1089 2061 1274 2139 extensimus

146 2159 267 2205 manus,
280 2153 311 2197 et
326 2158 396 2197 ecce
409 2153 563 2213 presteres,
576 2141 722 2197 echidnae
737 2152 769 2197 et
784 2141 905 2212 hydrae,
918 2152 949 2195 et
964 2157 1084 2211 quoque
1097 2142 1242 2196 dracones
1256 2158 1274 2196 e

145 2221 273 2276 deserto
285 2221 419 2282 aderant,
432 2230 464 2276 et
479 2221 668 2283 invadebant,
680 2229 711 2275 et
726 2218 892 2290 implebant
907 2220 1018 2283 urbem,
1032 2236 1069 2274 ex
1083 2235 1144 2290 quo
1157 2219 1274 2273 habita·

145 2310 232 2356 tores
244 2300 342 2355 territi
354 2299 425 2354 lacti
438 2300 627 2371 aufugerunt.

207 2380 245 2435 Et
258 2379 335 2433 dixit
348 2379 421 2433 mihi
434 2380 565 2451 angelus,
577 2387 592 2408 ‘⁶
602 2379 637 2434 In
651 2379 802 2451 regionem
816 2378 894 2433 hanc
906 2377 1031 2433 cottidie
1041 2376 1190 2432 accedunt
1202 2377 1273 2432 novi

145 2475 171 2514 e
182 2460 297 2521 tellure,
310 2474 346 2514 sc
359 2459 474 2529 priores
486 2459 633 2529 pervices
645 2459 817 2530 relegantur
829 2468 861 2513 et
873 2458 1056 2528 dejiciuntur
1069 2457 1099 2510 in
1111 2457 1270 2528 voragines

146 2537 326 2600 occidentis,
340 2554 417 2608 quae
431 2555 447 2593 e
461 2538 625 2610 longinquo
638 2547 784 2608 apparent
796 2538 874 2592 sicut
887 2548 996 2607 stagna
1009 2537 1087 2607 ignis
1102 2547 1133 2592 et
1147 2535 1273 2608 sulphu-

148 2618 209 2680 ris;
225 2634 333 2674 omnes
345 2618 386 2672 ibi
399 2627 471 2673 sunt
483 2628 515 2672 et
526 2617 697 2688 spirituales
710 2626 742 2673 et
757 2617 908 2672 naturales
922 2615 1080 2672 adulteri.”

131 2789 228 2858 Ι80.
250 2789 398 2856 Sextum
418 2790 642 2856 Memorabile
656 2811 711 2855 :-

205 2922 281 2979 Cum
296 2923 371 2979 haec
385 2921 556 2987 dictasunt,
569 2921 702 2994 spectavi
714 2922 752 2978 ad
766 2923 855 2979 finem
869 2921 1044 2986 occidentis,
1057 2933 1089 2978 et
1101 2939 1171 2980 ecce
1183 2939 1274 2997 apps-

152 3014 276 3058 ruerunt
290 3003 370 3059 sicut
385 3013 492 3075 stagna
507 3003 584 3076 ignis
600 3014 630 3058 et
644 3003 810 3076 sulphuris;
832 3013 863 3059 et
878 3003 1012 3075 quaesivi
1025 3005 1174 3076 angelum,
1190 3003 1274 3061 “Cur

150 3092 297 3152 apparent
309 3082 425 3139 inferna
437 3083 477 3139 ibi
490 3083 561 3138 talia
568 3082 598 3138 ?”

207 3161 385 3232 Respondit,
396 3163 577 3234 “Apparent
589 3161 667 3219 sicut
679 3172 786 3234 stagna
798 3178 835 3218 ex
848 3161 1109 3218 falsificationibus
1117 3162 1189 3226 veri,
1200 3163 1272 3235 quia

152 3255 230 3311 aqua
242 3241 272 3295 in
286 3258 375 3296 sensu
385 3242 531 3313 spirituali
544 3253 591 3297 est
599 3258 721 3305 verum:
740 3252 771 3296 et
784 3253 909 3313 apparet
918 3243 997 3298 sicut
1007 3243 1084 3314 ignis
1094 3244 1208 3298 circum
1221 3244 1270 3299 illa

151 3331 185 3375 et
199 3320 229 3375 in
244 3320 304 3376 illis
318 3337 356 3375 ex
368 3337 471 3377 amore
484 3323 563 3385 mali,
579 3331 611 3377 et
621 3323 699 3377 sicut
712 3323 839 3392 sulphur
854 3339 890 3378 ex
904 3339 1006 3379 amore
1019 3323 1094 3379 falsi.
1130 3323 1202 3378 Tria
1214 3322 1272 3384 illa,

153 3409 301 3472 stagnum,
311 3400 389 3471 ignis
398 3412 429 3457 et
440 3402 574 3472 sulphur,
581 3412 653 3457 sunt
666 3403 867 3472 apparentiae,
877 3404 948 3475 quia
956 3415 1027 3459 sunt
1037 3403 1274 3474 corresponden-

156 3479 212 3534 tiae
225 3480 371 3535 malorum
382 3496 526 3543 amorum,
539 3480 568 3535 in
581 3482 691 3552 quibus
700 3491 787 3544 sunt:
806 3494 877 3538 sunt
886 3499 992 3538 omnes
1005 3484 1045 3537 ibi
1059 3483 1166 3538 inclusi
1176 3492 1273 3537 aeter·

157 3558 199 3614 nis
207 3561 374 3631 ergastulis,
384 3571 415 3614 et
428 3561 565 3615 laborant
577 3576 631 3631 pro
643 3558 734 3623 vitiu,
743 3561 856 3617 amictu
869 3574 901 3619 et
913 3561 1006 3626 ledet
1024 3574 1055 3618 et
1067 3564 1140 3617 dum
1151 3561 1274 3617 malela·

157 3639 244 3704 ciunt,
256 3642 388 3712 graviter
399 3651 430 3696 et
444 3642 550 3697 misere
563 3643 736 3713 puniuntur.

207 3717 320 3775 lterum
331 3720 464 3791 quaesivi
474 3721 621 3793 angelum,
632 3729 648 3752 ‘¹
657 3720 836 3785 Curdixisti,
846 3722 927 3794 quod
939 3722 979 3779 ibi
989 3724 1050 3780 sint
1060 3724 1229 3796 spirituales
1242 3734 1274 3780 et

158 3800 302 3855 nauales
314 3799 465 3855 adulteri?
483 3817 537 3855 cur
549 3817 618 3863 non,
633 3799 840 3857 malefaclores
853 3813 884 3858 et
898 3803 981 3874 impii
990 3802 1021 3858 ?”

207 3879 384 3950 Respondit,
397 3878 504 3951 “Quia
520 3896 627 3935 omnes
645 3880 687 3934 illi
706 3881 758 3951 qui
779 3897 833 3951 pro
848 3882 943 3937 nihilo
958 3893 1099 3953 reputant
1117 3883 1272 3945 adulteria,

159 3955 211 4013 hoc
223 3969 278 4022 est,
291 3957 344 4030 qui
357 3958 487 4013 credunt
498 3969 531 4014 et
542 3959 655 4015 iaciunt
666 3959 717 4015 illa
729 3976 766 4015 ex
775 3961 954 4017 confirmato
967 3972 997 4017 et
1009 3963 1052 4018 sic
1066 3980 1103 4018 ex
1116 3963 1273 4034 proposito

148 4039 232 4109 'quod
245 4049 370 4109 peccata
383 4054 444 4093 uon
457 4038 525 4101 sint,
536 4049 607 4094 sunt
616 4040 707 4095 corde
717 4056 773 4095 suo
784 4040 990 4097 maleiatlores
1002 4053 1033 4097 et
1047 4042 1129 4114 impii
1141 4059 1148 4105 ;
1167 4043 1274 4112 conju·

159 4117 228 4187 giale
242 4117 324 4174 enim
341 4117 506 4172 humanum
525 4129 557 4173 et
575 4119 680 4190 religio
698 4136 759 4174 una
773 4121 888 4176 vadunt
908 4121 938 4175 in
957 4121 1040 4176 omni
1057 4138 1160 4192 passu;
1182 4137 1274 4177 omne

158 4198 311 4272 vestigium
322 4208 354 4254 et
367 4197 467 4253 omnis
476 4213 594 4270 gressus
607 4214 644 4253 ex
656 4200 801 4271 religione
814 4211 845 4255 et
859 4201 888 4254 in
902 4201 1085 4271 religionem,
1095 4212 1142 4255 est
1153 4218 1273 4273 quoque

159 4280 311 4352 vestigium
325 4287 358 4333 et
370 4293 491 4348 gressus
503 4294 521 4333 a
533 4279 696 4351 conjugiali
709 4290 740 4335 et
759 4281 789 4335 in
803 4280 971 4353 conjugiale
984 4281 1065 4351 quod
1080 4281 1230 4351 peculiare
1242 4292 1274 4337 et

160 4361 303 4430 proprium
318 4370 368 4414 est
381 4357 496 4412 bomini
511 4357 711 4416 Christiano.”

149 4430 153 4441 ’
202 4440 252 4497 Ad
269 4437 550 4511 interrogationem,
565 4438 669 4511 “Quid
685 4439 855 4511 conjugiale
872 4439 945 4494 illud
955 4439 984 4496 ?’¹
1003 4438 1089 4506 dixit,
1102 4442 1182 4498 “Est
1197 4440 1274 4498 desi·
