2782 5026
322 122 373 173 na
395 122 530 187 aniona
552 112 942 194 couJuc1nn1.-u.76.
1148 116 1192 198 ⁶7
1273 106 1281 117 '

58 291 134 352 dum
146 287 251 349 fuistis
263 291 297 347 in
311 292 424 348 mundo
436 292 571 356 naturali.
584 309 622 348 ex
634 294 720 351 vobis
732 294 861 350 vixerint
872 311 941 351 cum
954 295 1087 368 pluribus
1099 312 1189 367 quam

57 386 131 427 eum
145 386 210 429 una
220 386 318 427 uxore
326 370 358 427 i''

115 449 301 521 Respondit,
310 450 392 522 quod
402 466 461 506 non
470 450 545 506 sciat
555 468 664 515 unum:
680 459 770 508 “nam
781 469 841 508 non
850 453 1002 524 potuimus
1010 455 1142 527 cogitate
1152 457 1191 513 de

59 528 208 599 pluribus.
244 528 391 585 Dixerant
405 531 492 586 nobis
507 530 548 585 illi
562 531 614 602 qui
629 532 841 604 oogitaverant,
857 533 938 603 quod
955 532 1034 589 illico
1048 535 1191 592 caelestes

60 607 270 663 beatitudines
278 608 442 663 animarum
454 609 570 664 illorum
582 611 756 679 recesserint
765 612 803 665 ab
813 611 926 666 intimis
935 612 972 666 ad
983 623 1116 668 extrema
1125 629 1190 669 cor·

61 686 146 757 poris
158 686 281 742 illorum
291 703 386 758 usque
398 688 436 743 ad
449 705 573 760 ungues,
584 699 615 744 et
627 690 715 744 simul
728 705 796 744 cum
811 689 869 744 illis
878 691 1015 747 encomia
1023 691 1191 756 virilitatis;

61 766 103 828 hi,
116 766 192 821 dum
206 766 265 821 hoc
279 777 453 837 perceptum
465 778 519 829 est,
532 766 619 838 ejedii
633 779 703 823 sunt
716 784 733 823 e
745 768 833 824 terris
845 768 983 824 nostris.”

118 844 178 900 His
187 843 284 906 dit'tis,
294 846 425 900 cucurrit
436 846 481 901 vir
488 847 526 900 ad
537 848 761 903 tabernaculum
770 863 866 907 suum,
877 858 908 903 et
918 847 1007 903 rediit
1015 865 1084 905 cum
1095 850 1189 905 malo-

58 935 200 997 gructa,
210 925 240 979 in
250 940 312 996 quo
321 924 379 979 iuit
387 925 474 996 copia
482 925 630 981 seminum
640 942 678 981 ex
686 942 775 989 auro;
796 927 969 988 etdonavit.
979 938 1011 982 et
1023 929 1186 998 deportavi,

58 1004 146 1074 quod
159 1003 235 1059 mihi
247 1014 313 1059 erat
324 1004 451 1075 signum,
461 1005 541 1075 quod
555 1004 697 1059 fuerimus
707 1021 775 1059 cum
788 1005 908 1076 illisqui
922 1006 952 1059 in
965 1007 1084 1063 saeculo
1096 1022 1189 1063 aureo

59 1083 214 1137 vixerunt.
261 1082 300 1138 Et
317 1093 391 1138 tunc
411 1093 480 1154 post
497 1084 707 1139 salutationem
726 1084 807 1156 pacis
824 1084 979 1147 abivimus,
995 1095 1027 1140 et
1044 1086 1187 1142 rediimus

61 1162 201 1222 domm

58 1327 134 1412 ⁷⁶·
157 1328 354 1395 Secundum
374 1329 599 1394 Memorabile
611 1350 665 1394 :-

116 1473 269 1531 Postridie
282 1474 367 1530 venit
380 1475 418 1530 ad
438 1491 486 1530 me
501 1475 624 1546 angelus
639 1475 728 1546 prior,
743 1485 774 1530 et
789 1476 873 1538 dixit,
889 1484 905 1506 ⁶¹
915 1475 969 1533 Vis
981 1485 1015 1532 ut
1029 1477 1137 1534 ducam
1154 1487 1187 1534 et

60 1552 190 1621 comiter
203 1563 235 1609 te
250 1554 288 1608 ad
302 1554 430 1625 populos
441 1554 492 1625 qui
508 1554 538 1608 in
554 1570 630 1610 aevo
644 1571 697 1609 seu
710 1555 828 1610 saeculo
842 1566 984 1627 argenteo
993 1556 1137 1617 vixerant,
1151 1568 1185 1612 ut

60 1649 99 1688 ex
111 1631 173 1687 illis
181 1632 340 1687 audiamus
351 1633 390 1687 de
403 1632 520 1688 illorum
531 1633 675 1703 temporis
689 1633 837 1705 conjugiis
847 1632 877 1688 ?”
913 1634 961 1690 Ac
975 1634 1091 1705 inquiit,
1102 1636 1186 1706 quod

60 1727 118 1767 nec
130 1710 163 1767 hi
176 1712 324 1769 adeantur
337 1711 394 1767 nisi
407 1728 445 1766 ex
457 1712 589 1783 auspicio
605 1712 737 1768 Domini.

116 1789 206 1846 Eram
221 1791 300 1845 sicut
315 1790 397 1862 prius
412 1790 442 1845 in
458 1791 572 1862 spiritu,
588 1807 623 1846 ac
637 1791 798 1846 comitatus
813 1807 877 1846 sum
894 1789 1048 1847 dudlorem
1065 1807 1167 1847 meum
1180 1810 1188 1856 3

59 1880 92 1925 et
104 1869 235 1941 primum
245 1870 284 1924 ad
295 1870 401 1925 coliem
413 1868 443 1925 in
454 1869 585 1926 confinio
595 1873 673 1924 inter
682 1870 827 1925 orientem
840 1882 872 1925 et
885 1870 1056 1933 meridiem;
1070 1881 1102 1925 et
1112 1871 1186 1926 dum

61 1965 152 2019 super
161 1948 242 2003 iliius
251 1949 330 2003 clivo
342 1964 466 2010 eramus,
478 1949 609 2004 ostendit
620 1949 693 2003 mihi
707 1965 843 2021 magnam
854 1949 1058 2004 extensionem
1069 1948 1186 2006 tractus

61 2038 175 2089 terrae;
191 2043 228 2083 ac
241 2027 373 2083 vidimus
387 2029 490 2098 procul
506 2028 698 2087 eminentiam
713 2028 792 2083 sicut
807 2039 987 2090 montanam,
1002 2028 1079 2082 inter
1094 2045 1186 2100 quam

61 2117 93 2161 et
106 2108 225 2167 collem,
239 2123 328 2176 super
343 2123 403 2178 quo
418 2106 563 2167 stetimus,
578 2118 641 2161 erat
655 2107 747 2168 vallis,
764 2117 795 2161 et
814 2117 882 2178 post
897 2106 974 2161 hanc
990 2107 1139 2177 planities,
1153 2119 1185 2173 et

61 2187 100 2241 ab
113 2188 172 2241 hac
182 2185 336 2241 acclivitas
349 2185 428 2240 lente
441 2201 574 2258 surgens.

116 2264 335 2321 Descendimus
347 2281 364 2319 e
375 2264 452 2319 colle
465 2263 615 2319 transituri
627 2264 743 2327 vallem,
757 2274 788 2318 et
799 2263 931 2320 vidimus
948 2279 967 2319 a
981 2264 1125 2320 lateribus
1136 2262 1186 2337 hic

63 2343 121 2399 illic
134 2344 217 2416 ligna
228 2354 260 2399 et
272 2360 344 2398 saxa
356 2343 386 2398 in
400 2343 508 2414 figuras
520 2343 685 2405 hominum,
697 2354 729 2398 et
743 2343 889 2399 variarum
901 2342 1070 2405 bestiarum,
1083 2344 1184 2399 avium

62 2433 93 2478 et
101 2422 238 2494 piscium,
248 2422 378 2493 sculpta;
397 2433 428 2476 et
437 2420 569 2493 quaesivi
580 2422 727 2492 angelum,
741 2420 846 2492 “Quid
857 2421 927 2477 illa?
942 2432 1051 2477 suntne
1062 2422 1143 2478 idola
1151 2422 1184 2478 ?’'

115 2502 155 2558 Et
166 2501 331 2572 respondit.
345 2501 497 2555 “Prorsus
513 2516 588 2561 non;
610 2511 680 2555 sunt
695 2500 947 2571 configurationes
959 2503 1185 2572 repraesentati·

63 2595 115 2637 vae
129 2580 280 2636 variarum
295 2580 440 2635 virtutum
457 2578 620 2640 moralium,
634 2590 665 2633 et
679 2579 1068 2658 veritatumxspiritualium
1088 2579 1185 2636 iuerat

63 2660 139 2731 apud
154 2658 283 2731 populos
293 2658 371 2714 iliius
380 2658 487 2713 aetatis
496 2657 620 2712 scientia
629 2658 974 2728 correspondentiarum;
993 2669 1025 2713 et
1037 2658 1107 2730 quia
1119 2675 1184 2714 om-

64 2740 107 2795 nis
124 2740 228 2799 homo,
244 2737 347 2799 bestia,
365 2737 428 2793 avis
450 2747 481 2792 et
506 2736 594 2807 piscis
611 2737 826 2807 correspondet
843 2735 930 2791 alicui
949 2737 1094 2808 qualitati,
1114 2738 1185 2794 ideo

63 2816 285 2889 unumquodvis
306 2816 444 2886 sculptile
468 2825 671 2887 repraesentat
691 2815 814 2887 aliquod
837 2815 960 2886 partiale
981 2816 1108 2878 virtutis,
1130 2826 1185 2871 aut

62 2897 205 2958 veritatis,
220 2907 252 2951 et
269 2897 356 2968 plura
369 2895 456 2951 simui
473 2895 566 2966 ipsam
582 2895 724 2950 virtutem
739 2905 792 2950 aut
806 2894 961 2950 veritatem
981 2894 1011 2948 in
1030 2895 1183 2961 communi

62 2989 184 3033 extensa
193 2974 304 3038 lomna:
322 2986 393 3031 sunt
403 2974 452 3030 illa
462 2990 538 3045 quae
549 2974 577 3029 in
589 2975 728 3046 Aegypto
738 2984 844 3029 vocata
853 2984 923 3028 sunt
936 2973 1184 3045 hieroglyphiea.”

113 3054 306 3113 Per-reximus
325 3071 377 3125 per
391 3054 508 3115 vallem,
520 3063 552 3108 et
570 3053 642 3107 dum
658 3053 834 3108 intravimus
849 3052 1009 3123 planitiem.
1023 3069 1092 3108 ecce
1107 3052 1184 3108 vidi·

64 3152 127 3191 mus
138 3150 236 3206 equos
248 3144 279 3188 et
291 3150 402 3193 currus,
415 3148 509 3203 equos
520 3132 600 3187 varie
614 3132 782 3201 phaleratos
795 3141 826 3186 et
837 3130 1020 3201 capistratos,
1033 3147 1068 3186 ac
1080 3147 1184 3187 currus

64 3214 290 3275 diversiiormes,
297 3213 442 3283 quosdam
453 3211 624 3282 exsculptos
630 3211 708 3266 sicut
716 3210 837 3281 aquilas,
845 3209 990 3280 quosdam
999 3209 1076 3264 sicut
1085 3211 1183 3266 balae·

63 3310 120 3355 nas.
133 3304 166 3349 et
178 3293 327 3365 quosdam
339 3291 417 3347 sicut
428 3307 534 3346 cervos
546 3306 614 3345 cum
627 3289 776 3350 cornibus,
789 3298 821 3343 et
832 3288 910 3343 sicut
923 3299 1137 3350 monocerotes,
1151 3300 1184 3344 et

64 3389 181 3444 quoque
201 3372 230 3427 in
247 3371 307 3425 fine
319 3370 419 3441 aliqua
431 3371 569 3440 plaustra.
582 3379 614 3423 et
628 3368 738 3422 circum
754 3367 792 3421 ad
808 3367 901 3422 latera
913 3367 1044 3428 stabula:
1062 3377 1094 3422 at
1111 3383 1181 3422 cum

64 3450 373 3524 appropinquavimus,
387 3461 448 3505 tam
463 3449 533 3519 equi
547 3464 636 3520 quam
649 3463 754 3502 currus
766 3446 906 3517 disparati
919 3456 997 3503 sunt,
1010 3457 1041 3500 et
1056 3462 1111 3516 pro
1124 3444 1182 3500 illis

65 3531 190 3587 vidimus
201 3529 349 3590 homines,
363 3529 445 3600 paria
459 3538 490 3583 et
506 3527 594 3598 paria,
607 3526 802 3587 ambulantes,
816 3525 1030 3595 colloquentes,
1045 3535 1076 3579 et
1091 3524 1181 3579 ratio·

65 3610 202 3671 cinantes.
230 3609 269 3665 Et
278 3608 356 3663 dixit
369 3607 441 3662 mihi
455 3607 586 3679 angelus,
598 3614 613 3634 ‘¹
622 3604 742 3675 Species
750 3620 904 3676 equorum,
917 3619 1066 3665 curruum,
1079 3614 1110 3657 et
1122 3614 1182 3658 sta-

67 3689 197 3747 bulorum
210 3705 229 3745 e
244 3687 411 3759 longinquo
420 3686 509 3748 visae,
519 3695 590 3741 sunt
602 3684 791 3755 apparentiae
802 3681 954 3739 rationalis
967 3680 1181 3752 intelligentiae

68 3767 215 3833 hominum
227 3767 309 3824 illius
321 3765 401 3830 aevi;
417 3781 512 3836 equus
521 3764 601 3819 enim
612 3780 650 3819 ex
659 3761 924 3833 correspondentia
933 3760 1080 3833 significat
1093 3759 1181 3813 intel-

69 3845 169 3904 tenum
183 3847 258 3910 veri,
271 3860 378 3903 currus
395 3843 561 3900 dostrinam
574 3843 647 3913 ejus,
660 3858 695 3898 ac
710 3841 826 3904 stabula
841 3836 1058 3895 instrudiiones.
1092 3836 1180 3892 Nosti

69 3929 139 3996 quod
151 3928 182 3984 in
195 3929 259 3985 hoc
271 3925 387 3980 mundo
400 3923 500 3979 omnia
512 3923 677 3985 secundum
690 3918 969 3991 correspondentias
980 3915 1169 3988 appareant.”

113 4006 168 4065 Sed
182 4002 416 4082 praeterivimus
430 4003 511 4066 haec,
524 4015 555 4059 et
570 4018 623 4073 per
637 4002 759 4073 longum
775 3998 921 4054 acclivum
936 3995 1132 4059 ascendimus,
1148 4005 1181 4050 et

71 4086 174 4144 tandem
188 4085 328 4145 vidimus
340 4082 452 4146 urbem,
464 4098 552 4155 quam
569 4080 761 4143 intravimus:
779 4087 811 4134 et
826 4077 856 4131 in
872 4074 1071 4149 pervadendo,
1084 4090 1102 4129 e
1117 4073 1180 4146 pla-
