2782 5026
283 444 336 497 ms
358 440 495 495 aurona
517 436 879 492 sconcaron1o.-u.
897 441 972 506 499.
1126 428 1186 508 381

58 617 214 685 calorem
230 613 330 690 caeli,
343 615 394 678 ita
409 611 559 677 vicissim
575 628 672 672 amor
687 607 845 673 adulterii
861 608 1011 674 occludit
1026 609 1191 677 interiora

59 715 203 787 mentis,
222 721 261 774 et
280 710 390 792 ipsam
410 717 564 771 mentem
583 704 696 787 quoad
715 702 930 769 voluntatem
950 704 1020 786 ejus
1036 707 1190 772 detrudit

60 811 94 875 in
117 826 245 890 corpus
269 824 375 887 usque
404 802 439 866 in
462 800 578 865 omnia
604 799 787 881 concupita
805 802 915 863 carnis
938 800 1029 882 ejus;
1062 813 1099 866 et
1121 824 1190 887 quo

60 903 276 990 profundius,
296 919 339 962 eo
358 896 434 981 plus
452 894 605 958 detrahit
624 904 659 957 et
678 893 822 975 elongat
842 894 935 958 illam
952 916 971 958 e
990 895 1098 960 caelo.

125 998 232 1083 498.
256 991 372 1078 (xvii).
398 991 496 1069 Quod
514 1010 617 1069 usque
630 989 863 1054 rationalitate
880 990 1027 1055 humana
1039 991 1191 1073 polleant

60 1096 148 1162 salut
169 1088 392 1171 alal-Quod
414 1087 521 1150 homo
540 1084 716 1158 naturalis,
736 1085 913 1159 sensualis,
933 1096 970 1150 et
992 1106 1188 1169 corporeus,

61 1210 171 1272 aeque
188 1184 368 1251 rationalis
383 1181 496 1264 quoad
513 1176 727 1245 intellettum
746 1181 790 1243 sit
806 1181 894 1244 sicut
910 1181 1015 1246 homo
1031 1184 1189 1265 spiritua·

62 1285 115 1360 lis,
133 1285 412 1348 demonstratum
428 1275 511 1338 mihi
526 1284 580 1338 est
600 1296 645 1338 ex
662 1276 792 1338 satanis
810 1286 846 1340 et
865 1276 1010 1341 diabolis
1029 1298 1074 1341 ex
1090 1280 1191 1343 venia

62 1376 326 1461 assurgentibus
344 1393 390 1436 ex
410 1371 551 1444 inferno,
569 1379 605 1433 et
624 1369 900 1452 colloquentibus
920 1391 996 1435 cum
1015 1373 1190 1455 spiritibus

62 1474 232 1558 angelicis
250 1473 285 1536 in
304 1467 434 1534 mundo
448 1466 637 1546 spirituum,
655 1465 697 1529 de
717 1465 837 1547 quibus
853 1467 979 1548 passim
1003 1469 1035 1531 in
1056 1468 1189 1534 Memo-

63 1570 250 1645 rabilibus;
274 1565 335 1627 sed
355 1562 434 1644 quia
452 1579 549 1623 amor
568 1560 756 1624 voluntatis
775 1560 857 1624 facit
875 1561 1063 1636 hominem,
1080 1574 1116 1629 et
1135 1565 1189 1630 hic

63 1665 172 1730 trahit
191 1656 407 1725 intellettum
427 1657 460 1718 in
480 1675 697 1728 consensum,
712 1655 789 1719 ideo
809 1655 898 1719 tales
916 1677 984 1719 non
1004 1660 1189 1724 rationales

63 1770 156 1833 sunt,
177 1757 241 1819 nisi
263 1772 365 1837 quam
389 1753 421 1814 in
446 1760 539 1814 statu
559 1760 693 1814 remoto
716 1750 760 1813 ab
781 1769 897 1814 amore
916 1752 1125 1831 voluntatis,
1152 1766 1189 1818 at

64 1855 145 1921 dum
161 1855 196 1918 in
212 1853 303 1916 hunc
320 1864 473 1912 amorem
486 1847 608 1909 iterum
622 1846 777 1921 redeunt,
791 1845 963 1911 insaniunt
981 1848 1073 1930 pejus
1086 1870 1188 1933 quam

64 1948 165 2013 ferae.
211 1945 321 2027 Atqui
354 1942 460 2005 homo
490 1941 563 2004 sine
592 1939 757 2005 facultate
787 1940 945 2006 elevandi
975 1942 1188 2009 intellectum

66 2064 166 2126 supra
179 2057 331 2105 amorem
344 2036 543 2110 voluntatis,
558 2055 626 2099 non
644 2036 730 2099 foret
747 2036 850 2099 homo
863 2036 923 2100 sed
940 2037 1061 2114 bestia,
1075 2039 1190 2105 bestia

67 2141 156 2204 enim
171 2134 337 2200 facultate
350 2132 409 2195 illa
426 2150 494 2194 non
507 2131 636 2212 gaudet
651 2152 659 2208 ;
678 2142 931 2214 consequenter
944 2152 1006 2197 nec
1019 2136 1188 2217 potuisset

67 2234 193 2317 eligere
206 2230 397 2314 quicquam,
409 2237 445 2291 et
462 2248 507 2289 ex
520 2223 688 2289 electione
700 2227 810 2290 facere
823 2227 914 2310 quod
931 2229 1057 2293 bonum
1074 2240 1138 2306 est,
1152 2242 1189 2296 et

68 2329 112 2392 sic
136 2345 206 2389 non
230 2323 399 2407 potuisset
419 2321 604 2395 reformari,
625 2330 661 2385 et
684 2322 760 2386 duci
783 2322 827 2385 ad
851 2321 995 2399 caelum,
1016 2335 1051 2389 et
1074 2326 1188 2390 vivere

68 2421 98 2487 in
117 2431 308 2487 aeternum.
354 2416 492 2480 Exinde
516 2427 581 2493 est,
602 2416 693 2499 quod
715 2416 862 2481 adulteri
884 2439 929 2481 ex
952 2421 1129 2503 proposito
1152 2432 1188 2485 et

68 2516 282 2590 confirmato,
303 2513 444 2579 tametsi
460 2533 552 2576 mere
571 2512 756 2588 naturales,
773 2514 959 2588 sensuales,
979 2526 1015 2579 et
1034 2517 1187 2597 corporei

67 2621 157 2687 sunt,
183 2630 288 2692 usque
318 2609 401 2671 dote
431 2607 648 2688 intelligendi
678 2629 737 2671 seu
767 2608 1002 2673 rationalitate
1032 2609 1188 2692 polleant

65 2708 153 2771 sicut
177 2704 256 2782 alii;
287 2703 348 2767 sed
372 2722 449 2766 cum
479 2703 512 2765 in
544 2702 681 2767 libidine
700 2702 857 2766 adulterii
880 2714 972 2779 sunt,
991 2715 1027 2770 et
1055 2726 1100 2769 ex
1130 2706 1189 2772 illa

64 2803 107 2867 de
127 2800 188 2865 illa
207 2801 364 2881 cogitant
387 2809 423 2863 et
448 2798 643 2881 loquuntur,
663 2818 731 2861 non
754 2799 991 2864 rationalitate
1013 2801 1081 2865 ista
1101 2821 1188 2883 gau·

60 2897 174 2975 dent;
206 2915 309 2959 causa
331 2905 395 2969 est,
416 2894 494 2976 quia
516 2903 597 2957 tunc
621 2912 701 2957 caro
719 2895 793 2975 agit
816 2896 849 2959 in
872 2896 1039 2977 spiritum,
1059 2906 1095 2961 et
1118 2918 1188 2963 non

59 2994 206 3076 spiritus
239 2992 272 3054 in
302 3009 451 3053 carnem.
497 2988 549 3054 At
579 2990 754 3052 sciendum
777 3001 841 3063 est,
865 2991 956 3073 quod
986 2992 1019 3055 hi
1047 2994 1188 3058 tandem

56 3099 146 3170 post
166 3098 314 3150 mortem
334 3083 418 3148 fiant
438 3086 587 3167 stupidi,
611 3104 680 3147 non
699 3086 790 3168 quod
811 3086 877 3149 illis
891 3087 1064 3152 auferatur
1081 3088 1187 3152 facul·

55 3191 120 3248 tas
140 3181 306 3263 sapiendi,
324 3181 386 3244 sed
405 3181 496 3264 quod
513 3199 581 3244 non
601 3179 709 3244 velint
728 3200 859 3263 sapere,
876 3184 1036 3266 quoniam
1052 3185 1188 3268 sapien·

53 3281 114 3344 tia
133 3276 331 3360 injucundat
351 3276 439 3341 illos.

129 3389 238 3459 499.
262 3371 388 3456 (xviii.)
414 3371 485 3436 Sed
503 3370 593 3451 quod
611 3370 841 3436 rationalitate
866 3372 928 3437 illa
949 3383 1089 3438 utantur
1108 3377 1189 3442 dum

52 3471 99 3536 ἑκ
126 3467 277 3533 externis
300 3477 389 3542 sunt,
413 3465 476 3531 sed
493 3466 679 3530 abutantur
700 3467 779 3530 dum
801 3468 836 3531 in
857 3468 930 3532 suas
952 3469 1188 3537 internas-ln

54 3566 223 3632 externis
252 3574 344 3638 sunt,
365 3563 446 3626 dum
475 3562 663 3646 loquuntur
684 3562 763 3625 foris
794 3572 830 3628 et
859 3565 893 3627 in
923 3574 1034 3639 coetu,
1054 3565 1088 3628 in
1118 3569 1189 3632 suis

54 3660 209 3727 internis
232 3669 349 3724 autem
373 3677 450 3722 cum
473 3659 566 3722 domi
596 3668 656 3722 aut
685 3677 811 3723 secum.
856 3658 1022 3741 Experire
1056 3660 1085 3723 si
1114 3662 1187 3741 vis;

56 3757 177 3822 adduc
194 3752 342 3836 aliquem
359 3752 477 3844 talem,
494 3765 532 3817 ut
551 3775 612 3837 pro
628 3752 801 3835 exemplo,
819 3754 989 3836 quendam
1005 3774 1049 3818 ex
1068 3756 1187 3821 ordine

57 3860 229 3917 vocatum
246 3849 424 3930 Jesuitam,
445 3860 481 3913 et
500 3849 551 3913 fac
571 3860 609 3913 ut
632 3849 676 3914 de
694 3849 781 3924 Deo,
801 3850 844 3913 de
863 3847 990 3912 sanctis
1008 3848 1186 3926 ecclesiae,

59 3949 179 4031 deque
202 3945 300 4009 caelo
323 3955 360 4009 et
382 3945 524 4020 inferno,
545 3944 707 4028 loquatur
728 3945 764 4007 in
787 3955 899 4020 coetu,
919 3955 978 4010 aut
1001 3944 1126 4008 doceat
1153 3946 1188 4010 in

60 4041 210 4125 templo,
241 4051 278 4105 et
307 4041 424 4104 audies
454 4041 548 4105 illum
578 4041 653 4125 plus
679 4041 882 4105 rationalem
912 4040 1061 4117 zeloten,
1084 4061 1187 4125 quam

62 4137 263 4222 quempiam
280 4134 407 4215 alium;
434 4135 522 4199 forte
541 4139 646 4200 etiam
666 4145 702 4201 te
725 4135 769 4200 ad
792 4136 940 4219 gemitus
959 4146 995 4202 et
1018 4135 1189 4218 lacrymas

64 4252 128 4316 pro
147 4231 261 4298 salute
279 4232 418 4314 adiget:
443 4233 504 4296 sed
523 4253 658 4298 assume
677 4231 772 4298 illum
791 4234 825 4297 in
843 4232 981 4297 domum
998 4244 1104 4308 tuam,
1124 4254 1188 4297 ex·

65 4329 153 4394 tolle
179 4327 277 4393 illum
304 4347 406 4411 supra
428 4329 576 4404 ordines,
601 4349 687 4393 voca
709 4328 805 4392 illum
828 4336 962 4411 patrem
985 4328 1188 4409 sapientiae,

67 4433 104 4489 et
124 4424 178 4490 fac
202 4435 238 4488 te
261 4424 418 4502 amicum,
440 4445 545 4508 usque
564 4424 645 4489 dum
663 4424 773 4506 aperit
792 4442 977 4502 corsuum,
997 4432 1033 4488 et
1056 4422 1187 4503 audies,
