2850 5026
197 390 240 469 48
546 400 729 453 nemeina
751 400 982 452 sarrsnrms

197 572 322 635 domus
338 592 397 636 seu
414 571 486 654 ipse
502 569 598 635 locus
614 580 761 654 separat,
775 571 895 653 rejicit,
913 581 949 636 et
966 571 1074 654 abigit
1091 570 1178 636 illos.
1225 570 1320 638 Haec

197 677 252 731 est
271 687 385 740 causa,
403 667 493 748 quod
513 666 590 741 illis,
608 669 664 748 qui
683 677 763 750 post
782 669 1081 750 praeparationem
1098 668 1321 731 introducun-

198 772 253 826 tur
271 763 304 825 in
324 762 469 836 caelum,
488 763 709 844 provideatur
725 763 920 844 conjugium
941 783 1017 826 cum
1037 774 1211 837 consorte,
1228 763 1321 844 cujus

197 858 312 920 anima
341 857 484 920 inclinat
515 857 559 919 ad
589 859 750 920 unionem
781 876 858 920 cum
889 858 1040 932 alterius,
1069 859 1157 921 adeo
1186 868 1224 922 ut
1254 877 1320 921 non

196 953 307 1015 velint
330 962 367 1014 ut
392 952 480 1014 duae
498 953 591 1014 vitae
615 973 691 1015 esse
715 952 776 1015 sed
799 971 887 1014 una:
913 951 997 1015 haec
1021 972 1124 1015 causa
1148 962 1213 1026 est,
1231 952 1326 1034 quod

197 1057 277 1129 post
298 1048 553 1129 separationem
572 1048 672 1110 detur
687 1049 760 1110 viro
776 1066 865 1109 uxor
880 1047 1100 1123 conveniens,
1118 1056 1155 1111 et
1174 1047 1320 1112 feminae

197 1143 339 1205 maritus
358 1142 524 1205 similiter.

260 1250 328 1318 51.
360 1235 445 1318 (vii.)
473 1235 570 1314 Quod
594 1237 747 1319 conjuges
776 1235 865 1299 inter
893 1256 930 1299 se
949 1237 1121 1316 fruantur
1145 1238 1320 1301 consortiis

196 1331 374 1406 similibus,
388 1332 508 1414 quibus
524 1332 559 1394 in
572 1333 704 1407 meando,
717 1331 1037 1414 sedjucundtbribus
1048 1341 1081 1394 et
1095 1332 1320 1407 beatrbribus,·

196 1447 311 1490 nerum
333 1425 457 1509 absque
470 1427 723 1510 prolificatione,
735 1436 804 1508 pro
821 1448 898 1508 qua,
918 1447 975 1489 seu
999 1427 1065 1489 loco
1082 1429 1161 1509 ejus,
1181 1437 1233 1490 est
1250 1427 1320 1491 illis

191 1523 397 1605 prolificatrb
408 1523 611 1603 spiritualis,
625 1544 709 1604 quae
723 1531 774 1585 cst
787 1521 917 1585 amoris
932 1532 965 1584 et
979 1522 1318 1604 sapientiae-Quod

195 1618 359 1699 conjuges
371 1618 524 1680 fruantur
536 1619 720 1681 consortiis
733 1618 909 1691 similibus,
924 1618 1045 1697 quibus
1061 1618 1094 1680 in
1112 1618 1250 1694 mundo,
1265 1628 1318 1682 est

195 1714 274 1795 quia
299 1724 379 1796 post
403 1724 551 1776 mortem
575 1712 746 1776 masculus
770 1723 823 1776 est
846 1713 1028 1787 masculus,
1053 1734 1093 1777 ac
1116 1714 1244 1778 semina
1265 1725 1318 1778 est

194 1808 331 1883 semina,
349 1819 384 1872 et
403 1810 537 1890 utrique
555 1809 732 1871 inclinatio
749 1808 792 1871 ad
811 1806 1086 1889 conjundiionem
1107 1830 1127 1871 a
1143 1812 1318 1874 creatione

194 1914 249 1967 est
268 1905 391 1981 insita;
415 1915 451 1968 et
471 1904 556 1967 haec
576 1904 756 1967 inclinatio
775 1904 865 1984 apud
884 1903 1059 1967 hominem
1079 1915 1133 1968 est
1156 1905 1227 1986 ejus
1247 1907 1315 1987 spi·

194 2001 279 2062 ritus
299 2009 334 2063 et
359 2001 438 2063 inde
461 2001 623 2082 corporis,
644 2021 747 2082 quare
771 2010 850 2082 post
875 2010 1033 2075 mortem,
1051 2019 1129 2063 cum
1152 2000 1257 2065 homo
1279 2001 1316 2064 fit

194 2095 343 2176 spiritus,
375 2105 493 2159 manet
523 2096 645 2158 eadem
677 2094 855 2158 inclinatio
885 2105 1024 2172 mutua;
1058 2105 1093 2159 et
1129 2095 1214 2159 haec
1248 2116 1316 2159 non

194 2189 317 2253 dabilis
345 2200 398 2254 est
427 2192 557 2273 absque
585 2191 751 2254 similibus
779 2192 982 2268 consortiis;
1014 2190 1120 2253 homo
1148 2192 1238 2254 enim
1262 2200 1316 2254 est

193 2283 309 2360 homo,
330 2295 367 2349 ut
386 2288 489 2368 prius,
510 2306 572 2349 nec
593 2287 691 2349 abest
711 2287 892 2369 quicquam
915 2307 935 2348 a
955 2286 1119 2359 masculo,
1141 2306 1203 2349 nec
1223 2287 1316 2368 quic·

193 2401 296 2463 quam
323 2402 343 2444 a
367 2381 502 2456 semina,
528 2383 640 2465 quoad
663 2381 807 2445 sormam
831 2390 911 2444 sunt
935 2382 997 2443 sibi
1028 2382 1166 2455 similes,
1191 2384 1317 2464 pariter

194 2477 307 2557 quoad
330 2475 527 2540 affettiones
554 2487 589 2540 et
613 2478 866 2558 cogitationes3
897 2476 977 2558 quid
1008 2486 1089 2539 tunc
1119 2477 1210 2538 aliud
1238 2476 1316 2540 inde

193 2573 357 2654 sequitur,
382 2574 445 2634 nisi
468 2592 569 2654 quam
593 2572 684 2654 quod
712 2572 834 2634 similia
862 2573 1036 2634 consortia
1060 2571 1149 2634 sint?
1179 2582 1215 2635 et
1240 2573 1316 2654 quia

193 2685 290 2729 amor
308 2666 509 2748 coniugialis
528 2677 582 2730 est
602 2676 729 2740 castus,
749 2686 851 2748 purus
870 2675 906 2728 et
930 2664 1078 2740 sandius,
1099 2667 1190 2748 quod
1210 2668 1315 2730 etiam

193 2763 368 2823 consortia
387 2762 489 2843 plena
507 2761 600 2824 sint?
624 2762 684 2824 sed
701 2761 882 2824 videantur
897 2762 939 2823 de
956 2762 1007 2824 his
1027 2761 1121 2843 plura
1134 2763 1167 2822 in
1182 2761 1314 2824 Memo-

192 2854 290 2917 rabili
308 2854 355 2937 (n.
371 2855 440 2937 44).
486 2855 587 2936 Quod
604 2858 777 2919 consortia
794 2867 875 2920 tunc
891 2855 1091 2936 jucundiora
1108 2866 1143 2931 et
1161 2857 1316 2919 beatiora

193 2951 274 3026 sint,
299 2960 353 3014 est
377 2953 456 3033 quia
485 2972 581 3014 amor
611 2952 680 3025 ille,
704 2953 784 3015 dum
812 2951 851 3015 fit
882 2953 1030 3031 spiritus,
1056 2951 1094 3014 fit
1119 2953 1259 3014 interior
1281 2961 1316 3014 et

192 3047 317 3128 purior,
338 3055 373 3110 et
397 3046 475 3108 inde
499 3047 764 3129 perceptibilior,
785 3056 820 3109 et
844 3048 954 3109 omnis
975 3046 1171 3128 jucunditas
1191 3047 1315 3110 crescit

192 3142 380 3204 secundum
397 3144 665 3223 perceptionem,
680 3152 715 3206 et
732 3142 854 3205 crescit
872 3162 976 3225 usque
993 3153 1031 3206 ut
1047 3143 1228 3205 beatitudo
1244 3140 1314 3223 ejus

192 3236 227 3300 in
241 3235 459 3317 jucunditate
479 3237 549 3317 ejus
569 3239 873 3301 animadvertatur.

255 3345 323 3412 μ.
354 3331 455 3412 Quod
475 3331 634 3414 conjugia
650 3334 684 3395 in
701 3333 806 3396 caelis
825 3333 892 3396 sint
911 3333 1038 3415 absque
1054 3331 1312 3414 prolificatione,

192 3427 252 3490 sed
266 3427 356 3509 quod
374 3447 435 3508 pro
451 3427 509 3490 illa
526 3429 570 3490 sit
586 3427 788 3510 prolificatio
805 3428 998 3510 spiritualis,
1013 3449 1100 3510 quae
1116 3438 1169 3490 est
1189 3427 1314 3490 amoris

191 3531 228 3585 et
252 3523 453 3603 sapientiae,
477 3531 530 3585 est
554 3523 631 3604 quia
651 3523 739 3605 apud
763 3522 841 3585 illos
860 3524 916 3605 qui
939 3525 972 3586 in
997 3524 1125 3585 mundo
1148 3521 1313 3603 spirituali

191 3625 283 3691 sunt,
304 3618 443 3679 tertium
463 3618 573 3691 deest,
594 3619 685 3700 quod
709 3627 763 3681 est
788 3619 954 3692 naturale,
976 3630 1010 3681 et
1035 3617 1100 3680 hoc
1125 3626 1178 3679 est
1201 3616 1312 3679 conti·

192 3728 277 3775 nens
293 3711 527 3791 spiritualium,
542 3732 581 3773 ac
599 3714 785 3793 spiritualia
802 3712 929 3795 absque
946 3733 1008 3775 suo
1024 3713 1226 3775 continente
1243 3730 1312 3773 non

191 3806 397 3879 consistunt,
412 3807 700 3887 quemadmodum
717 3808 775 3870 illa
792 3828 878 3890 quae
895 3817 1118 3889 procreantur
1133 3808 1167 3868 in
1184 3807 1313 3888 mundo

191 3899 360 3977 naturali;
385 3920 423 3961 ac
441 3900 628 3982 spiritualia
648 3902 680 3964 in
701 3923 737 3964 se
757 3899 913 3983 spectata
932 3923 968 3965 se
985 3901 1133 3965 referunt
1153 3901 1195 3963 ad
1215 3921 1312 3964 amo·

191 4015 263 4059 rem
293 4004 329 4059 et
353 3996 568 4076 sapientiam,
593 4016 695 4078 quare
725 3997 809 4060 haec
840 4006 930 4071 sunt,
955 4018 1042 4079 quae
1072 4018 1116 4059 ex
1147 3994 1313 4078 conjugiis

190 4089 327 4154 illorum
358 4100 553 4153 nascuntur.
607 4090 740 4154 Dicitur
769 4093 860 4173 quod
890 4091 975 4154 haec
1007 4100 1202 4164 nascantur,
1233 4092 1312 4174 quia

191 4204 289 4249 amor
312 4185 512 4266 conjugialis
537 4185 668 4268 perficit
692 4188 865 4268 angelum,
890 4189 963 4251 unit
987 4188 1076 4249 enim
1107 4188 1202 4250 illum
1234 4205 1311 4250 cum

192 4300 253 4343 sua
276 4291 449 4356 consorte,
470 4281 559 4344 unde
583 4280 621 4344 fit
645 4280 720 4364 plus
743 4292 779 4344 et
803 4282 879 4362 plus
901 4283 1016 4356 homo,
1037 4301 1128 4357 nam,
1149 4293 1186 4345 ut
1211 4300 1312 4364 supra

192 4374 320 4443 dictum
339 4385 405 4454 est,
425 4376 494 4440 duo
513 4376 678 4459 conjuges
701 4378 734 4440 in
755 4376 853 4440 caelo
872 4396 940 4440 non
960 4387 1039 4440 sunt
1059 4379 1126 4440 duo
1146 4379 1206 4442 sed
1226 4397 1312 4441 unus

771 4650 949 4728 A
