2850 5026
153 434 215 501 166
400 455 404 463 ¹
498 448 681 499 onarcma
704 448 933 500 suernnrran

149 620 242 704 quod
265 619 331 684 hoc
355 642 401 685 ex
424 620 609 703 conjugiali
629 621 684 696 sit,
705 632 759 686 est
781 622 860 704 quia
879 641 975 685 amor
992 620 1199 704 coniugialis
1219 630 1288 686 est

148 716 417 780 fundamentalis
434 718 587 780 omnium
606 737 772 792 amorum,
793 726 830 781 ut
850 738 952 799 supra
971 715 1020 799 (n.
1039 717 1108 799 65),
1124 718 1281 781 demon·

152 819 298 874 stratum
317 820 382 874 est.

215 917 313 986 204·
343 903 447 987 Quod
471 905 585 988 proles
608 916 712 969 natae
739 906 784 969 ab
812 907 880 969 illis
903 907 957 988 qui
988 907 1022 968 in
1050 926 1169 970 amore
1192 928 1277 972 vere

148 998 333 1081 conjugiali
346 1010 435 1074 sunt,
450 1001 590 1064 trahant
607 1001 849 1066 inclinationes
862 1012 897 1065 et
913 1001 1109 1075 facultates,
1128 1002 1156 1064 si
1172 1000 1271 1075 filius,

149 1098 194 1161 ab
217 1096 471 1177 percipiendum
495 1096 554 1158 illa
576 1117 663 1178 quae
687 1097 877 1177 sapientiae
901 1106 992 1170 sunt,
1012 1105 1049 1159 et
1076 1098 1104 1158 si
1126 1095 1208 1171 filia,
1228 1098 1273 1161 ad

151 1190 335 1254 amandum
359 1190 418 1252 illa
440 1210 528 1273 quae
547 1193 718 1272 sapientia
736 1193 852 1265 docet,
873 1202 927 1255 est
949 1211 1064 1265 causa,
1084 1193 1165 1274 quia
1186 1212 1271 1256 cou-

145 1282 273 1366 jugiale
292 1285 372 1349 boni
392 1295 428 1348 et
451 1287 521 1348 veri
544 1306 564 1348 a
586 1288 760 1349 creatione
780 1287 1023 1368 implantatum
1043 1297 1098 1351 est
1122 1286 1272 1367 cujusvis

150 1382 294 1453 animae,
319 1390 355 1442 et
385 1400 519 1462 quoque
544 1382 802 1464 insequentibus
831 1382 877 1445 ab
904 1383 1041 1459 anima;
1075 1401 1156 1444 nam
1180 1384 1272 1465 quod

147 1473 341 1555 conjugiale
360 1475 444 1538 illud
464 1476 605 1557 impleat
627 1478 820 1539 universum
840 1497 860 1539 a
883 1478 998 1557 primis
1017 1476 1061 1538 ad
1080 1476 1215 1552 ultima,
1234 1487 1271 1542 et

147 1571 192 1633 ab
209 1569 347 1633 homine
364 1590 469 1652 usque
486 1571 530 1632 ad
546 1591 708 1643 vermem,
723 1572 813 1652 prius
830 1581 1007 1634 ostensum
1024 1580 1077 1633 est
1091 1591 1099 1648 ;
1123 1580 1160 1634 et
1180 1573 1272 1654 quod

148 1665 292 1729 facultas
307 1665 352 1728 ad
371 1666 591 1747 aperiendum
609 1665 767 1729 inferiora
784 1667 910 1728 mentis
927 1686 1031 1747 usque
1048 1665 1091 1728 ad
1108 1665 1271 1746 conjunc·

148 1761 279 1824 tionem
299 1780 375 1823 cum
394 1759 466 1841 ejus
485 1761 722 1842 superioribus,
743 1781 830 1842 quae
849 1771 930 1823 sunt
953 1761 985 1822 in
1007 1759 1082 1822 luce
1100 1770 1137 1824 et
1155 1761 1271 1828 calore

44 1855 49 1863 '
149 1855 246 1929 caeli,
263 1855 368 1918 cuivis
384 1854 514 1918 homini
528 1876 550 1917 a
566 1857 741 1918 creatione
757 1855 868 1917 indita
884 1856 939 1928 sit,
955 1855 1044 1935 prius
1060 1855 1167 1918 etiam
1183 1857 1270 1920 indi·

148 1961 265 2015 catum
285 1958 361 2027 est;
385 1949 466 2011 inde
485 1960 594 2030 patet,
612 1951 702 2032 quod
722 1949 884 2012 habilitas
903 1959 939 2013 et
957 1949 1103 2012 facilitas
1122 1951 1167 2013 ad
1187 1971 1270 2016 con·

144 2045 357 2128 jungendum
374 2044 500 2107 bonum
518 2065 609 2118 vero,
628 2054 663 2107 et
680 2065 795 2107 verum
813 2045 915 2118 bono,
929 2045 978 2107 ita
994 2044 1037 2106 ad
1056 2046 1269 2126 sapiendum·

147 2141 214 2203 illis
232 2141 289 2223 qui
308 2162 327 2204 e
349 2139 410 2202 tali
430 2138 589 2221 conjugio
605 2140 676 2202 nati
695 2150 785 2211 sunt,
803 2160 883 2222 prae
900 2139 1037 2220 reliquis
1053 2160 1072 2202 a
1089 2141 1271 2206 nativitate

148 2234 350 2298 inheredata
378 2235 444 2311 sit;
478 2245 731 2317 consequenter
757 2236 862 2297 etiam
890 2235 933 2296 ad
961 2235 1183 2299 imbuendum
1212 2235 1271 2301 illa

148 2350 235 2412 quae
249 2329 414 2393 ecclesiae
430 2340 466 2392 et
483 2330 569 2392 caeli
582 2339 662 2391 sunt
678 2350 686 2405 ;
712 2330 802 2410 quod
820 2349 897 2391 cum
914 2329 966 2391 his
982 2349 1078 2392 amor
1091 2329 1268 2412 conjugia⁴

148 2423 189 2487 lis
207 2423 409 2506 conjunctus
425 2426 481 2499 sit,
499 2445 599 2506 supra
616 2423 742 2506 pluries
759 2424 1016 2486 manifestatum
1033 2434 1096 2487 est.
1142 2425 1200 2488 Ex
1218 2425 1269 2490 hir

148 2540 264 2584 coram
283 2522 416 2584 ratione
440 2521 616 2582 evidenter
637 2529 736 2600 patet
760 2517 845 2592 finis,
866 2527 1006 2600 propter
1028 2538 1129 2601 quem
1153 2518 1268 2600 conju·

148 2617 205 2697 gia
233 2617 360 2679 amoris
384 2636 464 2677 vere
487 2614 689 2695 conjugialis
717 2634 739 2676 a
769 2613 919 2678 Domino
942 2613 1107 2678 Creatore
1134 2616 1270 2696 provisa

147 2721 240 2786 sunt,
261 2721 296 2775 et
317 2711 426 2774 adhuc
448 2711 678 2792 providentur.

181 2800 184 2810 ’
211 2819 311 2887 205.
341 2804 468 2867 Audivi
485 2805 528 2867 ab
547 2805 691 2885 angelis,
708 2805 799 2887 quod
820 2804 879 2876 illi,
897 2805 953 2886 qui
972 2805 1005 2867 in
1025 2804 1268 2886 antiquissimis

63 2962 64 2966 ,
148 2901 241 2963 aevis
265 2901 436 2971 vixerant,
461 2899 563 2962 hodie
593 2901 627 2961 in
657 2901 761 2962 caelis
784 2900 903 2961 vivant
927 2900 1048 2961 domus
1071 2909 1107 2963 et
1132 2900 1264 2972 domus.

148 2993 296 3057 familiae
314 3004 348 3057 et
365 2994 523 3067 familiae,
542 3013 580 3055 ac
599 3005 723 3074 gentes
740 3004 774 3055 et
792 3003 926 3073 gentes,
941 2993 1098 3056 similiter
1117 3004 1155 3057 ut
1172 2996 1267 3059 vixe-

147 3100 225 3152 rant
245 3090 278 3151 in
299 3089 407 3162 terris,
427 3098 462 3151 et
480 3088 571 3170 quod
591 3090 649 3149 vix
669 3088 790 3169 aliquis
813 3109 833 3150 a
856 3089 961 3150 domo
979 3089 1089 3165 desit;
1120 3097 1156 3152 et
1177 3087 1267 3171 quod

151 3204 253 3246 causa
277 3184 332 3256 sit,
358 3184 435 3264 quia
458 3183 548 3264 apud
572 3182 650 3244 illos
673 3183 735 3244 fuit
759 3203 855 3245 amor
877 3204 956 3246 vere
979 3183 1203 3264 conjugialis;
1226 3192 1268 3248 et

148 3278 240 3360 quod
263 3279 343 3341 inde
370 3278 484 3359 proles
508 3277 777 3340 hereditaverint
802 3277 1044 3340 inclinationes
1073 3278 1117 3340 ad
1148 3277 1264 3358 conju·

148 3373 239 3454 giale
258 3373 338 3435 boni
361 3382 397 3436 et
421 3374 502 3445 veri,
524 3393 563 3435 ac
587 3372 677 3454 quod
697 3373 837 3434 interius
860 3382 896 3434 et
919 3373 1061 3435 interius
1084 3374 1117 3436 in
1142 3372 1226 3435 illud
1248 3392 1268 3435 a

147 3468 347 3548 parentibus
364 3488 423 3549 per
439 3468 663 3531 educationes
675 3466 775 3529 facile
787 3467 911 3529 initiati
929 3468 1008 3538 sint,
1028 3476 1063 3529 et
1081 3467 1161 3529 dein
1180 3467 1267 3531 sicut

148 3582 168 3625 a
192 3564 395 3644 semetipsis,
419 3583 496 3625 cum
520 3565 571 3626 sui
590 3562 707 3644 judicii
728 3559 808 3625 facti
830 3571 922 3637 sunt,
942 3583 963 3624 a
986 3562 1138 3625 Domino
1160 3563 1267 3626 intro·

148 3654 241 3719 ducti
261 3659 340 3720 sint.

212 3750 314 3815 206.
339 3750 463 3834 (xviii.)
486 3751 584 3829 Quod
591 3753 721 3836 itafiat,
733 3752 812 3834 quia
824 3752 937 3814 anima
945 3751 1055 3831 prolis
1067 3761 1117 3814 est
1127 3773 1150 3815 a
1157 3761 1267 3832 patre,

148 3862 188 3909 ac
204 3845 345 3908 induitio
362 3848 430 3929 ejus
453 3870 474 3910 a
492 3845 756 3929 matra—Quod
772 3848 886 3909 anima
905 3847 948 3908 sit
968 3866 987 3907 a
1007 3857 1113 3927 patre,
1133 3867 1153 3908 a
1174 3845 1267 3909 nullo

149 3942 304 4022 sapiente
323 3941 356 4003 in
376 3942 514 4005 dubium
534 3953 677 4006 vocatur
689 3964 698 4021 ;
722 3942 930 4022 conspicitur
949 3943 1053 4003 etiam
1073 3940 1138 4005 hoc
1159 3941 1267 4004 mani÷

148 4036 235 4098 feste
251 4057 295 4098 ex
313 4037 444 4109 animis,
462 4048 497 4099 et
514 4057 647 4119 quoque
664 4057 709 4099 ex
728 4036 888 4108 faciebus,
905 4055 992 4116 quae
1009 4046 1087 4098 sunt
1106 4036 1180 4116 typi
1196 4035 1269 4099 ani·

150 4150 294 4205 morum,
319 4132 352 4193 in
376 4133 647 4212 posteritatibus,
671 4152 757 4214 quae
785 4150 805 4194 a
835 4132 988 4212 patribus
1010 4130 1211 4195 familiarum
1235 4132 1269 4197 in

147 4224 241 4306 justa
259 4226 346 4289 secie
362 4226 552 4307 procedunt
567 4247 574 4304 3
599 4227 687 4289 redit
704 4227 795 4288 enim
812 4235 911 4306 pater
929 4226 1017 4288 sicut
1036 4226 1069 4287 in
1093 4222 1217 4306 effigie,
1241 4225 1269 4287 si

150 4339 220 4382 non
243 4321 277 4382 in
297 4319 383 4395 filiis,
404 4341 508 4401 usque
531 4321 565 4382 in
585 4321 767 4402 nepotibus
790 4329 825 4383 et
850 4318 1114 4401 pronepotibus;
1145 4329 1181 4383 et
1205 4320 1270 4383 hoe

150 4412 191 4478 fit
220 4435 266 4478 ex
295 4434 408 4491 causa,
428 4414 506 4496 quia
534 4415 647 4477 anima
671 4414 752 4479 facit
778 4415 936 4478 intimum
959 4413 1116 4491 hominis,
1136 4424 1173 4478 et
1202 4413 1269 4481 hoc

563 4698 678 4728 A
