2782 5026
135 453 194 522 ¹5²
474 447 658 500 naucum
680 446 913 498 semema

128 620 299 693 genitalem.
309 617 360 672 nbi
370 616 472 672 omnia
480 616 614 670 derivata
624 631 644 668 a
653 616 750 686 prima
757 616 876 687 origine
884 616 977 671 simul
986 626 1070 677 sunt„
1082 627 1114 673 et
1123 634 1185 673 una
1192 633 1250 674 cum

129 699 305 754 suooeoeivis
317 698 430 751 iaciunt
441 712 574 750 amorem
588 696 799 767 oonjug'nlem.

185 778 259 833 Post
268 778 342 831 haec
350 777 448 847 angeli
456 776 606 835 dixerunt,
618 774 691 828 “Sit
705 776 922 829 commercium
937 777 1091 831 sermonis
1105 793 1161 847 per
1172 777 1257 831 inter·

130 858 302 928 rogationes
319 868 351 910 et
365 870 516 925 responsa.
528 854 670 924 quoniam
687 855 842 924 perceptio
857 856 901 908 rei
917 856 1030 910 hausta
1042 872 1084 910 ex
1096 857 1167 911 sola
1180 857 1259 910 audi·

129 937 214 992 tione
225 936 346 1007 quidem
360 934 467 995 influit.
479 934 532 988 sed
553 949 614 989 non
634 943 744 994 manet.
758 934 815 988 nisi
833 935 961 989 audiens
979 935 1074 989 etiam
1093 937 1211 1008 cogitet
1224 937 1260 991 de

131 1016 183 1071 illa
193 1031 232 1070 ex
242 1030 283 1076 se,
296 1030 331 1068 ac
344 1011 535 1084 interroget”

184 1094 271 1149 Tunc
278 1093 401 1164 quidam
410 1109 448 1146 ex
457 1090 620 1162 conjugiali
630 1091 684 1145 illo
691 1102 782 1146 coetu
791 1091 935 1145 dixerunt
944 1092 984 1146 ad
994 1093 1133 1164 angelos,
1143 1101 1162 1122 “
1170 1094 1264 1149 Audi·

130 1174 230 1229 vimus
246 1174 328 1244 quod
347 1172 433 1242 origo
446 1171 559 1226 amoris
576 1171 757 1241 conjugialis
775 1171 817 1224 sit
837 1170 950 1224 Divina
964 1173 1116 1234 caelestis.
1132 1174 1207 1243 quia
1220 1185 1264 1228 ast

131 1270 170 1309 ex
182 1253 296 1308 influxu
308 1252 339 1306 in
351 1252 468 1305 animas
480 1250 636 1304 hominum
652 1265 671 1303 a
687 1249 836 1312 Domino:
854 1262 887 1304 et
898 1252 973 1320 quia
986 1268 1006 1304 a
1022 1251 1170 1313 Domino.
1184 1255 1265 1324 quod

132 1333 194 1388 sint
207 1348 300 1394 amor,
312 1330 467 1400 sapientia.
482 1342 515 1384 et
527 1345 609 1390 usus,
623 1345 701 1399 quae
715 1341 788 1383 sunt
804 1330 865 1384 tria
877 1332 1062 1392 essentialia.
1078 1348 1161 1402 quae
1176 1333 1266 1387 simul

132 1412 246 1468 iaciunt
259 1426 349 1464 unam
362 1410 523 1464 essentiam
537 1407 688 1469 Divinam.
702 1418 734 1462 et
746 1410 829 1479 qnod
843 1426 905 1464 non
917 1410 1002 1463 aliud
1016 1412 1116 1480 possit
1128 1428 1222 1482 quam
1236 1413 1267 1467 id

132 1493 215 1562 quod
228 1501 276 1546 est
287 1490 435 1544 essentiae
449 1487 577 1542 Divinae
588 1489 627 1542 ab
642 1487 713 1557 lpso
726 1488 898 1558 procedere,
910 1504 947 1542 ac
963 1489 993 1543 in
1010 1490 1156 1545 intimum
1170 1491 1268 1547 homi·

133 1571 189 1632 nis.
198 1571 281 1641 quod
294 1580 421 1624 vocatur
431 1568 498 1637 ejus
506 1568 616 1628 anima,
625 1567 767 1628 influere:
785 1578 817 1622 et
830 1569 913 1638 quod
929 1569 980 1622 illa
990 1569 1052 1623 tria
1060 1581 1226 1626 vertantur
1237 1572 1267 1625 in

133 1651 260 1720 analoga
274 1659 305 1703 et
325 1647 594 1716 correspondentia
614 1646 646 1699 in
665 1647 813 1700 descensu
836 1648 866 1700 in
888 1663 1018 1716 corpus:
1043 1649 1269 1721 interrogamus

134 1730 236 1800 itaque
255 1744 334 1782 nunc
350 1727 487 1797 primum,
503 1724 584 1796 Quid
600 1725 781 1797 intelligitur
799 1742 854 1796 per
871 1728 997 1781 tertium
1012 1729 1180 1786 essentiale
1200 1747 1269 1802 pro-

134 1809 246 1864 cedens
260 1807 411 1866 Divinum.
424 1805 506 1875 quod
518 1803 633 1858 ditium
646 1816 693 1859 est
705 1804 815 1860 usus?”

189 1886 421 1956 Responderunt
436 1884 544 1954 angeli,
559 1885 641 1953 quod
663 1900 750 1938 amor
770 1895 802 1939 et
823 1885 975 1954 sapientia
985 1886 1103 1957 absque
1124 1904 1185 1943 usu
1207 1890 1269 1944 sint

135 1967 228 2022 modo
240 1966 326 2020 ideae
338 1963 531 2034 cogitationis
543 1961 718 2025 abstratlae,
726 1980 803 2033 quae
813 1965 905 2018 etiarn
920 1977 990 2034 post
1002 1967 1137 2037 aliquam
1149 1984 1267 2022 moram

135 2047 165 2101 in
180 2057 281 2100 mente
292 2055 448 2099 transeunt
460 2043 538 2096 sicut
547 2043 646 2104 venti:
666 2052 682 2071 ⁸·
689 2053 721 2097 at
732 2043 782 2097 illa
791 2044 853 2098 duo
862 2044 1050 2115 colliguntur
1060 2045 1091 2099 in
1102 2062 1170 2108 usu,
1180 2058 1214 2102 et
1227 2049 1267 2102 ibi

135 2125 212 2180 fiunt
222 2141 323 2186 unum,
331 2123 413 2194 quod
420 2133 548 2177 vocatur
556 2123 650 2182 reale:
666 2138 725 2175 non
734 2134 835 2192 potest
843 2139 929 2177 amor
936 2124 1090 2195 quiescere
1099 2126 1158 2181 nisi
1168 2126 1268 2189 iaciat.

135 2216 183 2261 est
195 2205 274 2260 enim
286 2219 373 2257 amor
385 2203 481 2272 ipsum
496 2202 577 2255 vitae
589 2200 729 2263 activum,
742 2217 798 2256 nec
815 2213 915 2271 potest
930 2204 1079 2273 sapientia
1091 2206 1225 2261 existere
1237 2218 1268 2262 et

136 2285 305 2345 subsistere.
316 2283 373 2336 nisi
386 2299 423 2336 ex
435 2297 538 2336 amore
550 2291 661 2334 etcum
674 2281 727 2335 illo
735 2282 860 2351 quando
869 2281 949 2342 iacit.
959 2298 996 2337 ac
1009 2283 1108 2338 lacere
1118 2295 1168 2339 est
1180 2302 1268 2346 usus:

136 2380 228 2434 quare
241 2363 401 2418 delinimus
414 2378 510 2422 usum,
522 2361 604 2430 quod
617 2360 658 2414 sit
672 2360 769 2415 lacere
782 2363 895 2415 bonum
911 2378 949 2415 ex
964 2378 1067 2417 amore
1080 2380 1136 2433 per
1147 2366 1269 2443 sapign-

136 2444 228 2507 tiam;
249 2459 320 2497 usus
335 2451 382 2496 est
401 2441 498 2510 ipsum
514 2441 637 2494 bonum.
674 2437 826 2510 Quoniam
847 2440 899 2495 illa
916 2441 982 2503 tria.
997 2458 1092 2504 amor.
1107 2444 1268 2513 sapientia.

136 2535 169 2577 et
181 2539 259 2584 usus.
271 2521 399 2575 influunt
410 2521 440 2573 in
453 2519 569 2573 animas
579 2518 745 2582 hominum,
756 2531 894 2574 constare
905 2531 1015 2590 potest,
1026 2522 1108 2576 unde
1120 2533 1170 2576 est
1184 2525 1268 2596 quod

137 2603 262 2663 dicatur,
274 2601 356 2671 quod
370 2600 586 2654 omnebonum
601 2598 642 2653 sit
654 2614 672 2652 a
685 2597 768 2661 Deo:
787 2614 878 2654 omne
887 2600 968 2654 enim
982 2599 1095 2654 ladlum
1110 2618 1149 2656 ex
1162 2619 1269 2659 amore

138 2698 191 2752 per
209 2681 385 2751 sapientiam
404 2688 528 2733 vocatur
543 2679 664 2738 bonurn,
677 2688 708 2731 et
727 2694 798 2732 usus
816 2689 863 2732 est
882 2695 1003 2750 quoque
1021 2678 1145 2736 latium.
1185 2680 1268 2755 Quid

137 2777 223 2816 amor
240 2761 353 2830 absque
372 2757 527 2828 sapientia
542 2757 598 2811 nisi
616 2758 769 2827 quoddam
784 2756 923 2813 latuum?
947 2769 979 2812 et
998 2759 1071 2829 quid
1090 2776 1180 2815 amor
1197 2778 1268 2816 cum

138 2839 285 2912 sapientia
299 2840 411 2908 absque
421 2854 486 2898 usu,
498 2837 554 2890 nisi
568 2837 657 2891 flatus
668 2836 800 2891 mentis?
837 2838 879 2892 At
890 2854 964 2892 vero
974 2854 1060 2892 amor
1070 2848 1101 2894 et
1114 2841 1269 2910 sapientia

138 2936 207 2975 cum
223 2935 279 2974 usu
294 2935 355 2972 non
372 2917 463 2971 modo
476 2915 590 2971 iaciunt
603 2916 765 2978 hominem,
778 2917 831 2970 sed
844 2917 934 2971 etiam
949 2928 1020 2972 sunt
1034 2916 1144 2973 bomo:
1163 2920 1269 2985 immo.

138 3000 220 3070 quod
236 2996 314 3052 forte
327 2995 516 3058 mirabimini,
531 3005 696 3066 propagant
706 2995 877 3058 hominem3
895 3013 964 3050 nam
979 2997 1008 3051 in
1022 2998 1138 3053 semine
1148 3000 1209 3054 viri
1222 3012 1270 3056 est

139 3081 205 3149 ejus
216 3078 315 3132 anima
329 3077 359 3130 in
373 3075 504 3146 perlecta
517 3075 614 3129 lorma
625 3075 767 3135 humana,
781 3074 921 3130 obvelata
933 3077 1109 3131 substantiis
1123 3094 1160 3132 ex
1171 3081 1271 3150 puris·

140 3155 224 3212 simis
239 3165 372 3215 naturae,
386 3171 422 3208 ex
437 3154 546 3224 quibus
558 3152 706 3206 formatur
717 3168 827 3223 corpus
842 3155 872 3206 in
888 3164 975 3208 utero
989 3154 1109 3217 maniat
1129 3155 1181 3210 hic
1197 3175 1271 3213 usus

140 3246 186 3291 est
195 3251 266 3289 usus
275 3249 431 3304 supremus
439 3249 473 3287 ac
481 3233 605 3287 ultimus
615 3231 714 3286 Divini
725 3233 835 3286 amoris
846 3249 899 3302 per
909 3232 1048 3287 Divinam
1058 3235 1271 3304 sapientiam.”

140 3315 275 3369 Tandem
289 3314 429 3367 dixerunt
441 3312 547 3384 angeli,
562 3311 654 3366 “Hoc
666 3312 723 3366 erit
735 3313 918 3370 conclusum.
932 3313 1014 3382 quod
1028 3314 1127 3368 omnis
1140 3315 1270 3371 fructifi-

141 3393 229 3456 catio,
239 3393 337 3448 omnis
348 3393 524 3463 propagatio
536 3402 567 3445 et
579 3391 678 3446 omnis
689 3390 866 3461 prolificatio
876 3392 915 3446 sit
928 3392 1087 3461 originitus
1098 3409 1138 3447 ex
1151 3395 1270 3451 influxu

141 3473 259 3536 amoris.
281 3473 445 3543 sapientiae
469 3482 500 3526 et
527 3488 599 3526 usus
626 3487 644 3525 a
672 3470 813 3532 Domino,
837 3487 874 3525 ex
899 3471 1011 3524 influxu
1040 3471 1223 3529 immediato
1253 3492 1272 3530 a

143 3553 277 3609 Domino
293 3554 322 3606 in
338 3553 452 3606 animas
465 3551 630 3612 hominum,
644 3566 681 3604 ex
697 3550 812 3603 influxu
826 3550 959 3605 mediato
975 3549 1004 3603 in
1021 3550 1137 3606 animas
1152 3553 1272 3609 anima·

142 3634 225 3695 lium,
235 3643 266 3688 et
279 3649 316 3688 ex
330 3632 442 3686 influxu
455 3630 554 3685 adhuc
564 3630 697 3685 mediato
710 3630 741 3684 in
755 3630 861 3684 intima
871 3629 1098 3700 vegetabilium
1116 3642 1148 3685 et
1164 3634 1271 3689 omnia

143 3714 218 3768 haec
236 3712 313 3766 liunt
332 3712 362 3766 in
381 3711 493 3766 ultimis
511 3726 530 3765 a
549 3709 661 3780 primis.
698 3707 788 3780 Quod
805 3707 1057 3771 lruliificationes,
1074 3713 1272 3782 propagatio.

143 3808 205 3856 nes,
220 3802 252 3847 et
270 3790 502 3862 prolificationes
517 3790 578 3845 sint
594 3788 837 3844 continuationes
852 3789 1018 3851 creationis,
1034 3800 1134 3860 patet:
1153 3794 1272 3848 creatio

144 3873 223 3928 enim
239 3887 300 3925 non
316 3880 416 3941 potest
431 3869 552 3924 aliunde
566 3878 640 3932 esse,
654 3885 744 3940 quam
759 3884 796 3922 ex
813 3866 923 3922 Divino
938 3884 1039 3923 amore
1055 3883 1108 3939 per
1123 3867 1271 3926 Divinam

144 3951 321 4022 sapientiam
337 3949 367 4004 in
385 3948 496 4003 Divino
511 3965 582 4012 usu:
601 3963 694 4018 quare
706 3947 808 4002 omnia
823 3947 854 4001 in
869 3947 1008 4003 universo
1023 3964 1061 4003 ex
1075 3964 1140 4011 usu.
1155 3949 1186 4003 in
1203 3967 1271 4014 usu.

144 4041 175 4093 et
187 4030 224 4085 ad
238 4047 333 4091 usum,
348 4037 542 4099 procreantur
553 4038 584 4082 et
596 4025 789 4081 formantur.''

200 4109 311 4164 Postea
329 4110 468 4164 sedentes
487 4123 576 4178 super
592 4107 667 4161 toris
685 4104 844 4177 gramineis
861 4105 1119 4176 interrogaverunt
1134 4108 1272 4178 angelos,

146 4189 259 4246 “Unde
278 4201 349 4245 sunt
366 4188 491 4243 deliciae
509 4187 620 4242 amoris
637 4185 824 4258 conjugalis,
844 4202 922 4258 quae
942 4195 1013 4240 sunt
1036 4185 1273 4244 innumerabiles

146 4280 177 4327 et
190 4269 353 4325 ineffabiles
363 4268 395 4323 ?”

203 4350 435 4418 Responderunt
450 4346 557 4418 angeli.
573 4346 654 4417 quod
671 4345 732 4399 sint
746 4360 783 4399 ex
799 4345 901 4399 usibus
915 4342 1025 4397 amoris
1039 4351 1077 4397 et·
1086 4342 1273 4413 sapientiae;

149 4438 180 4485 et
195 4429 276 4500 quod
292 4428 351 4483 hoc
365 4426 461 4482 videri
477 4426 571 4498 possit
590 4441 627 4481 ex
647 4425 790 4496 eoquod
814 4433 958 4496 quantum
974 4421 1039 4493 quis
1061 4433 1143 4477 amat
1164 4440 1273 4498 sapere
