<?xml version="1.0" encoding="UTF-8"?>
<!DOCTYPE html PUBLIC "-//W3C//DTD XHTML 1.0 Transitional//EN"
    "http://www.w3.org/TR/xhtml1/DTD/xhtml1-transitional.dtd">
<html xmlns="http://www.w3.org/1999/xhtml" xml:lang="en" lang="en">
 <head>
  <title>
</title>
<meta http-equiv="Content-Type" content="text/html;charset=utf-8" />
  <meta name='ocr-system' content='tesseract 3.04.00' />
  <meta name='ocr-capabilities' content='ocr_page ocr_carea ocr_par ocr_line ocrx_word'/>
</head>
<body>
  <div class='ocr_page' id='page_1' title='image "./deliciaesapient00swedgoog_0239.png"; bbox 0 0 2782 5026; ppageno 0'>
   <div class='ocr_carea' id='block_1_1' title="bbox 215 426 994 493">
    <p class='ocr_par' dir='ltr' id='par_1_1' title="bbox 215 426 994 493">
     <span class='ocr_line' id='line_1_1' title="bbox 215 426 994 493; baseline 0.008 -16"><span class='ocrx_word' id='word_1_1' title='bbox 215 426 277 493; x_wconf 83' lang='lat'>230</span> <span class='ocrx_word' id='word_1_2' title='bbox 564 430 746 481; x_wconf 79' lang='lat' dir='ltr'><strong>DELICIAE</strong></span> <span class='ocrx_word' id='word_1_3' title='bbox 767 429 994 482; x_wconf 65' lang='lat' dir='ltr'>salamnus</span> 
     </span>
    </p>
   </div>
   <div class='ocr_carea' id='block_1_2' title="bbox 210 598 1383 1626">
    <p class='ocr_par' dir='ltr' id='par_1_2' title="bbox 211 598 1313 753">
     <span class='ocr_line' id='line_1_2' title="bbox 212 598 1313 676; baseline 0.004 -19"><span class='ocrx_word' id='word_1_4' title='bbox 212 601 299 671; x_wconf 82' lang='lat' dir='ltr'>eujus</span> <span class='ocrx_word' id='word_1_5' title='bbox 309 600 433 657; x_wconf 74' lang='lat' dir='ltr'>deliciae</span> <span class='ocrx_word' id='word_1_6' title='bbox 443 612 514 658; x_wconf 89' lang='lat' dir='ltr'>sunt</span> <span class='ocrx_word' id='word_1_7' title='bbox 523 602 679 674; x_wconf 85' lang='lat' dir='ltr'>myriades.</span> <span class='ocrx_word' id='word_1_8' title='bbox 688 602 843 675; x_wconf 90' lang='lat' dir='ltr'>dequibus</span> <span class='ocrx_word' id='word_1_9' title='bbox 851 604 901 659; x_wconf 83' lang='lat' dir='ltr'>vix</span> <span class='ocrx_word' id='word_1_10' title='bbox 910 604 1025 676; x_wconf 85' lang='lat' dir='ltr'>aliquas</span> <span class='ocrx_word' id='word_1_11' title='bbox 1033 605 1134 660; x_wconf 87' lang='lat' dir='ltr'>adbuc</span> <span class='ocrx_word' id='word_1_12' title='bbox 1140 603 1292 661; x_wconf 76' lang='lat' dir='ltr'>novitorbir</span> <span class='ocrx_word' id='word_1_13' title='bbox 1303 598 1313 647; x_wconf 66' lang='grc' dir='ltr'><strong>ἶ</strong></span> 
     </span>
     <span class='ocr_line' id='line_1_3' title="bbox 211 683 1251 753; baseline 0.003 -16"><span class='ocrx_word' id='word_1_14' title='bbox 211 690 244 737; x_wconf 80' lang='lat' dir='ltr'>at</span> <span class='ocrx_word' id='word_1_15' title='bbox 255 693 429 752; x_wconf 77' lang='lat' dir='ltr'>cognoscet.</span> <span class='ocrx_word' id='word_1_16' title='bbox 441 697 510 736; x_wconf 88' lang='lat' dir='ltr'>cum</span> <span class='ocrx_word' id='word_1_17' title='bbox 523 683 649 739; x_wconf 85' lang='lat' dir='ltr'>ecclesia</span> <span class='ocrx_word' id='word_1_18' title='bbox 660 699 693 739; x_wconf 87' lang='lat' dir='ltr'>se</span> <span class='ocrx_word' id='word_1_19' title='bbox 705 684 867 753; x_wconf 84' lang='lat' dir='ltr'>desponsat</span> <span class='ocrx_word' id='word_1_20' title='bbox 879 700 936 739; x_wconf 89' lang='lat' dir='ltr'>suo</span> <span class='ocrx_word' id='word_1_21' title='bbox 950 683 1090 746; x_wconf 85' lang='lat' dir='ltr'>Domino.</span> <span class='ocrx_word' id='word_1_22' title='bbox 1102 701 1138 740; x_wconf 87' lang='lat' dir='ltr'>ac</span> <span class='ocrx_word' id='word_1_23' title='bbox 1151 685 1251 740; x_wconf 55' lang='lat' dir='ltr'>nubi&amp;</span> 
     </span>
    </p>

    <p class='ocr_par' dir='ltr' id='par_1_3' title="bbox 267 759 1383 843">
     <span class='ocr_line' id='line_1_4' title="bbox 267 759 1383 843; baseline 0.005 -28"><span class='ocrx_word' id='word_1_24' title='bbox 267 759 306 815; x_wconf 85' lang='lat' dir='ltr'>Et</span> <span class='ocrx_word' id='word_1_25' title='bbox 319 772 392 816; x_wconf 88' lang='lat' dir='ltr'>tunc</span> <span class='ocrx_word' id='word_1_26' title='bbox 403 762 547 831; x_wconf 82' lang='lat' dir='ltr'>quaesivi.</span> <span class='ocrx_word' id='word_1_27' title='bbox 560 761 646 817; x_wconf 83' lang='lat' dir='ltr'>“Cur</span> <span class='ocrx_word' id='word_1_28' title='bbox 658 779 732 833; x_wconf 90' lang='lat' dir='ltr'>puer</span> <span class='ocrx_word' id='word_1_29' title='bbox 743 763 794 817; x_wconf 90' lang='lat' dir='ltr'>ille</span> <span class='ocrx_word' id='word_1_30' title='bbox 805 764 924 819; x_wconf 85' lang='lat' dir='ltr'>vocavit</span> <span class='ocrx_word' id='word_1_31' title='bbox 936 779 992 818; x_wconf 88' lang='lat' dir='ltr'>vos</span> <span class='ocrx_word' id='word_1_32' title='bbox 1003 764 1136 835; x_wconf 71' lang='lat' dir='ltr'>virginer</span> <span class='ocrx_word' id='word_1_33' title='bbox 1147 764 1267 820; x_wconf 83' lang='lat' dir='ltr'>ioutis?”</span> <span class='ocrx_word' id='word_1_34' title='bbox 1354 813 1383 843; x_wconf 48' lang='lat' dir='ltr'><em>l</em></span> 
     </span>
    </p>

    <p class='ocr_par' dir='ltr' id='par_1_4' title="bbox 213 837 1383 1152">
     <span class='ocr_line' id='line_1_5' title="bbox 267 837 1383 933; baseline 0.003 -39"><span class='ocrx_word' id='word_1_35' title='bbox 267 837 513 911; x_wconf 79' lang='lat' dir='ltr'>Respondebant,</span> <span class='ocrx_word' id='word_1_36' title='bbox 529 848 545 870; x_wconf 80' lang='lat'>‘⁸</span> <span class='ocrx_word' id='word_1_37' title='bbox 556 840 708 897; x_wconf 80' lang='lat' dir='ltr'>vocamur</span> <span class='ocrx_word' id='word_1_38' title='bbox 725 842 856 913; x_wconf 84' lang='lat' dir='ltr'>virgines</span> <span class='ocrx_word' id='word_1_39' title='bbox 872 859 940 897; x_wconf 88' lang='lat' dir='ltr'>cunr</span> <span class='ocrx_word' id='word_1_40' title='bbox 955 843 994 897; x_wconf 89' lang='lat' dir='ltr'>ad</span> <span class='ocrx_word' id='word_1_41' title='bbox 1013 843 1096 898; x_wconf 88' lang='lat' dir='ltr'>bunc</span> <span class='ocrx_word' id='word_1_42' title='bbox 1114 843 1227 899; x_wconf 86' lang='lat' dir='ltr'>iontem</span> <span class='ocrx_word' id='word_1_43' title='bbox 1243 844 1313 898; x_wconf 83' lang='lat' dir='ltr'>sede·</span> <span class='ocrx_word' id='word_1_44' title='bbox 1371 891 1383 933; x_wconf 72' lang='lat'>1</span> 
     </span>
     <span class='ocr_line' id='line_1_6' title="bbox 215 919 1315 992; baseline 0.002 -19"><span class='ocrx_word' id='word_1_45' title='bbox 215 935 289 982; x_wconf 88' lang='lat' dir='ltr'>mus,</span> <span class='ocrx_word' id='word_1_46' title='bbox 308 921 450 990; x_wconf 87' lang='lat' dir='ltr'>quoniam</span> <span class='ocrx_word' id='word_1_47' title='bbox 475 936 580 976; x_wconf 84' lang='lat' dir='ltr'>sumus</span> <span class='ocrx_word' id='word_1_48' title='bbox 603 919 778 977; x_wconf 70' lang='lat' dir='ltr'>affectiones</span> <span class='ocrx_word' id='word_1_49' title='bbox 796 922 955 977; x_wconf 85' lang='lat' dir='ltr'>veritatum</span> <span class='ocrx_word' id='word_1_50' title='bbox 973 923 1141 992; x_wconf 77' lang='lat' dir='ltr'>sapientiae</span> <span class='ocrx_word' id='word_1_51' title='bbox 1158 925 1315 979; x_wconf 88' lang='lat' dir='ltr'>maritorum</span> 
     </span>
     <span class='ocr_line' id='line_1_7' title="bbox 214 998 1318 1073; baseline 0.003 -20"><span class='ocrx_word' id='word_1_52' title='bbox 214 1009 395 1061; x_wconf 84' lang='lat' dir='ltr'>nostrorum,</span> <span class='ocrx_word' id='word_1_53' title='bbox 417 1010 448 1054; x_wconf 92' lang='lat' dir='ltr'>et</span> <span class='ocrx_word' id='word_1_54' title='bbox 471 998 592 1055; x_wconf 72' lang='lat' dir='ltr'>alieilio</span> <span class='ocrx_word' id='word_1_55' title='bbox 618 1001 681 1055; x_wconf 91' lang='lat' dir='ltr'>veri</span> <span class='ocrx_word' id='word_1_56' title='bbox 702 1012 829 1055; x_wconf 88' lang='lat' dir='ltr'>vocatur</span> <span class='ocrx_word' id='word_1_57' title='bbox 849 1001 951 1072; x_wconf 74' lang='lat' dir='ltr'>virgo:</span> <span class='ocrx_word' id='word_1_58' title='bbox 977 1001 1047 1056; x_wconf 79' lang='lat' dir='ltr'>iona</span> <span class='ocrx_word' id='word_1_59' title='bbox 1070 1003 1163 1057; x_wconf 87' lang='lat' dir='ltr'>etiam</span> <span class='ocrx_word' id='word_1_60' title='bbox 1186 1002 1318 1073; x_wconf 75' lang='lat' dir='ltr'>significat</span> 
     </span>
     <span class='ocr_line' id='line_1_8' title="bbox 213 1079 1279 1152; baseline 0.002 -18"><span class='ocrx_word' id='word_1_61' title='bbox 213 1095 316 1134; x_wconf 89' lang='lat' dir='ltr'>verum</span> <span class='ocrx_word' id='word_1_62' title='bbox 330 1079 505 1150; x_wconf 83' lang='lat' dir='ltr'>sapientiae.</span> <span class='ocrx_word' id='word_1_63' title='bbox 516 1095 552 1134; x_wconf 86' lang='lat' dir='ltr'>ac</span> <span class='ocrx_word' id='word_1_64' title='bbox 566 1090 707 1140; x_wconf 84' lang='lat' dir='ltr'>rosetum,</span> <span class='ocrx_word' id='word_1_65' title='bbox 720 1096 810 1150; x_wconf 90' lang='lat' dir='ltr'>super</span> <span class='ocrx_word' id='word_1_66' title='bbox 821 1095 883 1151; x_wconf 89' lang='lat' dir='ltr'>quo</span> <span class='ocrx_word' id='word_1_67' title='bbox 894 1081 1043 1141; x_wconf 84' lang='lat' dir='ltr'>sedemus.</span> <span class='ocrx_word' id='word_1_68' title='bbox 1055 1081 1179 1137; x_wconf 81' lang='lat' dir='ltr'>delicias</span> <span class='ocrx_word' id='word_1_69' title='bbox 1191 1082 1279 1152; x_wconf 80' lang='lat' dir='ltr'>ejus.‘&#39;</span> 
     </span>
    </p>

    <p class='ocr_par' dir='ltr' id='par_1_5' title="bbox 210 1157 1328 1626">
     <span class='ocr_line' id='line_1_9' title="bbox 266 1157 1322 1231; baseline 0 -18"><span class='ocrx_word' id='word_1_70' title='bbox 266 1158 352 1213; x_wconf 89' lang='lat' dir='ltr'>Tunc</span> <span class='ocrx_word' id='word_1_71' title='bbox 365 1176 424 1215; x_wconf 88' lang='lat' dir='ltr'>una</span> <span class='ocrx_word' id='word_1_72' title='bbox 435 1175 473 1214; x_wconf 85' lang='lat' dir='ltr'>ex</span> <span class='ocrx_word' id='word_1_73' title='bbox 486 1169 602 1229; x_wconf 82' lang='lat' dir='ltr'>septem</span> <span class='ocrx_word' id='word_1_74' title='bbox 617 1159 681 1218; x_wconf 88' lang='lat' dir='ltr'>illis.</span> <span class='ocrx_word' id='word_1_75' title='bbox 696 1157 835 1214; x_wconf 73' lang='lat' dir='ltr'>rediebat</span> <span class='ocrx_word' id='word_1_76' title='bbox 846 1169 958 1214; x_wconf 86' lang='lat' dir='ltr'>sertum</span> <span class='ocrx_word' id='word_1_77' title='bbox 971 1175 1008 1213; x_wconf 85' lang='lat' dir='ltr'>ex</span> <span class='ocrx_word' id='word_1_78' title='bbox 1021 1161 1106 1221; x_wconf 86' lang='lat' dir='ltr'>rosis.</span> <span class='ocrx_word' id='word_1_79' title='bbox 1118 1172 1151 1215; x_wconf 95' lang='lat' dir='ltr'>et</span> <span class='ocrx_word' id='word_1_80' title='bbox 1166 1161 1322 1231; x_wconf 77' lang='lat' dir='ltr'>conspersit</span> 
     </span>
     <span class='ocr_line' id='line_1_10' title="bbox 212 1237 1323 1311; baseline 0.002 -20"><span class='ocrx_word' id='word_1_81' title='bbox 212 1237 286 1292; x_wconf 90' lang='lat' dir='ltr'>illud</span> <span class='ocrx_word' id='word_1_82' title='bbox 299 1254 379 1308; x_wconf 86' lang='lat' dir='ltr'>aqua</span> <span class='ocrx_word' id='word_1_83' title='bbox 391 1238 491 1298; x_wconf 87' lang='lat' dir='ltr'>iontis.</span> <span class='ocrx_word' id='word_1_84' title='bbox 502 1254 537 1293; x_wconf 89' lang='lat' dir='ltr'>ac</span> <span class='ocrx_word' id='word_1_85' title='bbox 551 1239 652 1308; x_wconf 84' lang='lat' dir='ltr'>posuit</span> <span class='ocrx_word' id='word_1_86' title='bbox 665 1238 737 1292; x_wconf 87' lang='lat' dir='ltr'>illud</span> <span class='ocrx_word' id='word_1_87' title='bbox 749 1254 839 1307; x_wconf 84' lang='lat' dir='ltr'>super</span> <span class='ocrx_word' id='word_1_88' title='bbox 851 1238 930 1309; x_wconf 90' lang='lat' dir='ltr'>pileo</span> <span class='ocrx_word' id='word_1_89' title='bbox 943 1239 1026 1308; x_wconf 88' lang='lat' dir='ltr'>pueri</span> <span class='ocrx_word' id='word_1_90' title='bbox 1036 1240 1150 1293; x_wconf 88' lang='lat' dir='ltr'>circum</span> <span class='ocrx_word' id='word_1_91' title='bbox 1161 1241 1323 1311; x_wconf 86' lang='lat' dir='ltr'>capitellum</span> 
     </span>
     <span class='ocr_line' id='line_1_11' title="bbox 214 1316 1326 1389; baseline 0.002 -17"><span class='ocrx_word' id='word_1_92' title='bbox 214 1317 289 1386; x_wconf 86' lang='lat' dir='ltr'>ejus.</span> <span class='ocrx_word' id='word_1_93' title='bbox 302 1328 333 1372; x_wconf 87' lang='lat' dir='ltr'>et</span> <span class='ocrx_word' id='word_1_94' title='bbox 345 1318 430 1378; x_wconf 83' lang='lat' dir='ltr'>dixit</span> <span class='ocrx_word' id='word_1_95' title='bbox 444 1317 582 1386; x_wconf 83' lang='lat' dir='ltr'>“Recipe</span> <span class='ocrx_word' id='word_1_96' title='bbox 598 1317 722 1373; x_wconf 79' lang='lat' dir='ltr'>delicias</span> <span class='ocrx_word' id='word_1_97' title='bbox 734 1316 964 1388; x_wconf 81' lang='lat' dir='ltr'>intelligentiae:</span> <span class='ocrx_word' id='word_1_98' title='bbox 982 1318 1060 1373; x_wconf 88' lang='lat' dir='ltr'>scias</span> <span class='ocrx_word' id='word_1_99' title='bbox 1071 1319 1155 1388; x_wconf 90' lang='lat' dir='ltr'>quod</span> <span class='ocrx_word' id='word_1_100' title='bbox 1169 1319 1264 1389; x_wconf 88' lang='lat' dir='ltr'>pileus</span> <span class='ocrx_word' id='word_1_101' title='bbox 1274 1319 1326 1388; x_wconf 80' lang='lat' dir='ltr'>sig·</span> 
     </span>
     <span class='ocr_line' id='line_1_12' title="bbox 213 1395 1327 1469; baseline 0.003 -19"><span class='ocrx_word' id='word_1_102' title='bbox 213 1395 314 1453; x_wconf 83' lang='lat' dir='ltr'>nificet</span> <span class='ocrx_word' id='word_1_103' title='bbox 330 1397 568 1467; x_wconf 84' lang='lat' dir='ltr'>intelligentiam.</span> <span class='ocrx_word' id='word_1_104' title='bbox 582 1412 619 1452; x_wconf 84' lang='lat' dir='ltr'>ac</span> <span class='ocrx_word' id='word_1_105' title='bbox 633 1408 746 1450; x_wconf 77' lang='lat' dir='ltr'>senum</span> <span class='ocrx_word' id='word_1_106' title='bbox 761 1413 798 1451; x_wconf 85' lang='lat' dir='ltr'>ex</span> <span class='ocrx_word' id='word_1_107' title='bbox 816 1407 918 1452; x_wconf 88' lang='lat' dir='ltr'>roseto</span> <span class='ocrx_word' id='word_1_108' title='bbox 935 1396 994 1451; x_wconf 91' lang='lat' dir='ltr'>boc</span> <span class='ocrx_word' id='word_1_109' title='bbox 1009 1397 1160 1453; x_wconf 86' lang='lat' dir='ltr'>deiicias.”</span> <span class='ocrx_word' id='word_1_110' title='bbox 1198 1399 1244 1453; x_wconf 85' lang='lat' dir='ltr'>Ac</span> <span class='ocrx_word' id='word_1_111' title='bbox 1262 1414 1327 1469; x_wconf 89' lang='lat' dir='ltr'>puer</span> 
     </span>
     <span class='ocr_line' id='line_1_13' title="bbox 211 1475 1328 1569; baseline 0.003 -39"><span class='ocrx_word' id='word_1_112' title='bbox 211 1476 259 1530; x_wconf 87' lang='lat' dir='ltr'>his</span> <span class='ocrx_word' id='word_1_113' title='bbox 275 1477 434 1530; x_wconf 87' lang='lat' dir='ltr'>decoratus</span> <span class='ocrx_word' id='word_1_114' title='bbox 449 1476 532 1536; x_wconf 89' lang='lat' dir='ltr'>abiit</span> <span class='ocrx_word' id='word_1_115' title='bbox 547 1486 578 1530; x_wconf 94' lang='lat' dir='ltr'>et</span> <span class='ocrx_word' id='word_1_116' title='bbox 597 1492 614 1530; x_wconf 86' lang='lat' dir='ltr'>c</span> <span class='ocrx_word' id='word_1_117' title='bbox 633 1475 799 1548; x_wconf 88' lang='lat' dir='ltr'>longinquo</span> <span class='ocrx_word' id='word_1_118' title='bbox 818 1491 919 1530; x_wconf 88' lang='lat' dir='ltr'>rursus</span> <span class='ocrx_word' id='word_1_119' title='bbox 933 1476 1016 1531; x_wconf 83' lang='lat' dir='ltr'>visus</span> <span class='ocrx_word' id='word_1_120' title='bbox 1033 1487 1082 1533; x_wconf 84' lang='lat' dir='ltr'>est</span> <span class='ocrx_word' id='word_1_121' title='bbox 1099 1477 1180 1533; x_wconf 87' lang='lat' dir='ltr'>sicut</span> <span class='ocrx_word' id='word_1_122' title='bbox 1195 1479 1328 1569; x_wconf 83' lang='lat' dir='ltr'>columba</span> 
     </span>
     <span class='ocr_line' id='line_1_14' title="bbox 210 1555 926 1626; baseline -0.001 -15"><span class='ocrx_word' id='word_1_123' title='bbox 210 1557 325 1619; x_wconf 87' lang='lat' dir='ltr'>volans,</span> <span class='ocrx_word' id='word_1_124' title='bbox 339 1556 392 1611; x_wconf 88' lang='lat' dir='ltr'>sed</span> <span class='ocrx_word' id='word_1_125' title='bbox 405 1571 474 1609; x_wconf 92' lang='lat' dir='ltr'>curn</span> <span class='ocrx_word' id='word_1_126' title='bbox 487 1567 705 1611; x_wconf 86' lang='lat' dir='ltr'>coronamento</span> <span class='ocrx_word' id='word_1_127' title='bbox 717 1571 806 1626; x_wconf 90' lang='lat' dir='ltr'>super</span> <span class='ocrx_word' id='word_1_128' title='bbox 818 1555 926 1625; x_wconf 87' lang='lat' dir='ltr'>capite.</span> 
     </span>
    </p>
   </div>
   <div class='ocr_carea' id='block_1_3' title="bbox 182 1675 842 1760">
    <p class='ocr_par' dir='ltr' id='par_1_6' title="bbox 182 1675 842 1760">
     <span class='ocr_line' id='line_1_15' title="bbox 182 1675 842 1760; baseline 0.017 -29"><span class='ocrx_word' id='word_1_129' title='bbox 182 1690 310 1760; x_wconf 75' lang='lat'><strong>¹²94·</strong></span> <span class='ocrx_word' id='word_1_130' title='bbox 340 1675 536 1741; x_wconf 89' lang='lat' dir='ltr'>Secundum</span> <span class='ocrx_word' id='word_1_131' title='bbox 556 1677 799 1741; x_wconf 87' lang='lat' dir='ltr'>Memorabile:</span> <span class='ocrx_word' id='word_1_132' title='bbox 803 1713 842 1723; x_wconf 93' lang='lat'>-</span> 
     </span>
    </p>
   </div>
   <div class='ocr_carea' id='block_1_4' title="bbox 207 1799 1336 4095">
    <p class='ocr_par' dir='ltr' id='par_1_7' title="bbox 209 1799 1331 2587">
     <span class='ocr_line' id='line_1_16' title="bbox 266 1799 1330 1872; baseline 0.004 -18"><span class='ocrx_word' id='word_1_133' title='bbox 266 1799 341 1855; x_wconf 87' lang='lat' dir='ltr'>Post</span> <span class='ocrx_word' id='word_1_134' title='bbox 353 1801 469 1871; x_wconf 80' lang='lat' dir='ltr'>aliquot</span> <span class='ocrx_word' id='word_1_135' title='bbox 481 1801 546 1856; x_wconf 86' lang='lat' dir='ltr'>dies</span> <span class='ocrx_word' id='word_1_136' title='bbox 559 1801 668 1857; x_wconf 91' lang='lat' dir='ltr'>iterum</span> <span class='ocrx_word' id='word_1_137' title='bbox 684 1802 745 1856; x_wconf 90' lang='lat' dir='ltr'>vidi</span> <span class='ocrx_word' id='word_1_138' title='bbox 760 1812 876 1872; x_wconf 85' lang='lat' dir='ltr'>septem</span> <span class='ocrx_word' id='word_1_139' title='bbox 892 1801 958 1857; x_wconf 88' lang='lat' dir='ltr'>illas</span> <span class='ocrx_word' id='word_1_140' title='bbox 972 1817 1082 1857; x_wconf 81' lang='lat' dir='ltr'>uxorea</span> <span class='ocrx_word' id='word_1_141' title='bbox 1098 1801 1129 1856; x_wconf 88' lang='lat' dir='ltr'>iu</span> <span class='ocrx_word' id='word_1_142' title='bbox 1145 1802 1270 1863; x_wconf 85' lang='lat' dir='ltr'>rosario,</span> <span class='ocrx_word' id='word_1_143' title='bbox 1281 1803 1330 1857; x_wconf 87' lang='lat' dir='ltr'>sed</span> 
     </span>
     <span class='ocr_line' id='line_1_17' title="bbox 210 1878 1331 1952; baseline 0.001 -19"><span class='ocrx_word' id='word_1_144' title='bbox 210 1895 271 1934; x_wconf 89' lang='lat' dir='ltr'>uon</span> <span class='ocrx_word' id='word_1_145' title='bbox 285 1878 316 1933; x_wconf 93' lang='lat' dir='ltr'>in</span> <span class='ocrx_word' id='word_1_146' title='bbox 326 1880 434 1935; x_wconf 90' lang='lat' dir='ltr'>eodem</span> <span class='ocrx_word' id='word_1_147' title='bbox 448 1881 478 1934; x_wconf 93' lang='lat' dir='ltr'>in</span> <span class='ocrx_word' id='word_1_148' title='bbox 491 1897 553 1951; x_wconf 94' lang='lat' dir='ltr'>quo</span> <span class='ocrx_word' id='word_1_149' title='bbox 565 1881 654 1952; x_wconf 88' lang='lat' dir='ltr'>prius.</span> <span class='ocrx_word' id='word_1_150' title='bbox 693 1881 763 1937; x_wconf 82' lang='lat' dir='ltr'>Erat</span> <span class='ocrx_word' id='word_1_151' title='bbox 773 1882 918 1937; x_wconf 87' lang='lat' dir='ltr'>rosarium</span> <span class='ocrx_word' id='word_1_152' title='bbox 928 1881 1132 1952; x_wconf 78' lang='lat' dir='ltr'>magnificum,</span> <span class='ocrx_word' id='word_1_153' title='bbox 1141 1883 1232 1952; x_wconf 88' lang='lat' dir='ltr'>cujus</span> <span class='ocrx_word' id='word_1_154' title='bbox 1242 1884 1331 1936; x_wconf 82' lang='lat' dir='ltr'>instar</span> 
     </span>
     <span class='ocr_line' id='line_1_18' title="bbox 210 1959 1329 2030; baseline 0.002 -18"><span class='ocrx_word' id='word_1_155' title='bbox 210 1974 357 2030; x_wconf 88' lang='lat' dir='ltr'>nusquam</span> <span class='ocrx_word' id='word_1_156' title='bbox 370 1960 503 2015; x_wconf 89' lang='lat' dir='ltr'>videram</span> <span class='ocrx_word' id='word_1_157' title='bbox 512 1960 609 2030; x_wconf 76' lang='lat' dir='ltr'>prius:</span> <span class='ocrx_word' id='word_1_158' title='bbox 623 1971 687 2015; x_wconf 88' lang='lat' dir='ltr'>erat</span> <span class='ocrx_word' id='word_1_159' title='bbox 697 1959 866 2021; x_wconf 80' lang='lat' dir='ltr'>rotundum,</span> <span class='ocrx_word' id='word_1_160' title='bbox 876 1976 911 2015; x_wconf 89' lang='lat' dir='ltr'>ac</span> <span class='ocrx_word' id='word_1_161' title='bbox 924 1976 1009 2015; x_wconf 87' lang='lat' dir='ltr'>rosae</span> <span class='ocrx_word' id='word_1_162' title='bbox 1018 1961 1058 2015; x_wconf 90' lang='lat' dir='ltr'>ibi</span> <span class='ocrx_word' id='word_1_163' title='bbox 1073 1960 1329 2016; x_wconf 71' lang='lat' dir='ltr'>formabantsicut</span> 
     </span>
     <span class='ocr_line' id='line_1_19' title="bbox 209 2039 1330 2111; baseline -0.004 -14"><span class='ocrx_word' id='word_1_164' title='bbox 209 2053 311 2097; x_wconf 72' lang='lat' dir='ltr'>arcum</span> <span class='ocrx_word' id='word_1_165' title='bbox 326 2039 461 2100; x_wconf 85' lang='lat' dir='ltr'>irideum,</span> <span class='ocrx_word' id='word_1_166' title='bbox 475 2055 560 2095; x_wconf 88' lang='lat' dir='ltr'>rosae</span> <span class='ocrx_word' id='word_1_167' title='bbox 572 2055 625 2095; x_wconf 92' lang='lat' dir='ltr'>seu</span> <span class='ocrx_word' id='word_1_168' title='bbox 641 2039 730 2094; x_wconf 86' lang='lat' dir='ltr'>flores</span> <span class='ocrx_word' id='word_1_169' title='bbox 743 2042 883 2110; x_wconf 84' lang='lat' dir='ltr'>purpurei</span> <span class='ocrx_word' id='word_1_170' title='bbox 895 2039 1005 2094; x_wconf 90' lang='lat' dir='ltr'>coloris</span> <span class='ocrx_word' id='word_1_171' title='bbox 1017 2040 1163 2094; x_wconf 87' lang='lat' dir='ltr'>circulum</span> <span class='ocrx_word' id='word_1_172' title='bbox 1178 2042 1245 2111; x_wconf 86' lang='lat' dir='ltr'>ejus</span> <span class='ocrx_word' id='word_1_173' title='bbox 1258 2041 1330 2095; x_wconf 84' lang='lat' dir='ltr'>exti-</span> 
     </span>
     <span class='ocr_line' id='line_1_20' title="bbox 210 2118 1331 2189; baseline 0.003 -19"><span class='ocrx_word' id='word_1_174' title='bbox 210 2133 301 2179; x_wconf 89' lang='lat' dir='ltr'>mum,</span> <span class='ocrx_word' id='word_1_175' title='bbox 312 2133 347 2173; x_wconf 86' lang='lat' dir='ltr'>ac</span> <span class='ocrx_word' id='word_1_176' title='bbox 359 2118 435 2174; x_wconf 91' lang='lat' dir='ltr'>aliae</span> <span class='ocrx_word' id='word_1_177' title='bbox 447 2118 516 2173; x_wconf 87' lang='lat' dir='ltr'>flavi</span> <span class='ocrx_word' id='word_1_178' title='bbox 528 2119 610 2173; x_wconf 89' lang='lat' dir='ltr'>aurei</span> <span class='ocrx_word' id='word_1_179' title='bbox 623 2119 733 2173; x_wconf 92' lang='lat' dir='ltr'>coloris</span> <span class='ocrx_word' id='word_1_180' title='bbox 743 2119 913 2174; x_wconf 80' lang='lat' dir='ltr'>interiorem</span> <span class='ocrx_word' id='word_1_181' title='bbox 924 2118 1104 2189; x_wconf 79' lang='lat' dir='ltr'>proximum,</span> <span class='ocrx_word' id='word_1_182' title='bbox 1112 2135 1150 2173; x_wconf 89' lang='lat' dir='ltr'>ac</span> <span class='ocrx_word' id='word_1_183' title='bbox 1163 2120 1243 2173; x_wconf 88' lang='lat' dir='ltr'>intra</span> <span class='ocrx_word' id='word_1_184' title='bbox 1254 2119 1331 2173; x_wconf 90' lang='lat' dir='ltr'>bunc</span> 
     </span>
     <span class='ocr_line' id='line_1_21' title="bbox 209 2197 1330 2268; baseline 0.005 -18"><span class='ocrx_word' id='word_1_185' title='bbox 209 2197 285 2251; x_wconf 85' lang='lat' dir='ltr'>aliae</span> <span class='ocrx_word' id='word_1_186' title='bbox 300 2198 404 2268; x_wconf 85' lang='lat' dir='ltr'>cyanei</span> <span class='ocrx_word' id='word_1_187' title='bbox 419 2198 537 2258; x_wconf 88' lang='lat' dir='ltr'>coloris,</span> <span class='ocrx_word' id='word_1_188' title='bbox 551 2214 586 2252; x_wconf 91' lang='lat' dir='ltr'>ac</span> <span class='ocrx_word' id='word_1_189' title='bbox 602 2198 740 2252; x_wconf 88' lang='lat' dir='ltr'>intimum</span> <span class='ocrx_word' id='word_1_190' title='bbox 757 2199 865 2268; x_wconf 89' lang='lat' dir='ltr'>prasini</span> <span class='ocrx_word' id='word_1_191' title='bbox 880 2215 933 2253; x_wconf 90' lang='lat' dir='ltr'>seu</span> <span class='ocrx_word' id='word_1_192' title='bbox 949 2198 1074 2253; x_wconf 88' lang='lat' dir='ltr'>nitentis</span> <span class='ocrx_word' id='word_1_193' title='bbox 1089 2199 1196 2254; x_wconf 86' lang='lat' dir='ltr'>viridis</span> <span class='ocrx_word' id='word_1_194' title='bbox 1210 2198 1330 2256; x_wconf 81' lang='lat' dir='ltr'>eoloris:</span> 
     </span>
     <span class='ocr_line' id='line_1_22' title="bbox 209 2276 1330 2348; baseline -0.001 -17"><span class='ocrx_word' id='word_1_195' title='bbox 209 2286 241 2331; x_wconf 88' lang='lat' dir='ltr'>et</span> <span class='ocrx_word' id='word_1_196' title='bbox 258 2277 337 2331; x_wconf 89' lang='lat' dir='ltr'>intra</span> <span class='ocrx_word' id='word_1_197' title='bbox 353 2276 478 2332; x_wconf 89' lang='lat' dir='ltr'>irideum</span> <span class='ocrx_word' id='word_1_198' title='bbox 498 2277 556 2331; x_wconf 89' lang='lat' dir='ltr'>hoc</span> <span class='ocrx_word' id='word_1_199' title='bbox 575 2278 720 2332; x_wconf 88' lang='lat' dir='ltr'>rosarium</span> <span class='ocrx_word' id='word_1_200' title='bbox 733 2287 797 2332; x_wconf 89' lang='lat' dir='ltr'>erat</span> <span class='ocrx_word' id='word_1_201' title='bbox 816 2277 956 2347; x_wconf 82' lang='lat' dir='ltr'>parvulus</span> <span class='ocrx_word' id='word_1_202' title='bbox 971 2277 1053 2332; x_wconf 88' lang='lat' dir='ltr'>lacus</span> <span class='ocrx_word' id='word_1_203' title='bbox 1068 2292 1166 2348; x_wconf 89' lang='lat' dir='ltr'>aquae</span> <span class='ocrx_word' id='word_1_204' title='bbox 1180 2277 1330 2347; x_wconf 81' lang='lat' dir='ltr'>limpidae.</span> 
     </span>
     <span class='ocr_line' id='line_1_23' title="bbox 211 2355 1330 2427; baseline -0.003 -15"><span class='ocrx_word' id='word_1_205' title='bbox 211 2355 333 2426; x_wconf 88' lang='lat' dir='ltr'>Septem</span> <span class='ocrx_word' id='word_1_206' title='bbox 349 2356 417 2411; x_wconf 87' lang='lat' dir='ltr'>illae</span> <span class='ocrx_word' id='word_1_207' title='bbox 432 2373 549 2417; x_wconf 84' lang='lat' dir='ltr'>uxores,</span> <span class='ocrx_word' id='word_1_208' title='bbox 566 2356 647 2427; x_wconf 90' lang='lat' dir='ltr'>prius</span> <span class='ocrx_word' id='word_1_209' title='bbox 662 2367 786 2411; x_wconf 86' lang='lat' dir='ltr'>vocatae</span> <span class='ocrx_word' id='word_1_210' title='bbox 801 2356 930 2427; x_wconf 81' lang='lat' dir='ltr'>virgines</span> <span class='ocrx_word' id='word_1_211' title='bbox 946 2355 1045 2416; x_wconf 78' lang='lat' dir='ltr'>fontis.</span> <span class='ocrx_word' id='word_1_212' title='bbox 1061 2357 1206 2412; x_wconf 74' lang='lat' dir='ltr'>sedentes</span> <span class='ocrx_word' id='word_1_213' title='bbox 1225 2357 1266 2410; x_wconf 89' lang='lat' dir='ltr'>ibi</span> <span class='ocrx_word' id='word_1_214' title='bbox 1284 2371 1330 2409; x_wconf 87' lang='lat' dir='ltr'>me</span> 
     </span>
     <span class='ocr_line' id='line_1_24' title="bbox 209 2436 1329 2495; baseline 0.003 -3"><span class='ocrx_word' id='word_1_215' title='bbox 209 2436 307 2493; x_wconf 80' lang='lat' dir='ltr'>visum</span> <span class='ocrx_word' id='word_1_216' title='bbox 323 2437 352 2491; x_wconf 93' lang='lat' dir='ltr'>in</span> <span class='ocrx_word' id='word_1_217' title='bbox 366 2436 498 2492; x_wconf 78' lang='lat' dir='ltr'>fenestra</span> <span class='ocrx_word' id='word_1_218' title='bbox 509 2437 617 2491; x_wconf 88' lang='lat' dir='ltr'>iterum</span> <span class='ocrx_word' id='word_1_219' title='bbox 631 2438 780 2491; x_wconf 90' lang='lat' dir='ltr'>vocabant</span> <span class='ocrx_word' id='word_1_220' title='bbox 795 2437 833 2490; x_wconf 90' lang='lat' dir='ltr'>ad</span> <span class='ocrx_word' id='word_1_221' title='bbox 848 2452 897 2491; x_wconf 89' lang='lat' dir='ltr'>se:</span> <span class='ocrx_word' id='word_1_222' title='bbox 915 2447 946 2491; x_wconf 84' lang='lat' dir='ltr'>et</span> <span class='ocrx_word' id='word_1_223' title='bbox 961 2451 1029 2490; x_wconf 91' lang='lat' dir='ltr'>cum</span> <span class='ocrx_word' id='word_1_224' title='bbox 1044 2438 1167 2491; x_wconf 87' lang='lat' dir='ltr'>aderam</span> <span class='ocrx_word' id='word_1_225' title='bbox 1180 2436 1329 2495; x_wconf 77' lang='lat' dir='ltr'>dicebant.</span> 
     </span>
     <span class='ocr_line' id='line_1_25' title="bbox 209 2513 985 2587; baseline 0.001 -17"><span class='ocrx_word' id='word_1_226' title='bbox 209 2515 315 2571; x_wconf 82' lang='lat' dir='ltr'>“Num</span> <span class='ocrx_word' id='word_1_227' title='bbox 329 2532 455 2587; x_wconf 88' lang='lat' dir='ltr'>usquam</span> <span class='ocrx_word' id='word_1_228' title='bbox 469 2517 579 2570; x_wconf 87' lang='lat' dir='ltr'>videris</span> <span class='ocrx_word' id='word_1_229' title='bbox 592 2516 752 2572; x_wconf 76' lang='lat' dir='ltr'>formosius</span> <span class='ocrx_word' id='word_1_230' title='bbox 765 2533 853 2587; x_wconf 88' lang='lat' dir='ltr'>super</span> <span class='ocrx_word' id='word_1_231' title='bbox 865 2527 944 2571; x_wconf 85' lang='lat' dir='ltr'>terra</span> <span class='ocrx_word' id='word_1_232' title='bbox 953 2513 985 2571; x_wconf 86' lang='lat'>?”</span> 
     </span>
    </p>

    <p class='ocr_par' dir='ltr' id='par_1_8' title="bbox 265 2595 610 2666">
     <span class='ocr_line' id='line_1_26' title="bbox 265 2595 610 2666; baseline 0.003 -17"><span class='ocrx_word' id='word_1_233' title='bbox 265 2595 303 2650; x_wconf 88' lang='lat' dir='ltr'>Et</span> <span class='ocrx_word' id='word_1_234' title='bbox 316 2596 387 2656; x_wconf 82' lang='lat' dir='ltr'>dixi,</span> <span class='ocrx_word' id='word_1_235' title='bbox 402 2604 416 2623; x_wconf 84' lang='lat'>¹⁴</span> <span class='ocrx_word' id='word_1_236' title='bbox 427 2595 610 2666; x_wconf 85' lang='lat' dir='ltr'>Nusquam.”</span> 
     </span>
    </p>

    <p class='ocr_par' dir='ltr' id='par_1_9' title="bbox 209 2672 1333 2984">
     <span class='ocr_line' id='line_1_27' title="bbox 264 2672 1330 2746; baseline -0.002 -17"><span class='ocrx_word' id='word_1_237' title='bbox 264 2674 303 2729; x_wconf 84' lang='lat' dir='ltr'>Et</span> <span class='ocrx_word' id='word_1_238' title='bbox 321 2675 469 2736; x_wconf 85' lang='lat' dir='ltr'>dicebant,</span> <span class='ocrx_word' id='word_1_239' title='bbox 489 2675 571 2746; x_wconf 93' lang='lat' dir='ltr'>quod</span> <span class='ocrx_word' id='word_1_240' title='bbox 597 2675 656 2730; x_wconf 88' lang='lat' dir='ltr'>tale</span> <span class='ocrx_word' id='word_1_241' title='bbox 676 2685 830 2730; x_wconf 89' lang='lat' dir='ltr'>momento</span> <span class='ocrx_word' id='word_1_242' title='bbox 848 2685 966 2729; x_wconf 90' lang='lat' dir='ltr'>creetur</span> <span class='ocrx_word' id='word_1_243' title='bbox 988 2689 1006 2728; x_wconf 92' lang='lat' dir='ltr'>a</span> <span class='ocrx_word' id='word_1_244' title='bbox 1032 2672 1175 2737; x_wconf 81' lang='lat' dir='ltr'>Domino,</span> <span class='ocrx_word' id='word_1_245' title='bbox 1193 2684 1226 2728; x_wconf 89' lang='lat' dir='ltr'>et</span> <span class='ocrx_word' id='word_1_246' title='bbox 1250 2673 1330 2744; x_wconf 92' lang='lat' dir='ltr'>quod</span> 
     </span>
     <span class='ocr_line' id='line_1_28' title="bbox 209 2752 1331 2825; baseline -0.001 -17"><span class='ocrx_word' id='word_1_247' title='bbox 209 2765 415 2824; x_wconf 83' lang='lat' dir='ltr'>repraesentet</span> <span class='ocrx_word' id='word_1_248' title='bbox 427 2755 549 2825; x_wconf 85' lang='lat' dir='ltr'>aliquod</span> <span class='ocrx_word' id='word_1_249' title='bbox 563 2772 674 2809; x_wconf 91' lang='lat' dir='ltr'>novum</span> <span class='ocrx_word' id='word_1_250' title='bbox 689 2755 718 2808; x_wconf 90' lang='lat' dir='ltr'>in</span> <span class='ocrx_word' id='word_1_251' title='bbox 732 2766 901 2814; x_wconf 74' lang='lat' dir='ltr'>terranem</span> <span class='ocrx_word' id='word_1_252' title='bbox 915 2769 1003 2808; x_wconf 91' lang='lat' dir='ltr'>omne</span> <span class='ocrx_word' id='word_1_253' title='bbox 1016 2763 1150 2807; x_wconf 86' lang='lat' dir='ltr'>creatum</span> <span class='ocrx_word' id='word_1_254' title='bbox 1163 2770 1182 2808; x_wconf 94' lang='lat' dir='ltr'>a</span> <span class='ocrx_word' id='word_1_255' title='bbox 1199 2752 1331 2807; x_wconf 87' lang='lat' dir='ltr'>Domino</span> 
     </span>
     <span class='ocr_line' id='line_1_29' title="bbox 210 2831 1333 2925; baseline -0.002 -36"><span class='ocrx_word' id='word_1_256' title='bbox 210 2845 430 2925; x_wconf 75' lang='lat' dir='ltr'>repraesentat:</span> <span class='ocrx_word' id='word_1_257' title='bbox 448 2836 501 2889; x_wconf 90' lang='lat' dir='ltr'>sed</span> <span class='ocrx_word' id='word_1_258' title='bbox 514 2835 586 2904; x_wconf 90' lang='lat' dir='ltr'>quid</span> <span class='ocrx_word' id='word_1_259' title='bbox 600 2834 666 2896; x_wconf 90' lang='lat' dir='ltr'>hoc,</span> <span class='ocrx_word' id='word_1_260' title='bbox 680 2834 782 2888; x_wconf 92' lang='lat' dir='ltr'>divina</span> <span class='ocrx_word' id='word_1_261' title='bbox 796 2834 821 2888; x_wconf 93' lang='lat' dir='ltr'>si</span> <span class='ocrx_word' id='word_1_262' title='bbox 838 2843 940 2904; x_wconf 73' lang='lat' dir='ltr'>potes:</span> <span class='ocrx_word' id='word_1_263' title='bbox 959 2848 1014 2886; x_wconf 88' lang='lat' dir='ltr'>nos</span> <span class='ocrx_word' id='word_1_264' title='bbox 1026 2832 1197 2886; x_wconf 86' lang='lat' dir='ltr'>divinamus</span> <span class='ocrx_word' id='word_1_265' title='bbox 1210 2831 1333 2887; x_wconf 85' lang='lat' dir='ltr'>delicias</span> 
     </span>
     <span class='ocr_line' id='line_1_30' title="bbox 210 2914 540 2984; baseline 0 -16"><span class='ocrx_word' id='word_1_266' title='bbox 210 2914 321 2968; x_wconf 83' lang='lat' dir='ltr'>auroris</span> <span class='ocrx_word' id='word_1_267' title='bbox 334 2914 540 2984; x_wconf 49' lang='lat' dir='ltr'>coniugialia?</span> 
     </span>
    </p>

    <p class='ocr_par' dir='ltr' id='par_1_10' title="bbox 207 2989 1336 4095">
     <span class='ocr_line' id='line_1_31' title="bbox 267 2989 1334 3063; baseline -0.001 -17"><span class='ocrx_word' id='word_1_268' title='bbox 267 2991 334 3046; x_wconf 90' lang='lat' dir='ltr'>Hoc</span> <span class='ocrx_word' id='word_1_269' title='bbox 347 2994 459 3053; x_wconf 87' lang='lat' dir='ltr'>audito.</span> <span class='ocrx_word' id='word_1_270' title='bbox 471 2994 559 3054; x_wconf 76' lang='lat' dir='ltr'>dixi‘</span> <span class='ocrx_word' id='word_1_271' title='bbox 562 2991 657 3063; x_wconf 76' lang='lat' dir='ltr'>Quid</span> <span class='ocrx_word' id='word_1_272' title='bbox 672 2992 796 3046; x_wconf 88' lang='lat' dir='ltr'>deliciae</span> <span class='ocrx_word' id='word_1_273' title='bbox 806 2991 916 3046; x_wconf 90' lang='lat' dir='ltr'>amoris</span> <span class='ocrx_word' id='word_1_274' title='bbox 926 2989 1112 3061; x_wconf 79' lang='lat' dir='ltr'>conjugialis.</span> <span class='ocrx_word' id='word_1_275' title='bbox 1122 2989 1161 3044; x_wconf 95' lang='lat' dir='ltr'>de</span> <span class='ocrx_word' id='word_1_276' title='bbox 1174 2990 1284 3060; x_wconf 82' lang='lat' dir='ltr'>quibus</span> <span class='ocrx_word' id='word_1_277' title='bbox 1297 3006 1334 3045; x_wconf 79' lang='lat' dir='ltr'>ex</span> 
     </span>
     <span class='ocr_line' id='line_1_32' title="bbox 209 3068 1335 3142; baseline -0.004 -16"><span class='ocrx_word' id='word_1_278' title='bbox 209 3072 365 3141; x_wconf 87' lang='lat' dir='ltr'>sapientia,</span> <span class='ocrx_word' id='word_1_279' title='bbox 378 3083 409 3126; x_wconf 88' lang='lat' dir='ltr'>et</span> <span class='ocrx_word' id='word_1_280' title='bbox 422 3088 542 3142; x_wconf 89' lang='lat' dir='ltr'>quoque</span> <span class='ocrx_word' id='word_1_281' title='bbox 556 3072 702 3132; x_wconf 81' lang='lat' dir='ltr'>facundia</span> <span class='ocrx_word' id='word_1_282' title='bbox 713 3081 776 3125; x_wconf 89' lang='lat' dir='ltr'>tam</span> <span class='ocrx_word' id='word_1_283' title='bbox 790 3071 883 3125; x_wconf 87' lang='lat' dir='ltr'>multa</span> <span class='ocrx_word' id='word_1_284' title='bbox 896 3070 976 3140; x_wconf 89' lang='lat' dir='ltr'>prius</span> <span class='ocrx_word' id='word_1_285' title='bbox 989 3071 1107 3124; x_wconf 88' lang='lat' dir='ltr'>locutae</span> <span class='ocrx_word' id='word_1_286' title='bbox 1118 3068 1214 3124; x_wconf 83' lang='lat' dir='ltr'>estis?</span> <span class='ocrx_word' id='word_1_287' title='bbox 1247 3070 1335 3124; x_wconf 87' lang='lat' dir='ltr'>Post-</span> 
     </span>
     <span class='ocr_line' id='line_1_33' title="bbox 208 3149 1335 3222; baseline -0.003 -17"><span class='ocrx_word' id='word_1_288' title='bbox 208 3166 299 3222; x_wconf 90' lang='lat' dir='ltr'>quam</span> <span class='ocrx_word' id='word_1_289' title='bbox 315 3151 427 3205; x_wconf 84' lang='lat' dir='ltr'>abivia</span> <span class='ocrx_word' id='word_1_290' title='bbox 442 3153 537 3209; x_wconf 87' lang='lat' dir='ltr'>vobis.</span> <span class='ocrx_word' id='word_1_291' title='bbox 553 3152 670 3205; x_wconf 87' lang='lat' dir='ltr'>narravi</span> <span class='ocrx_word' id='word_1_292' title='bbox 686 3166 856 3205; x_wconf 89' lang='lat' dir='ltr'>sermonem</span> <span class='ocrx_word' id='word_1_293' title='bbox 871 3159 1004 3204; x_wconf 88' lang='lat' dir='ltr'>vestrum</span> <span class='ocrx_word' id='word_1_294' title='bbox 1021 3149 1163 3203; x_wconf 85' lang='lat' dir='ltr'>uxoribus</span> <span class='ocrx_word' id='word_1_295' title='bbox 1182 3149 1214 3202; x_wconf 93' lang='lat' dir='ltr'>in</span> <span class='ocrx_word' id='word_1_296' title='bbox 1231 3160 1335 3204; x_wconf 89' lang='lat' dir='ltr'>nostra</span> 
     </span>
     <span class='ocr_line' id='line_1_34' title="bbox 210 3227 1333 3301; baseline -0.003 -16"><span class='ocrx_word' id='word_1_297' title='bbox 210 3230 331 3301; x_wconf 78' lang='lat' dir='ltr'>regione</span> <span class='ocrx_word' id='word_1_298' title='bbox 346 3231 618 3292; x_wconf 77' lang='lat' dir='ltr'>commorantibus:</span> <span class='ocrx_word' id='word_1_299' title='bbox 636 3241 668 3285; x_wconf 88' lang='lat' dir='ltr'>et</span> <span class='ocrx_word' id='word_1_300' title='bbox 683 3230 752 3290; x_wconf 81' lang='lat' dir='ltr'>dixi,</span> <span class='ocrx_word' id='word_1_301' title='bbox 767 3230 847 3298; x_wconf 91' lang='lat' dir='ltr'>quod</span> <span class='ocrx_word' id='word_1_302' title='bbox 864 3227 1028 3283; x_wconf 74' lang='lat' dir='ltr'>instruiius</span> <span class='ocrx_word' id='word_1_303' title='bbox 1040 3244 1120 3282; x_wconf 91' lang='lat' dir='ltr'>nunc</span> <span class='ocrx_word' id='word_1_304' title='bbox 1133 3228 1237 3288; x_wconf 88' lang='lat' dir='ltr'>sciam.</span> <span class='ocrx_word' id='word_1_305' title='bbox 1251 3229 1333 3299; x_wconf 89' lang='lat' dir='ltr'>quod</span> 
     </span>
     <span class='ocr_line' id='line_1_35' title="bbox 208 3307 1334 3380; baseline -0.002 -17"><span class='ocrx_word' id='word_1_306' title='bbox 208 3311 294 3364; x_wconf 91' lang='lat' dir='ltr'>vobis</span> <span class='ocrx_word' id='word_1_307' title='bbox 310 3310 371 3365; x_wconf 87' lang='lat' dir='ltr'>sint</span> <span class='ocrx_word' id='word_1_308' title='bbox 386 3311 511 3365; x_wconf 87' lang='lat' dir='ltr'>deliciae</span> <span class='ocrx_word' id='word_1_309' title='bbox 528 3309 693 3380; x_wconf 69' lang='lat' dir='ltr'>peilorales</span> <span class='ocrx_word' id='word_1_310' title='bbox 708 3309 853 3364; x_wconf 85' lang='lat' dir='ltr'>oriundae</span> <span class='ocrx_word' id='word_1_311' title='bbox 871 3325 908 3363; x_wconf 83' lang='lat' dir='ltr'>ex</span> <span class='ocrx_word' id='word_1_312' title='bbox 926 3323 1028 3362; x_wconf 85' lang='lat' dir='ltr'>amore</span> <span class='ocrx_word' id='word_1_313' title='bbox 1042 3307 1207 3377; x_wconf 81' lang='lat' dir='ltr'>conjugiali</span> <span class='ocrx_word' id='word_1_314' title='bbox 1222 3318 1334 3367; x_wconf 87' lang='lat' dir='ltr'>vestro.</span> 
     </span>
     <span class='ocr_line' id='line_1_36' title="bbox 208 3386 1334 3459; baseline -0.002 -17"><span class='ocrx_word' id='word_1_315' title='bbox 208 3405 284 3459; x_wconf 89' lang='lat' dir='ltr'>quas</span> <span class='ocrx_word' id='word_1_316' title='bbox 299 3391 414 3444; x_wconf 88' lang='lat' dir='ltr'>maritis</span> <span class='ocrx_word' id='word_1_317' title='bbox 429 3390 537 3445; x_wconf 87' lang='lat' dir='ltr'>vestris</span> <span class='ocrx_word' id='word_1_318' title='bbox 550 3390 715 3444; x_wconf 90' lang='lat' dir='ltr'>secundum</span> <span class='ocrx_word' id='word_1_319' title='bbox 728 3388 906 3457; x_wconf 89' lang='lat' dir='ltr'>sapientiam</span> <span class='ocrx_word' id='word_1_320' title='bbox 920 3387 1039 3441; x_wconf 91' lang='lat' dir='ltr'>illorum</span> <span class='ocrx_word' id='word_1_321' title='bbox 1054 3386 1182 3456; x_wconf 84' lang='lat' dir='ltr'>potestis</span> <span class='ocrx_word' id='word_1_322' title='bbox 1194 3402 1334 3441; x_wconf 89' lang='lat' dir='ltr'>commu·</span> 
     </span>
     <span class='ocr_line' id='line_1_37' title="bbox 209 3464 1336 3538; baseline 0 -17"><span class='ocrx_word' id='word_1_323' title='bbox 209 3469 316 3530; x_wconf 89' lang='lat' dir='ltr'>nicare.</span> <span class='ocrx_word' id='word_1_324' title='bbox 327 3480 358 3524; x_wconf 88' lang='lat' dir='ltr'>et</span> <span class='ocrx_word' id='word_1_325' title='bbox 371 3471 453 3538; x_wconf 90' lang='lat' dir='ltr'>quod</span> <span class='ocrx_word' id='word_1_326' title='bbox 467 3470 536 3524; x_wconf 93' lang='lat' dir='ltr'>ideo</span> <span class='ocrx_word' id='word_1_327' title='bbox 549 3469 673 3522; x_wconf 89' lang='lat' dir='ltr'>maritos</span> <span class='ocrx_word' id='word_1_328' title='bbox 682 3478 799 3522; x_wconf 87' lang='lat' dir='ltr'>vestros</span> <span class='ocrx_word' id='word_1_329' title='bbox 812 3467 906 3521; x_wconf 92' lang='lat' dir='ltr'>oculis</span> <span class='ocrx_word' id='word_1_330' title='bbox 919 3466 1042 3536; x_wconf 87' lang='lat' dir='ltr'>spiritus</span> <span class='ocrx_word' id='word_1_331' title='bbox 1051 3464 1144 3520; x_wconf 86' lang='lat' dir='ltr'>vestri</span> <span class='ocrx_word' id='word_1_332' title='bbox 1156 3467 1304 3520; x_wconf 88' lang='lat' dir='ltr'>continue</span> <span class='ocrx_word' id='word_1_333' title='bbox 1317 3482 1336 3521; x_wconf 80' lang='lat' dir='ltr'>a</span> 
     </span>
     <span class='ocr_line' id='line_1_38' title="bbox 209 3543 1335 3618; baseline -0.002 -16"><span class='ocrx_word' id='word_1_334' title='bbox 209 3564 398 3618; x_wconf 83' lang='lat' dir='ltr'>manensque</span> <span class='ocrx_word' id='word_1_335' title='bbox 406 3549 444 3602; x_wconf 91' lang='lat' dir='ltr'>ad</span> <span class='ocrx_word' id='word_1_336' title='bbox 451 3564 606 3618; x_wconf 88' lang='lat' dir='ltr'>vesperam</span> <span class='ocrx_word' id='word_1_337' title='bbox 615 3547 799 3607; x_wconf 88' lang='lat' dir='ltr'>intueamini,</span> <span class='ocrx_word' id='word_1_338' title='bbox 805 3562 839 3601; x_wconf 93' lang='lat' dir='ltr'>ac</span> <span class='ocrx_word' id='word_1_339' title='bbox 847 3545 994 3601; x_wconf 87' lang='lat' dir='ltr'>studeatis</span> <span class='ocrx_word' id='word_1_340' title='bbox 1001 3543 1120 3600; x_wconf 74' lang='lat' dir='ltr'>deilere</span> <span class='ocrx_word' id='word_1_341' title='bbox 1127 3556 1159 3598; x_wconf 86' lang='lat' dir='ltr'>et</span> <span class='ocrx_word' id='word_1_342' title='bbox 1168 3546 1335 3614; x_wconf 89' lang='lat' dir='ltr'>perducere</span> 
     </span>
     <span class='ocr_line' id='line_1_39' title="bbox 208 3623 1334 3697; baseline -0.004 -14"><span class='ocrx_word' id='word_1_343' title='bbox 208 3627 325 3683; x_wconf 88' lang='lat' dir='ltr'>animos</span> <span class='ocrx_word' id='word_1_344' title='bbox 339 3628 457 3682; x_wconf 91' lang='lat' dir='ltr'>illorum</span> <span class='ocrx_word' id='word_1_345' title='bbox 473 3628 510 3681; x_wconf 91' lang='lat' dir='ltr'>ad</span> <span class='ocrx_word' id='word_1_346' title='bbox 527 3627 712 3697; x_wconf 87' lang='lat' dir='ltr'>sapiendum.</span> <span class='ocrx_word' id='word_1_347' title='bbox 726 3638 849 3696; x_wconf 93' lang='lat' dir='ltr'>propter</span> <span class='ocrx_word' id='word_1_348' title='bbox 863 3625 952 3679; x_wconf 85' lang='lat' dir='ltr'>finem</span> <span class='ocrx_word' id='word_1_349' title='bbox 969 3634 1003 3678; x_wconf 92' lang='lat' dir='ltr'>ut</span> <span class='ocrx_word' id='word_1_350' title='bbox 1017 3623 1140 3678; x_wconf 77' lang='lat' dir='ltr'>delicias</span> <span class='ocrx_word' id='word_1_351' title='bbox 1157 3623 1227 3678; x_wconf 90' lang='lat' dir='ltr'>illas</span> <span class='ocrx_word' id='word_1_352' title='bbox 1241 3640 1334 3678; x_wconf 89' lang='lat' dir='ltr'>aucu-</span> 
     </span>
     <span class='ocr_line' id='line_1_40' title="bbox 210 3703 1333 3776; baseline -0.002 -17"><span class='ocrx_word' id='word_1_353' title='bbox 210 3706 336 3775; x_wconf 90' lang='lat' dir='ltr'>pemini:</span> <span class='ocrx_word' id='word_1_354' title='bbox 355 3707 518 3761; x_wconf 87' lang='lat' dir='ltr'>memoravi</span> <span class='ocrx_word' id='word_1_355' title='bbox 531 3707 621 3760; x_wconf 89' lang='lat' dir='ltr'>etiam</span> <span class='ocrx_word' id='word_1_356' title='bbox 635 3706 706 3776; x_wconf 88' lang='lat' dir='ltr'>quid</span> <span class='ocrx_word' id='word_1_357' title='bbox 721 3722 774 3775; x_wconf 89' lang='lat' dir='ltr'>per</span> <span class='ocrx_word' id='word_1_358' title='bbox 782 3705 959 3775; x_wconf 88' lang='lat' dir='ltr'>sapientiam</span> <span class='ocrx_word' id='word_1_359' title='bbox 971 3703 1145 3772; x_wconf 79' lang='lat' dir='ltr'>intelligitis,</span> <span class='ocrx_word' id='word_1_360' title='bbox 1156 3704 1241 3774; x_wconf 92' lang='lat' dir='ltr'>quod</span> <span class='ocrx_word' id='word_1_361' title='bbox 1255 3703 1333 3773; x_wconf 88' lang='lat' dir='ltr'>sapi·</span> 
     </span>
     <span class='ocr_line' id='line_1_41' title="bbox 207 3781 1333 3856; baseline -0.002 -17"><span class='ocrx_word' id='word_1_362' title='bbox 207 3786 320 3839; x_wconf 90' lang='lat' dir='ltr'>entiam</span> <span class='ocrx_word' id='word_1_363' title='bbox 334 3786 518 3856; x_wconf 89' lang='lat' dir='ltr'>spiritualem</span> <span class='ocrx_word' id='word_1_364' title='bbox 529 3786 704 3840; x_wconf 89' lang='lat' dir='ltr'>rationalem</span> <span class='ocrx_word' id='word_1_365' title='bbox 718 3795 750 3839; x_wconf 91' lang='lat' dir='ltr'>et</span> <span class='ocrx_word' id='word_1_366' title='bbox 763 3786 919 3839; x_wconf 90' lang='lat' dir='ltr'>moralem:</span> <span class='ocrx_word' id='word_1_367' title='bbox 938 3793 969 3838; x_wconf 91' lang='lat' dir='ltr'>et</span> <span class='ocrx_word' id='word_1_368' title='bbox 981 3782 1081 3854; x_wconf 91' lang='lat' dir='ltr'>quoad</span> <span class='ocrx_word' id='word_1_369' title='bbox 1094 3781 1282 3852; x_wconf 77' lang='lat' dir='ltr'>conjugium.</span> <span class='ocrx_word' id='word_1_370' title='bbox 1295 3783 1333 3837; x_wconf 93' lang='lat' dir='ltr'>ad</span> 
     </span>
     <span class='ocr_line' id='line_1_42' title="bbox 208 3862 1333 3930; baseline -0.004 -9"><span class='ocrx_word' id='word_1_371' title='bbox 208 3866 369 3921; x_wconf 89' lang='lat' dir='ltr'>amandum</span> <span class='ocrx_word' id='word_1_372' title='bbox 384 3867 478 3921; x_wconf 87' lang='lat' dir='ltr'>solam</span> <span class='ocrx_word' id='word_1_373' title='bbox 492 3881 625 3926; x_wconf 84' lang='lat' dir='ltr'>uxorem,</span> <span class='ocrx_word' id='word_1_374' title='bbox 639 3876 669 3919; x_wconf 92' lang='lat' dir='ltr'>et</span> <span class='ocrx_word' id='word_1_375' title='bbox 683 3865 720 3919; x_wconf 91' lang='lat' dir='ltr'>ad</span> <span class='ocrx_word' id='word_1_376' title='bbox 736 3864 905 3919; x_wconf 85' lang='lat' dir='ltr'>exuendum</span> <span class='ocrx_word' id='word_1_377' title='bbox 919 3879 1039 3917; x_wconf 90' lang='lat' dir='ltr'>omnem</span> <span class='ocrx_word' id='word_1_378' title='bbox 1053 3862 1333 3930; x_wconf 85' lang='lat' dir='ltr'>concupiscentiam</span> 
     </span>
     <span class='ocr_line' id='line_1_43' title="bbox 208 3943 1332 4015; baseline -0.003 -15"><span class='ocrx_word' id='word_1_379' title='bbox 208 3947 247 4000; x_wconf 89' lang='lat' dir='ltr'>ad</span> <span class='ocrx_word' id='word_1_380' title='bbox 266 3947 356 4002; x_wconf 85' lang='lat' dir='ltr'>alios:</span> <span class='ocrx_word' id='word_1_381' title='bbox 380 3947 433 4000; x_wconf 89' lang='lat' dir='ltr'>sed</span> <span class='ocrx_word' id='word_1_382' title='bbox 453 3946 490 3999; x_wconf 91' lang='lat' dir='ltr'>ad</span> <span class='ocrx_word' id='word_1_383' title='bbox 513 3945 586 4000; x_wconf 89' lang='lat' dir='ltr'>haec</span> <span class='ocrx_word' id='word_1_384' title='bbox 608 3960 716 3999; x_wconf 85' lang='lat' dir='ltr'>uxores</span> <span class='ocrx_word' id='word_1_385' title='bbox 736 3944 865 4015; x_wconf 83' lang='lat' dir='ltr'>regionis</span> <span class='ocrx_word' id='word_1_386' title='bbox 884 3955 1003 3998; x_wconf 88' lang='lat' dir='ltr'>nostrae</span> <span class='ocrx_word' id='word_1_387' title='bbox 1019 3943 1245 4012; x_wconf 87' lang='lat' dir='ltr'>respondebant</span> <span class='ocrx_word' id='word_1_388' title='bbox 1262 3959 1332 3997; x_wconf 86' lang='lat' dir='ltr'>cum</span> 
     </span>
     <span class='ocr_line' id='line_1_44' title="bbox 209 4021 1333 4095; baseline -0.001 -18"><span class='ocrx_word' id='word_1_389' title='bbox 209 4024 277 4085; x_wconf 88' lang='lat' dir='ltr'>risu,</span> <span class='ocrx_word' id='word_1_390' title='bbox 287 4026 429 4084; x_wconf 86' lang='lat' dir='ltr'>dicentes,</span> <span class='ocrx_word' id='word_1_391' title='bbox 439 4022 532 4095; x_wconf 81' lang='lat' dir='ltr'>‘Quid</span> <span class='ocrx_word' id='word_1_392' title='bbox 544 4023 621 4079; x_wconf 87' lang='lat' dir='ltr'>hoc?</span> <span class='ocrx_word' id='word_1_393' title='bbox 641 4025 690 4077; x_wconf 88' lang='lat' dir='ltr'>illa</span> <span class='ocrx_word' id='word_1_394' title='bbox 701 4022 781 4078; x_wconf 74' lang='lat' dir='ltr'>dicia</span> <span class='ocrx_word' id='word_1_395' title='bbox 792 4034 862 4077; x_wconf 92' lang='lat' dir='ltr'>sunt</span> <span class='ocrx_word' id='word_1_396' title='bbox 876 4023 977 4077; x_wconf 90' lang='lat' dir='ltr'>nauci:</span> <span class='ocrx_word' id='word_1_397' title='bbox 997 4038 1052 4076; x_wconf 88' lang='lat' dir='ltr'>nos</span> <span class='ocrx_word' id='word_1_398' title='bbox 1064 4037 1125 4077; x_wconf 92' lang='lat' dir='ltr'>non</span> <span class='ocrx_word' id='word_1_399' title='bbox 1135 4021 1250 4077; x_wconf 88' lang='lat' dir='ltr'>scimus</span> <span class='ocrx_word' id='word_1_400' title='bbox 1259 4023 1333 4093; x_wconf 92' lang='lat' dir='ltr'>quid</span> 
     </span>
    </p>
   </div>
   <div class='ocr_carea' id='block_1_5' title="bbox 208 4179 1332 4493">
    <p class='ocr_par' dir='ltr' id='par_1_11' title="bbox 208 4179 1332 4493">
     <span class='ocr_line' id='line_1_45' title="bbox 209 4179 1332 4253; baseline -0.002 -17"><span class='ocrx_word' id='word_1_401' title='bbox 209 4183 289 4237; x_wconf 88' lang='lat' dir='ltr'>unde</span> <span class='ocrx_word' id='word_1_402' title='bbox 305 4194 378 4237; x_wconf 92' lang='lat' dir='ltr'>tunc</span> <span class='ocrx_word' id='word_1_403' title='bbox 392 4184 457 4253; x_wconf 86' lang='lat' dir='ltr'>ejus</span> <span class='ocrx_word' id='word_1_404' title='bbox 472 4183 596 4238; x_wconf 87' lang='lat' dir='ltr'>deliciae</span> <span class='ocrx_word' id='word_1_405' title='bbox 611 4182 690 4253; x_wconf 90' lang='lat' dir='ltr'>apud</span> <span class='ocrx_word' id='word_1_406' title='bbox 706 4182 781 4237; x_wconf 83' lang='lat' dir='ltr'>nos?</span> <span class='ocrx_word' id='word_1_407' title='bbox 806 4182 899 4235; x_wconf 91' lang='lat' dir='ltr'>immo</span> <span class='ocrx_word' id='word_1_408' title='bbox 917 4181 954 4235; x_wconf 90' lang='lat' dir='ltr'>ad</span> <span class='ocrx_word' id='word_1_409' title='bbox 973 4179 1104 4241; x_wconf 87' lang='lat' dir='ltr'>delicias,</span> <span class='ocrx_word' id='word_1_410' title='bbox 1119 4196 1196 4251; x_wconf 88' lang='lat' dir='ltr'>quas</span> <span class='ocrx_word' id='word_1_411' title='bbox 1214 4181 1332 4237; x_wconf 81' lang='lat' dir='ltr'>voeatis</span> 
     </span>
     <span class='ocr_line' id='line_1_46' title="bbox 209 4260 1330 4332; baseline 0.002 -19"><span class='ocrx_word' id='word_1_412' title='bbox 209 4261 338 4323; x_wconf 85' lang='lat' dir='ltr'>ultimas,</span> <span class='ocrx_word' id='word_1_413' title='bbox 348 4264 528 4332; x_wconf 88' lang='lat' dir='ltr'>quandoque</span> <span class='ocrx_word' id='word_1_414' title='bbox 539 4264 688 4317; x_wconf 90' lang='lat' dir='ltr'>violenter</span> <span class='ocrx_word' id='word_1_415' title='bbox 698 4262 859 4322; x_wconf 86' lang='lat' dir='ltr'>renuimus,</span> <span class='ocrx_word' id='word_1_416' title='bbox 868 4272 940 4315; x_wconf 92' lang='lat' dir='ltr'>sunt</span> <span class='ocrx_word' id='word_1_417' title='bbox 952 4260 1031 4314; x_wconf 90' lang='lat' dir='ltr'>enim</span> <span class='ocrx_word' id='word_1_418' title='bbox 1045 4261 1132 4315; x_wconf 89' lang='lat' dir='ltr'>nobis</span> <span class='ocrx_word' id='word_1_419' title='bbox 1144 4261 1330 4322; x_wconf 88' lang='lat' dir='ltr'>inamoenae.</span> 
     </span>
     <span class='ocr_line' id='line_1_47' title="bbox 208 4340 1330 4413; baseline 0.003 -20"><span class='ocrx_word' id='word_1_420' title='bbox 208 4341 259 4393; x_wconf 82' lang='lat' dir='ltr'>vix</span> <span class='ocrx_word' id='word_1_421' title='bbox 269 4343 355 4397; x_wconf 79' lang='lat' dir='ltr'>aliter</span> <span class='ocrx_word' id='word_1_422' title='bbox 364 4360 451 4412; x_wconf 89' lang='lat' dir='ltr'>quarn</span> <span class='ocrx_word' id='word_1_423' title='bbox 462 4345 658 4397; x_wconf 85' lang='lat' dir='ltr'>violationes:</span> <span class='ocrx_word' id='word_1_424' title='bbox 678 4344 770 4396; x_wconf 92' lang='lat' dir='ltr'>immo</span> <span class='ocrx_word' id='word_1_425' title='bbox 780 4358 840 4395; x_wconf 91' lang='lat' dir='ltr'>non</span> <span class='ocrx_word' id='word_1_426' title='bbox 854 4341 978 4401; x_wconf 86' lang='lat' dir='ltr'>videbis,</span> <span class='ocrx_word' id='word_1_427' title='bbox 987 4340 1012 4394; x_wconf 89' lang='lat' dir='ltr'>si</span> <span class='ocrx_word' id='word_1_428' title='bbox 1025 4341 1201 4403; x_wconf 87' lang='lat' dir='ltr'>attenderis.</span> <span class='ocrx_word' id='word_1_429' title='bbox 1211 4342 1330 4413; x_wconf 78' lang='lat' dir='ltr'>signum</span> 
     </span>
     <span class='ocr_line' id='line_1_48' title="bbox 209 4421 1329 4493; baseline 0.003 -19"><span class='ocrx_word' id='word_1_430' title='bbox 209 4421 278 4475; x_wconf 78' lang='lat' dir='ltr'>talis</span> <span class='ocrx_word' id='word_1_431' title='bbox 296 4424 406 4478; x_wconf 90' lang='lat' dir='ltr'>amoris</span> <span class='ocrx_word' id='word_1_432' title='bbox 426 4425 455 4478; x_wconf 92' lang='lat' dir='ltr'>in</span> <span class='ocrx_word' id='word_1_433' title='bbox 475 4424 606 4479; x_wconf 79' lang='lat' dir='ltr'>faciebus</span> <span class='ocrx_word' id='word_1_434' title='bbox 622 4423 749 4478; x_wconf 85' lang='lat' dir='ltr'>nostris:</span> <span class='ocrx_word' id='word_1_435' title='bbox 773 4439 863 4493; x_wconf 91' lang='lat' dir='ltr'>quare</span> <span class='ocrx_word' id='word_1_436' title='bbox 880 4423 999 4493; x_wconf 87' lang='lat' dir='ltr'>nugaris</span> <span class='ocrx_word' id='word_1_437' title='bbox 1017 4433 1070 4475; x_wconf 84' lang='lat' dir='ltr'>aut</span> <span class='ocrx_word' id='word_1_438' title='bbox 1087 4423 1199 4493; x_wconf 86' lang='lat' dir='ltr'>jocaris</span> <span class='ocrx_word' id='word_1_439' title='bbox 1217 4424 1244 4479; x_wconf 93' lang='lat' dir='ltr'>si</span> <span class='ocrx_word' id='word_1_440' title='bbox 1262 4440 1329 4479; x_wconf 90' lang='lat' dir='ltr'>cum</span> 
     </span>
    </p>
   </div>
   <div class='ocr_carea' id='block_1_6' title="bbox 0 0 1396 5026">
    <p class='ocr_par' dir='ltr' id='par_1_12' title="bbox 0 0 1396 5026">
     <span class='ocr_line' id='line_1_49' title="bbox 0 0 1396 5026; baseline 0 1"><span class='ocrx_word' id='word_1_441' title='bbox 0 0 1396 5026; x_wconf 95' lang='lat' dir='ltr'> </span> 
     </span>
    </p>
   </div>
  </div>
 </body>
</html>
