2782 5026
320 115 370 165 na
393 114 528 167 anona
550 116 871 184 comumnes-v.
893 105 963 186 316.
1137 125 1200 190 ²49

78 291 175 338 mutuo
190 283 355 348 connexis,
370 301 447 355 quae
466 284 616 341 iaciebant
634 286 775 358 utrinque
794 288 939 359 parietem
955 289 1145 347 continenter
1159 307 1206 346 ar·
1235 314 1241 321 »

76 363 212 426 boreum:
232 379 293 433 per
308 364 455 434 porticum
476 365 622 420 intrabam
642 367 805 429 hortulum,
821 368 872 438 qui
892 369 1025 438 spirabat
1042 386 1205 425 amoenum

74 457 109 495 ex
123 441 269 513 virgultis
289 452 321 497 et
339 443 479 506 floribus;
500 445 630 516 virgulta
643 455 675 499 et
690 446 778 500 flores
797 459 883 500 erant
903 447 986 517 paria
1002 458 1035 503 et
1054 449 1152 518 paria;
1173 461 1206 505 et

73 520 183 584 audivi,
195 523 286 592 quod
299 522 376 576 tales
389 523 502 578 hortuli
515 535 679 594 appareant
693 526 805 580 circum
818 527 926 581 domos
941 527 991 580 ubi
1007 538 1122 583 suntet
1140 527 1205 585 lue·

75 610 143 654 runt
156 601 295 670 nuptiae,
309 611 341 655 et
353 602 435 671 quod
449 602 519 657 inde
532 603 722 673 appellentur
734 604 845 659 hortuli
860 606 1017 676 nuptiales.

127 678 245 735 Intravi
266 692 373 751 postea
387 684 520 744 domum,
533 683 583 736 ubi
599 682 660 738 vidi
676 683 763 738 binos
778 684 924 755 conjuges
940 695 1079 741 tenentes
1093 702 1125 741 se
1141 704 1205 742 ma-

70 759 172 822 nibus,
187 769 221 813 et
239 776 278 814 ex
300 775 403 816 amore
418 777 490 815 vere
508 761 670 832 conjugiali
691 762 769 817 inter
786 780 818 818 se
838 764 1013 834 loquentes;
1033 775 1064 819 et
1080 777 1153 820 tunc
1168 783 1205 822 ex

69 838 211 894 faciebus
224 840 345 894 illorum
359 841 463 894 datum
479 852 526 895 est
538 842 638 896 videre
651 842 779 914 effigiem
795 844 906 898 amoris
920 845 1107 915 conjugialis,
1121 856 1152 901 et
1167 862 1204 901 ex

68 919 230 990 colloquio
244 919 363 973 illorum
377 921 468 974 vitale
480 921 554 990 ejus.

129 997 300 1069 Postquam
320 1014 377 1069 ego
400 1000 479 1054 inter
500 1001 599 1070 plures
619 1016 858 1071 nuncupaveram
881 1011 961 1065 vota,
976 1012 1008 1057 et
1028 1002 1127 1058 felicia
1147 1004 1205 1059 illis

65 1086 262 1148 optaveram,
278 1078 357 1133 exivi
374 1079 402 1131 in
423 1079 576 1133 hortulum
594 1080 766 1150 nuptialem,
782 1091 813 1134 et
828 1081 889 1134 vidi
908 1082 946 1135 ad
967 1084 1106 1136 dextrum
1126 1083 1205 1138 latus

64 1157 140 1228 ejus
148 1167 274 1212 coetum
285 1173 322 1212 ex
333 1158 503 1228 juvenibus,
514 1159 543 1212 in
554 1175 643 1229 quem
654 1175 760 1213 omnes
769 1159 820 1230 qui
834 1160 991 1215 exiverunt
1000 1163 1093 1215 domo
1102 1178 1205 1217 accur·

66 1238 200 1300 rebant;
226 1237 309 1308 quod
328 1253 433 1292 omnes
453 1238 522 1291 illuc
537 1247 735 1299 accurrerent,
754 1250 818 1293 erat
837 1255 934 1300 causa,
954 1240 1024 1310 quia
1043 1241 1082 1295 ibi
1105 1258 1204 1296 sermo

61 1316 131 1370 fuit
141 1316 183 1370 de
195 1331 300 1370 amore
313 1316 476 1387 conjugiali
488 1335 494 1379 ;
513 1327 545 1371 et
556 1317 606 1371 hic
615 1333 715 1371 sermo
724 1318 849 1373 attrahit
859 1319 993 1373 omnium
1004 1320 1121 1375 animos
1131 1337 1205 1390 qua·

62 1397 145 1450 dam
156 1395 189 1450 vi
198 1397 319 1450 occulta
331 1398 368 1450 ad
382 1412 424 1450 se.
462 1397 640 1451 Auscultavi
649 1406 723 1451 tunc
732 1398 898 1467 sapientem
909 1399 946 1453 de
958 1399 1009 1452 illo
1019 1399 1203 1469 loquentem,

60 1487 102 1530 et
123 1490 207 1546 quae
224 1475 400 1538 auscultavi,
422 1475 451 1529 in
470 1492 587 1529 summa
607 1486 692 1531 erant
711 1477 793 1531 haec.
838 1475 928 1548 Quod
950 1477 1059 1532 Divina
1080 1478 1204 1533 Domini

63 1552 271 1626 providentia
284 1555 521 1627 singularissima
539 1565 570 1609 et
590 1555 659 1609 inde
675 1556 929 1611 universalissima
947 1557 987 1612 sit
1002 1558 1039 1612 de
1055 1559 1204 1629 conjugiis

60 1645 102 1689 et
116 1635 149 1688 in
164 1634 316 1705 conjugiis
330 1634 359 1688 in
375 1634 471 1696 caelis,
485 1635 555 1705 quia
570 1627 671 1688 or'nnia
686 1634 786 1689 felicia
798 1636 872 1690 caeli
888 1652 925 1690 ex
939 1637 1080 1707 jucundis
1093 1638 1204 1693 amoris

64 1712 257 1784 coniugialis
276 1714 451 1776 scaturiunt,
465 1714 542 1769 sicut
562 1730 657 1785 aquae
676 1714 779 1769 dulces
798 1731 835 1770 ex
854 1716 934 1770 dulci
950 1732 1026 1770 vena
1046 1715 1155 1780 iontis3
1174 1729 1205 1771 et

61 1793 158 1863 quod
176 1793 247 1847 ideo
262 1793 455 1863 provideatur
469 1809 487 1847 a
503 1791 636 1847 Domino
651 1805 684 1847 ut
701 1805 862 1848 nascantur
877 1795 958 1864 paria
970 1795 1159 1866 conjugialia,
1173 1807 1205 1850 et

61 1873 158 1942 quod
179 1872 255 1927 haec
272 1873 384 1943 jugiter
396 1873 563 1926 educentur
581 1874 618 1927 ad
638 1873 786 1943 conjugia,
799 1874 951 1928 nesciente
965 1875 1023 1929 hoc
1036 1877 1093 1928 l¹let
1106 1876 1206 1945 puella

63 1963 104 2006 et
124 1967 240 2022 puero:
258 1962 290 2006 et
305 1953 386 2022 quod
407 1962 476 2022 post
494 1950 631 2007 exailum
650 1963 769 2022 tempus
786 1953 835 2006 illa
854 1963 926 2006 tunc
941 1953 1025 2024 virgo
1041 1954 1159 2016 nubilis,
1172 1964 1204 2009 et
1300 1940 1305 1955 ¹

64 2033 126 2087 ille
139 2042 216 2086 tunc
227 2031 347 2102 juvenis
362 2032 399 2085 ad
413 2032 533 2101 nuptias
547 2031 663 2094 babilis,
673 2032 751 2086 sicut
763 2049 800 2087 ex
813 2031 875 2086 lato
889 2033 997 2087 alicubi
1013 2033 1204 2096 conveniant,

61 2123 152 2167 etse
166 2122 275 2165 mutuo
287 2110 425 2173 videant;
444 2120 475 2164 et
487 2111 570 2181 quod
590 2121 663 2166 tunc
680 2111 759 2165 illico
774 2111 852 2166 sicut
866 2129 902 2166 ex
914 2113 1045 2181 quodam
1061 2110 1203 2167 instinctu

60 2201 264 2263 cognoscant
277 2191 358 2261 quod
372 2190 433 2244 sint
445 2206 607 2260 compares,
623 2199 655 2244 et
667 2207 704 2244 ex
714 2191 844 2261 quodam
859 2189 1020 2245 diiiamine
1034 2191 1114 2246 intus
1128 2192 1203 2246 inse

61 2272 223 2342 cogitent,
236 2270 355 2340 juvenis
367 2270 450 2339 quod
467 2270 541 2324 haec
554 2286 620 2323 mea
635 2269 682 2331 sit,
695 2279 726 2324 et
741 2271 827 2340 virgo
839 2271 920 2339 quod
938 2270 987 2324 hic
1002 2286 1087 2325 meus
1100 2270 1153 2332 sit:
1172 2282 1203 2325 et

62 2351 158 2420 quod
173 2360 334 2420 postquam
349 2349 406 2403 hoc
416 2348 754 2419 aliquamdiuinsederat
769 2350 920 2404 mentibus
931 2349 1094 2420 utriusque,
1104 2366 1141 2404 ex
1151 2351 1204 2404 de·

61 2430 206 2504 liberato
219 2445 251 2484 se
263 2429 498 2499 alloquanturac
507 2429 700 2498 desponsent.
738 2427 856 2482 Dicitur
865 2428 942 2483 sicut
952 2445 988 2483 ex
1001 2428 1073 2491 lato,
1087 2439 1117 2483 et
1126 2429 1204 2484 sicut

63 2527 112 2564 ex
133 2508 288 2570 instinctu,
304 2518 335 2562 et
356 2507 534 2578 intelligitur
551 2524 588 2562 ex
606 2506 717 2562 Divina
731 2507 927 2578 providentia,
944 2508 1014 2577 quia
1033 2509 1115 2570 haec,
1131 2509 1203 2562 dum

64 2589 219 2649 nescitur,
234 2598 356 2658 apparet
370 2588 420 2642 ita.
457 2586 547 2659 Quod
560 2597 722 2642 nascantur
734 2588 816 2658 paria
828 2587 1017 2658 conjugialia,
1027 2603 1063 2641 ac
1075 2588 1205 2641 educen-

63 2678 126 2723 tur
144 2670 184 2722 ad
204 2667 354 2738 conjugia,
371 2666 522 2721 nesciente
543 2676 678 2737 utroque,
695 2666 883 2720 confirmavit
904 2682 957 2735 per
977 2666 1203 2721 similitudinem

61 2747 279 2818 conjugialem
289 2747 318 2799 in
328 2748 483 2817 utriusque
491 2745 789 2808 faciebusvisibilem;
803 2755 867 2799 tum
877 2745 1078 2814 perunionem
1088 2745 1204 2799 animo·

64 2843 144 2881 rum
155 2837 187 2881 et
201 2826 348 2880 mentium
362 2827 497 2880 intimam
512 2835 543 2880 et
555 2835 716 2887 aeternam,
725 2841 802 2894 quae
816 2840 877 2878 non
887 2824 1001 2879 dabiles
1011 2835 1089 2886 sunt,
1099 2825 1204 2894 quales

62 2903 107 2959 in
120 2907 215 2965 caelo.
229 2907 342 2976 absque
357 2906 492 2975 praeviso
508 2917 538 2960 et
554 2904 673 2975 proviso
688 2921 707 2958 a
723 2903 864 2957 Domino.
903 2903 1069 2973 Postquam
1085 2904 1204 2974 sapiens

60 2983 153 3041 haec
168 2986 289 3040 locutus
304 2995 359 3048 est,
372 2995 403 3040 et
418 2997 523 3040 coetus
538 2985 702 3055 applausit:
721 2984 797 3038 dixit
813 2999 911 3052 porro,
927 2983 1008 3052 quod
1026 2983 1056 3036 in
1072 2983 1204 3053 singula-

58 3065 204 3121 rissimis
219 3065 299 3135 apud
313 3065 474 3125 hominem,
489 3075 550 3118 tam
567 3064 730 3118 masculum
744 3079 835 3132 quam
851 3060 1001 3124 leminam,
1015 3063 1055 3117 sit
1067 3062 1203 3134 conjugi·

51 3146 138 3209 ale3
157 3144 212 3200 sed
225 3160 319 3215 usque
331 3144 412 3197 aliud
426 3143 595 3213 coniugiale
608 3143 686 3212 apud
701 3142 865 3196 masculum
881 3152 912 3194 et
925 3142 1005 3196 aliud
1021 3143 1101 3212 apud
1118 3141 1203 3196 lemi-

55 3237 166 3287 nam;
195 3234 260 3278 turn
283 3223 364 3294 quod
391 3223 421 3277 in
446 3222 608 3293 conjugiali
631 3221 797 3276 masculino
822 3221 861 3274 sit
885 3219 1111 3290 conjunctivum
1134 3238 1201 3275 cum

44 3303 241 3376 conjugali
256 3302 411 3363 feminino,
424 3318 459 3356 ac
473 3302 612 3362 vicissim,
628 3301 718 3355 etiam
736 3301 765 3354 in
780 3300 1039 3370 singularissimis;
1059 3300 1116 3353 hoc
1131 3315 1203 3354 con-

49 3381 208 3440 firmavit
222 3399 276 3453 per
290 3382 465 3453 conjugium
481 3381 645 3435 voluntatis
659 3390 691 3434 et
707 3377 875 3434 intellectus
891 3379 920 3432 in
937 3379 1112 3448 unoquovis,
1126 3394 1202 3449 quae

42 3465 139 3518 duo
153 3473 250 3535 agunt
263 3462 351 3516 simul
368 3461 397 3515 in
414 3460 650 3531 singularissima
668 3459 777 3513 mentis
792 3469 823 3512 et
842 3458 872 3511 in
888 3457 1123 3528 singularissima
1138 3472 1203 3510 cor-

19 3542 23 3547 ’
42 3543 174 3609 parix
194 3558 231 3596 ex
245 3542 354 3612 quibus
369 3540 463 3595 videri
480 3549 588 3610 potest,
602 3540 683 3610 quod
704 3539 733 3592 in
750 3537 914 3608 unaquavis
929 3535 1097 3591 substantia
1112 3535 1202 3589 etiam

41 3623 203 3677 tuinima
209 3621 250 3677 sit
257 3620 428 3691 conjugiale
438 3636 445 3673 :
457 3629 488 3674 et
496 3620 578 3689 quod
589 3619 647 3673 hoc
657 3627 791 3689 patescat
799 3633 834 3672 ex
844 3615 1019 3671 substantiis
1027 3615 1203 3685 compositis

37 3711 153 3772 quae
166 3718 205 3757 ex
218 3700 393 3756 substantiis
403 3698 589 3769 simplicibus
599 3697 727 3753 conflata
737 3708 814 3758 sunt,
826 3705 861 3750 ut
871 3696 952 3765 quod
965 3695 1027 3749 duo
1040 3695 1101 3748 sint
1114 3695 1202 3756 oculi,

36 3780 155 3836 duae
173 3797 268 3842 aures,
290 3781 367 3834 duae
389 3794 483 3839 nares,
504 3778 580 3831 duae
599 3793 702 3848 genae,
722 3777 783 3830 duo
804 3776 890 3835 labia,
910 3775 971 3828 duo
991 3773 1113 3827 brachia
1133 3788 1202 3826 curn

46 3861 224 3923 manibus,
234 3861 297 3914 duo
310 3857 412 3919 lumbi,
422 3858 484 3911 duo
494 3858 593 3926 pedes,
604 3873 638 3910 ac
649 3856 729 3910 intus
740 3855 769 3909 in
781 3854 902 3909 homine
914 3854 974 3907 duo
984 3851 1203 3921 hemisphaeria

44 3941 199 4004 cerebri,
220 3942 282 3995 duo
304 3937 464 3994 ventriculi
483 3937 590 3998 cordis,
610 3937 671 3990 duo
690 3935 751 3990 lobi
771 3934 928 4005 pulmonis,
948 3933 1009 3985 duo
1028 3947 1122 3991 renes.
1141 3931 1202 3986 duo

48 4022 179 4083 testes.
189 4032 220 4075 et
234 4020 284 4074 ubi
298 4035 359 4073 non
373 4018 435 4071 duo
448 4026 527 4077 sunt,
537 4032 631 4085 usque
644 4015 740 4068 divisa
750 4024 820 4068 sunt
833 4013 862 4066 in
874 4013 948 4073 duo:
967 4011 1048 4082 quod
1059 4010 1120 4064 duo
1133 4010 1202 4072 sint,

62 4100 204 4172 estquia
214 4116 310 4154 unum
323 4107 371 4154 est
382 4095 547 4151 voluntatis
559 4105 589 4150 et
601 4095 727 4149 alterum
742 4090 918 4153 intellectus,
932 4106 1007 4161 quae
1020 4099 1113 4160 agunt
1126 4089 1156 4142 in
1169 4103 1203 4144 se
