2782 5026
372 454 424 505 nn
447 452 584 506 anona
606 452 924 520 conmenta-n
946 441 1016 520 385.
1188 454 1247 523 301

625 755 771 842 [xvn]

129 908 187 972 De
220 906 519 988 conJuncnonn
541 907 698 974 Auonrs
721 908 974 988 ConJuouus
1003 921 1082 973 cun
1103 907 1249 973 Anonn

580 1004 796 1068 Inranrun.

190 1181 293 1263 3⁸⁵·
322 1177 410 1245 Sunt
426 1179 551 1243 indicia
567 1200 653 1262 quae
670 1180 893 1243 manifestant
912 1178 1002 1263 quod
1019 1198 1116 1242 amor
1131 1177 1248 1260 conju·

128 1273 229 1356 gialis
245 1286 281 1338 et
298 1294 394 1338 arnor
406 1275 586 1348 infantum,
600 1275 656 1356 qui
673 1284 817 1338 vocatur
829 1284 959 1357 storge,
974 1272 1145 1355 conjuncti
1158 1275 1247 1350 sint;

128 1379 163 1434 et
180 1390 316 1452 quoque
333 1379 413 1434 sunt
431 1370 557 1434 indicia
580 1390 667 1452 quae
691 1370 850 1434 inducere
870 1381 1015 1452 possunt
1034 1369 1137 1433 fidem
1156 1370 1248 1451 quod

128 1485 196 1530 non
215 1464 385 1547 conjundli
404 1466 473 1529 sint
489 1486 497 1545 ;
521 1467 623 1529 datur
641 1467 731 1529 enim
751 1485 846 1529 amor
864 1465 1031 1530 infantum
1050 1465 1140 1548 apud
1164 1485 1247 1529 con-

125 1559 223 1642 juges
241 1561 298 1643 qui
321 1582 367 1623 ex
390 1561 496 1624 corde
515 1581 552 1623 se
572 1570 699 1635 amant,
720 1570 755 1624 et
778 1561 880 1624 datur
898 1562 988 1642 apud
1008 1559 1172 1642 conjuges
1191 1560 1247 1642 qui

129 1655 230 1718 corde
249 1655 439 1732 dissident;
463 1664 499 1718 et
518 1675 653 1737 quoque
672 1655 762 1737 apud
781 1666 970 1737 separatos,
988 1664 1024 1718 et
1043 1655 1247 1737 quandoque

129 1750 277 1814 tenerior
299 1759 335 1813 et
358 1750 479 1814 sortior
497 1750 587 1831 apud
610 1750 674 1813 hos
697 1769 799 1832 quam
818 1750 908 1832 apud
932 1749 1020 1813 illos.
1066 1749 1134 1814 Sed
1154 1749 1245 1832 quod

128 1865 231 1927 usque
250 1864 347 1909 amor
362 1845 531 1908 infantum
548 1864 625 1909 curn
645 1863 760 1908 amore
776 1845 959 1926 conjugiali
979 1856 1145 1928 perpetuo
1162 1865 1245 1909 con·

126 1937 259 2020 junctus
275 1941 331 2014 sit,
350 1949 508 2003 constare
525 1950 643 2022 potest
660 1960 704 2002 ex
722 1940 853 2021 origine
870 1939 951 2021 ejus,
970 1961 1014 2002 ex
1031 1961 1097 2022 qua
1113 1939 1221 2004 influit
1236 1961 1244 2017 ;

128 2054 212 2116 quae
232 2036 374 2098 tametsi
393 2035 545 2098 variatur
560 2035 649 2117 apud
669 2035 886 2116 recipientes,
907 2055 1011 2118 usque
1031 2045 1173 2099 manent
1196 2036 1245 2099 illi

128 2148 261 2192 amores
284 2128 456 2203 indivulsi‚
481 2129 582 2211 plane
606 2131 694 2193 sicut
716 2129 793 2192 finis
815 2131 941 2212 primus
967 2131 1000 2192 in
1024 2128 1090 2193 fine
1110 2130 1243 2205 ultimo,

128 2224 181 2306 qui
203 2235 256 2287 est
273 2221 422 2287 effectus.
468 2223 561 2287 Finis
580 2224 706 2306 primus
725 2226 850 2287 amoris
868 2224 1069 2305 conjugialis
1088 2235 1142 2287 est
1165 2244 1244 2306 pro-

128 2319 254 2382 creatio
270 2318 417 2397 sobolis;
442 2328 478 2382 et
498 2318 572 2382 finis
588 2319 736 2392 ultimus,
754 2320 810 2401 qui
828 2330 883 2383 est
902 2317 1052 2393 elicitus,
1069 2329 1122 2382 est
1140 2319 1243 2382 sobo-

128 2412 175 2476 les
199 2423 388 2494 procreata.
433 2412 536 2495 Quod
560 2416 686 2496 primus
709 2413 784 2478 finis
807 2435 844 2479 se
867 2415 989 2478 inserat
1017 2415 1049 2477 in
1073 2411 1242 2487 effectum,

127 2528 165 2573 ac
184 2509 265 2573 inibi
285 2510 329 2572 sit
347 2509 434 2572 sicut
458 2510 492 2572 in
511 2530 572 2572 suo
591 2510 788 2592 primordio,
809 2519 843 2573 et
865 2529 933 2572 non
953 2509 1091 2573 recedat
1109 2509 1243 2583 abillo,

126 2613 242 2685 potest
264 2604 371 2666 videri
397 2624 443 2667 ex
467 2605 831 2677 rationaliintuitione
855 2605 1103 2686 progressionis
1126 2602 1242 2666 finium

127 2709 160 2762 et
181 2718 357 2763 causarum
378 2700 411 2762 in
430 2721 492 2762 suo
505 2701 623 2763 ordine
642 2700 685 2762 ad
706 2697 863 2767 effectus:
888 2700 948 2763 sed
968 2699 1045 2781 quia
1064 2700 1243 2764 ratiocinia

126 2794 329 2876 perplurium
353 2815 421 2858 non
445 2795 623 2860 ordiuntur
646 2796 709 2858 nisi
733 2814 834 2877 quam
858 2815 903 2859 ex
926 2792 1111 2870 effettibus,
1136 2803 1172 2859 et
1196 2815 1243 2858 ex

126 2889 189 2952 illis
208 2892 400 2972 procedunt
424 2891 468 2953 ad
491 2891 622 2974 aliquas
641 2890 877 2973 consequelas,
898 2899 933 2954 et
957 2911 1026 2953 non
1049 2910 1095 2954 ex
1119 2890 1240 2963 causis,

126 2993 225 3049 etex
249 2986 302 3049 his
321 2985 496 3068 analytice
519 2987 563 3049 ad
587 2984 737 3059 effectus,
761 2996 797 3048 et
813 2987 860 3048 sic
885 3006 997 3067 porro,
1034 2985 1113 3049 ideo
1134 2986 1242 3049 ratio·

126 3079 213 3143 nalia
232 3080 317 3144 lucis
341 3101 409 3143 non
428 3090 572 3162 possunt
593 3100 661 3143 non
684 3079 755 3143 tieri
774 3079 918 3142 obscura
938 3080 1046 3153 nubis,
1067 3081 1157 3143 unde
1180 3079 1241 3143 de·

125 3175 292 3239 viationes
310 3195 330 3238 a
348 3176 448 3251 veris,
466 3176 628 3239 oriundae
648 3196 693 3239 ex
710 3176 921 3257 apparentiis
937 3186 973 3238 et
991 3174 1145 3238 fallaciis.
1190 3175 1241 3239 Ut
1348 3192 1352 3199 ·

125 3280 237 3334 autern
256 3271 424 3346 videatur,
445 3271 536 3352 quod
559 3290 656 3334 amor
674 3269 875 3350 conjugialis
898 3278 934 3332 et
958 3289 1053 3332 amor
1071 3269 1240 3332 infantum

124 3362 262 3428 interius
281 3362 453 3446 conjuncti
472 3367 553 3440 sint,
574 3365 714 3428 tametsi
733 3364 887 3427 exterius
907 3360 1076 3442 disjuncti,
1096 3364 1241 3426 demon·

124 3460 285 3524 strabitur
303 3461 336 3522 in
356 3460 421 3524 hoc
441 3461 569 3525 ordine.

300 3583 342 3652 (i.)
370 3583 457 3654 Quod
466 3584 552 3637 binae
564 3582 706 3653 sphaerae
720 3582 898 3637 une‘reersales
905 3582 1067 3655 procedant
1080 3599 1099 3635 a
1115 3582 1241 3635 Domino

437 3655 480 3708 ad
488 3655 715 3709 conservandum
725 3657 893 3707 umaersum
903 3657 936 3706 in
944 3660 1026 3707 statu
1034 3659 1129 3707 creata
1137 3673 1150 3714 ,·
1167 3669 1240 3720 qua-

436 3742 503 3778 rum
517 3741 577 3778 rena
586 3731 627 3779 est
635 3725 760 3795 sphaera
767 3724 953 3796 procreandi,
963 3740 999 3777 ac
1009 3724 1104 3777 altera
1113 3722 1239 3793 sphaera

437 3796 560 3850 tutandi
564 3801 730 3867 procreata.

287 3867 341 3937 (ii.)
369 3868 454 3939 Quod
468 3868 554 3921 binae
570 3868 639 3921 illae
656 3867 798 3937 sphaerae
815 3864 994 3920 unzleersales
1008 3881 1100 3919 anum
1115 3865 1241 3938 sacrant

436 3956 500 3992 crem
519 3938 644 4009 sphaera
663 3940 774 3991 amarrls
786 3936 970 4009 conjugales,
986 3941 1015 3989 et
1030 3951 1096 3989 cum
1113 3934 1239 4005 sphaera

438 4012 548 4063 amoris
559 4010 720 4080 assartum.

276 4080 340 4148 (iii.)
368 4080 454 4151 Quod
462 4080 547 4133 binae
558 4080 629 4133 illae
636 4078 778 4149 sphaerae
785 4077 993 4132 unraersalr'ter
1004 4082 1032 4131 et
1042 4075 1240 4147 singulariter

436 4151 567 4219 influant
579 4153 612 4203 in
624 4152 722 4205 omm‘a
734 4150 810 4203 caeli
818 4154 846 4203 et
860 4150 892 4202 in
904 4149 1002 4203 amnia
1016 4146 1127 4208 mundi,
1139 4163 1159 4200 a
1167 4148 1239 4217 pre·-

439 4224 495 4274 rm's
506 4221 549 4274 ad
559 4221 673 4275 ultima.

278 4291 341 4362 (iv.)
368 4291 455 4363 Quod
464 4291 589 4362 sphaera
602 4292 712 4345 amoris
725 4291 885 4364 infantum,
897 4291 939 4342 sit
950 4287 1077 4359 sphaera
1090 4286 1199 4341 tutelae
1211 4290 1239 4341 et

434 4364 652 4417 sustentareemt
663 4362 789 4425 illarum,
799 4363 854 4431 qui
861 4361 1021 4431 semetz'psas
1029 4360 1129 4414 tutari
1138 4363 1166 4412 et
1175 4374 1238 4412 sus·

437 4441 552 4489 tentare
563 4439 713 4504 nequeunt.
1245 4438 1248 4445 ’
