2782 5026
347 445 397 494 ou
421 443 555 495 suone
580 441 939 495 scortatorem-u.
957 428 1032 509 478.
1183 427 1242 509 365

130 612 267 682 utrinque
285 621 481 674 evanuerunt,
493 610 624 682 virgines
642 626 660 664 e
677 606 840 680 conspeetu
858 608 967 671 viriet
984 608 1065 663 vire
1082 606 1244 678 conspeiiu

129 691 285 761 virginum.

180 770 255 824 Post
270 770 345 824 haec
357 769 481 840 angelus
493 767 634 824 instruxit
650 767 743 827 illurn.
757 766 837 821 unde
851 775 937 821 erant
952 766 1137 822 inversiones
1149 776 1245 821 status

126 850 244 903 visuum
258 849 339 918 ejus;
357 849 468 909 dicens,
481 856 497 877 ‘⁶
506 846 652 916 Percipio‚
666 845 746 916 quod
762 845 792 899 in
805 846 927 907 mundo.
937 862 954 900 e
966 861 1027 915 quo
1039 845 1171 906 advenis.
1182 844 1246 899 iue-

127 928 166 982 ris
179 927 298 998 duplex‚
310 927 387 981 alius
405 927 436 980 in
452 927 586 987 internis,
599 936 631 980 et
648 926 725 980 alius
744 925 774 980 in
793 925 940 986 externis;
964 925 1046 994 quod
1066 924 1096 978 in
1112 923 1246 979 externis

128 1006 216 1061 tueris
233 1005 325 1061 homo
338 1005 444 1067 civilis.
460 1005 580 1061 moralis
595 1015 626 1059 et
645 1005 807 1065 rationalis,
822 1014 854 1058 at
873 1003 904 1058 in
924 1003 1048 1057 internis
1065 1018 1124 1057 non
1140 1002 1245 1063 civilis.

127 1102 186 1139 uon
201 1085 332 1145 moralis,
346 1100 401 1139 nec
416 1084 578 1144 rationalis,
591 1084 663 1154 quia
674 1094 825 1138 scortator
837 1095 868 1138 et
880 1083 1012 1146 adulter;
1030 1092 1062 1137 et
1073 1082 1160 1142 tales.
1172 1082 1245 1136 dum

128 1164 184 1218 illis
199 1163 269 1217 licet
284 1164 446 1218 ascendere
462 1163 491 1216 in
508 1164 632 1224 caelum.
646 1174 677 1217 et
693 1163 734 1216 ibi
751 1163 780 1216 in
796 1163 928 1216 externis
940 1162 1003 1217 suis
1015 1172 1165 1223 tenentur,
1178 1177 1246 1231 pos·

127 1253 197 1296 sunt
214 1242 316 1296 videre
334 1242 477 1297 caelestia
495 1243 551 1304 ibi;
575 1252 607 1296 at
626 1258 694 1296 cum
713 1242 889 1311 aperiuntur
904 1240 1021 1295 interna
1036 1241 1162 1302 illorum,
1178 1241 1247 1295 loco

126 1321 299 1375 caelestium
308 1321 414 1376 vident
424 1321 588 1375 infernalia.
626 1322 668 1375 At
676 1321 762 1382 scias,
773 1321 853 1391 quod
864 1322 943 1390 apud
954 1320 1185 1391 unumquemvis
1198 1319 1247 1373 hic

125 1400 276 1455 sucessive
284 1401 462 1455 claudantur
471 1410 602 1461 externa.
611 1411 642 1454 et
655 1401 828 1471 aperiantur
837 1400 963 1460 interna.
974 1409 1004 1454 et
1017 1399 1061 1453 sic
1071 1414 1247 1469 praeparen-

126 1490 176 1534 tur
190 1481 229 1534 ad
244 1481 360 1535 caelum
376 1491 429 1536 aut
443 1481 481 1535 ad
498 1479 663 1541 infernum:
682 1491 713 1534 et
728 1480 799 1550 quia
811 1480 922 1534 malum
935 1480 1128 1535 scortationis
1143 1479 1247 1534 loedat

128 1558 245 1616 interna
258 1560 366 1614 mentis
376 1576 445 1630 prae
455 1560 537 1615 omni
551 1560 611 1614 allo
624 1559 712 1620 malo,
723 1576 783 1613 non
797 1569 898 1629 potest
912 1575 972 1613 non
985 1559 1023 1614 ad
1037 1558 1128 1614 foeda
1135 1558 1247 1615 amoris

126 1639 170 1693 tui
183 1636 302 1701 deferri,
316 1650 346 1693 et
360 1639 434 1693 haec
445 1650 516 1694 sunt
530 1639 560 1692 in
575 1638 707 1700 infernis,
718 1638 769 1691 ubi
782 1654 926 1693 cavernae
937 1648 1046 1708 putent
1058 1654 1095 1692 ex
1107 1638 1246 1693 stercori-

127 1718 190 1773 bus.
219 1717 295 1790 Quis
306 1735 366 1773 non
376 1735 413 1773 ex
427 1720 542 1773 ratione
555 1729 657 1789 potest
667 1718 751 1780 scire,
762 1718 843 1789 quod
858 1719 1005 1773 incastum
1015 1728 1046 1773 et
1059 1718 1201 1772 lascivum
1216 1717 1246 1772 in

127 1799 241 1852 mundo
253 1799 399 1868 spirituali
414 1799 453 1853 sit
469 1799 618 1869 impurum
635 1808 665 1853 et
681 1798 878 1860 immundum,
891 1808 922 1852 et
937 1797 979 1852 sic
992 1797 1073 1867 quod
1089 1796 1162 1850 nihil
1179 1797 1247 1867 plus

126 1888 305 1948 conspurcat
315 1888 346 1932 et
359 1877 460 1933 foedet
470 1879 633 1939 hominem,
643 1887 675 1932 et
686 1878 808 1933 inducat
819 1878 861 1932 illi
873 1876 1037 1932 infernale?
1055 1875 1136 1931 Cave
1146 1876 1247 1947 itaque

127 1974 164 2013 ne
175 1957 306 2027 amplius
317 1958 453 2027 glorieris
466 1975 502 2013 ex
515 1958 699 2013 scortatione
712 1968 772 2019 tua,
785 1958 867 2028 quod
882 1958 911 2011 in
925 1958 976 2011 illa
986 1956 1028 2012 sis
1040 1956 1087 2012 vir
1096 1957 1247 2011 masculus

127 2053 196 2105 prae
215 2037 297 2091 aliis:
322 2037 462 2106 praedico
479 2037 543 2098 tibi,
559 2038 640 2108 quod
660 2035 779 2091 tuturus
798 2037 839 2091 sis
859 2036 1023 2096 imbecillis,
1038 2051 1133 2105 usque
1148 2045 1182 2090 ut
1196 2036 1247 2090 vix

127 2114 203 2170 scias
216 2115 267 2169 ubi
280 2125 367 2170 tuum
381 2116 545 2170 masculum
556 2126 618 2179 est;
640 2116 709 2171 talis
722 2132 787 2171 sors
796 2116 959 2187 gloriantes
971 2132 1008 2170 ex
1021 2114 1158 2186 potentia
1166 2130 1247 2169 scor·

127 2194 251 2249 tationis
265 2193 393 2249 manet.''

179 2272 237 2329 His
250 2273 363 2328 auditis
375 2273 540 2334 descendit,
553 2283 584 2328 et
600 2274 688 2327 rediit
705 2273 734 2328 in
751 2274 895 2328 mundum
906 2272 1076 2344 spirituum,
1089 2282 1120 2327 et
1139 2272 1177 2326 ad
1197 2287 1246 2327 so-

127 2352 188 2407 cios
201 2353 323 2425 priores,
336 2361 448 2407 etcum
462 2353 519 2407 illis
532 2353 668 2407 modeste
680 2363 712 2407 et
724 2363 806 2408 caste
819 2353 937 2408 locutus
949 2364 1003 2415 est,
1013 2353 1065 2407 sed
1079 2368 1172 2423 usque
1185 2367 1246 2406 non

126 2432 186 2488 diu.

499 2694 873 2707 ψ

621 2911 748 2997 [xxt]

128 3131 184 3196 DE
203 3131 456 3210 AnUthRns,
474 3147 523 3199 ET
538 3147 714 3200 ILLORUM
731 3133 952 3201 GENERIBUS
970 3149 1018 3200 ET
1038 3133 1245 3202 GRADIBUS.

188 3338 287 3423 478·
318 3339 431 3403 Nemo
462 3341 549 3404 scire
579 3352 698 3424 potest
728 3342 819 3424 quod
847 3342 984 3425 aliquod
1010 3342 1137 3407 malum
1163 3343 1246 3410 insit

127 3433 306 3510 adulterio,
328 3436 384 3517 qui
404 3438 447 3500 de
470 3435 531 3499 illo
550 3435 661 3499 solum
685 3437 729 3500 ab
747 3439 903 3501 externis
918 3437 1060 3520 judicat.
1082 3448 1136 3503 est
1155 3441 1246 3503 enim

126 3529 159 3592 in
183 3528 237 3591 his
260 3529 369 3594 simile
393 3530 562 3613 conjugio.
609 3531 655 3596 Hi
678 3531 810 3615 judices
833 3535 983 3611 externi,
1008 3535 1088 3598 dum
1111 3537 1247 3600 interna

127 3625 356 3700 nominantur,
381 3635 417 3689 et
445 3625 511 3689 illis
535 3627 669 3702 dicitur,
694 3627 786 3710 quod
809 3627 853 3691 ab
872 3628 924 3691 his
947 3639 1093 3692 externa
1115 3629 1246 3692 ducant

126 3737 221 3781 suum
239 3718 365 3783 bonurn
382 3719 437 3783 vel
454 3741 549 3784 suum
569 3720 706 3796 malum,
724 3741 840 3785 secum
857 3723 985 3798 dicunt,
1000 3721 1120 3805 “Quid
1138 3724 1247 3786 inter·

127 3811 192 3875 na?
230 3810 315 3894 Quis
326 3815 421 3878 videt
437 3814 518 3878 illa?
554 3816 664 3881 Estne
684 3815 749 3881 hoc
769 3817 933 3880 scandere
949 3837 1050 3898 supra
1065 3817 1247 3900 sphaeram

126 3904 285 3990 cujusque
309 3908 560 3991 intelligentiae
571 3910 600 3974 ?”
646 3911 691 3975 Hi
715 3920 795 3974 sunt
818 3911 946 3975 similes
969 3912 1045 3986 illis,
1065 3912 1120 3995 qui
1144 3931 1246 3976 omne

127 4002 377 4066 simulatorium
391 4005 518 4068 bonum
531 4017 715 4091 acceptant
731 4028 793 4091 pro
805 4007 954 4090 genuino
967 4007 1160 4072 voluntario
1174 4028 1182 4087 ;
1205 4027 1245 4072 ac

126 4097 180 4178 qui
196 4096 343 4160 hominis
355 4101 557 4182 sapientiam
570 4099 728 4184 spectant
741 4123 785 4165 ex
797 4102 971 4183 elegantia
982 4102 1167 4179 sermonis3
1186 4110 1247 4165 aut

127 4191 238 4273 ipsum
254 4192 428 4257 hominem
444 4205 607 4276 reputant
623 4217 668 4261 ex
685 4196 809 4261 amictu
825 4197 1019 4279 splendido,
1036 4206 1072 4260 et
1089 4194 1247 4261 vediione

127 4285 276 4351 incurro
296 4288 489 4369 magnifico,
509 4297 544 4353 et
564 4311 633 4355 non
656 4312 702 4355 ex
724 4293 861 4357 interno
879 4291 950 4375 ejus
967 4291 1098 4366 habitu,
1118 4291 1174 4373 qui
1192 4301 1246 4354 est

126 4378 238 4459 iudicii
256 4402 302 4445 ex
321 4381 499 4448 affectione
515 4387 616 4449 boni:
641 4388 768 4468 pariter
784 4389 817 4453 id
836 4387 945 4452 simile
961 4397 1015 4453 est
1031 4405 1107 4451 cum
1119 4385 1247 4470 judicio
