2850 5026
150 421 214 487 320
494 417 676 468 DELICIAE
699 416 929 469 SAPIENTIAB

148 588 217 660 igne
233 586 385 643 inlemali:
408 597 439 642 et
457 586 600 650 adiutum,
615 603 684 642 cum
703 588 829 658 pedibus
848 587 1013 658 tetigerunt
1030 594 1152 648 terrant,
1168 584 1264 641 hiabat

148 669 247 723 solum
260 670 316 722 sub
330 668 397 729 illis,
411 679 442 722 et
455 669 562 738 relapsi
576 678 647 722 sunt
659 669 697 722 ad
711 684 791 723 suos.

200 748 291 819 41⁶0
317 746 391 801 Post
404 747 479 801 haec
491 748 552 800 duo
566 747 607 800 illi
621 747 719 816 angeli
732 746 870 801 videntes
885 762 934 801 me
953 761 1056 816 prope,
1069 745 1213 800 dicebant
1229 744 1263 799 ad

148 826 374 881 circumstantes
393 827 431 880 de
450 841 506 886 me.
520 825 661 880 “Scimus
675 826 757 896 quod
777 826 826 880 hic
843 826 891 880 vir
908 825 947 880 de
967 825 1034 880 Deo
1052 835 1084 881 et
1102 825 1143 880 de
1162 836 1264 878 natura

148 904 316 975 scripserit;
338 904 521 959 audiamus”

201 983 241 1038 Et
255 995 445 1038 accesserunt
461 994 492 1037 et
507 993 696 1053 rogaverunt,
709 992 744 1036 ut
763 982 812 1036 illa
826 998 903 1052 quae
918 982 956 1038 de
973 981 1038 1037 Deo
1054 992 1086 1038 et
1104 982 1143 1036 de
1162 990 1265 1035 natura

148 1062 259 1132 scripta
278 1072 357 1124 sunt,
376 1079 476 1116 coram
497 1063 555 1116 illis
574 1063 759 1132 legerentur:
785 1073 817 1116 et
842 1062 899 1131 legi
919 1061 989 1116 inde
1008 1062 1083 1116 haec
1102 1061 1264 1130 sequentia

148 1149 165 1170 ‘⁴
173 1140 246 1195 1¹1111i
256 1140 305 1211 qui
317 1142 443 1195 credunt
456 1140 595 1195 Divinam
606 1142 809 1210 operationem
822 1142 851 1194 in
862 1141 988 1210 singulis
998 1150 1133 1202 naturae,
1141 1150 1265 1209 possunt

147 1236 184 1274 ex
197 1219 353 1290 permultis
364 1236 441 1290 quae
455 1220 484 1273 in
495 1231 601 1274 natura
610 1221 724 1280 vident,
734 1236 766 1274 se
778 1220 955 1274 confirmare
968 1236 1022 1290 pro
1033 1219 1155 1282 Divino,
1165 1235 1264 1290 aeque,

149 1299 242 1353 immo
255 1300 329 1369 plus,
342 1315 432 1370 quant
446 1299 488 1353 illi
501 1300 552 1369 qui
568 1315 600 1353 se
615 1299 793 1353 confirmant
806 1314 860 1368 pro
874 1310 995 1361 natura:
1014 1299 1056 1353 illi
1070 1300 1151 1353 enim
1168 1299 1220 1370 qui
1235 1314 1265 1354 se

147 1377 327 1432 confirmant
343 1394 396 1448 pro
413 1378 531 1440 Divino,
547 1379 709 1432 attendunt
724 1379 761 1432 ad
778 1378 933 1440 mirabilia,
949 1394 1025 1448 quae
1040 1379 1266 1447 conspiciuntur

149 1457 178 1511 in
193 1455 438 1527 produdiionibus
457 1467 519 1511 tant
540 1458 750 1528 vegetabilium
765 1473 855 1527 quarn
871 1457 1054 1511 animalium.
1092 1457 1126 1510 ln
1140 1459 1265 1526 produc·

147 1537 271 1590 triant'bus
279 1536 484 1606 vegetabilium
493 1557 506 1599 ,·
524 1537 606 1606 quod
620 1552 657 1590 ex
667 1537 815 1590 seminulo
823 1534 904 1606 jatio
914 1537 944 1589 in
954 1547 1062 1590 terram
1074 1547 1165 1590 exeat
1175 1536 1264 1598 radix,

147 1631 201 1684 per
216 1615 345 1669 radicem
359 1615 461 1676 caulis,
474 1631 510 1669 ac
522 1615 674 1669 sucessive
688 1614 818 1677 frondes,
832 1615 912 1677 lolia,
925 1615 1022 1676 flores,
1035 1613 1159 1677 fruetus,
1174 1631 1265 1686 usque

147 1695 185 1748 ad
205 1710 284 1748 nova
298 1695 428 1756 semina:
451 1711 572 1764 prorsus
590 1695 668 1748 sicut
683 1710 784 1748 semen
801 1694 891 1748 sciret
906 1694 1042 1748 ordinem
1059 1695 1265 1756 successionis.

147 1783 200 1827 aut
218 1790 399 1843 processum,
418 1790 480 1844 quo
498 1790 530 1828 se
550 1784 761 1827 renovaturum
781 1773 828 1827 sit.
866 1771 941 1843 Quis
961 1773 1116 1827 rationalis
1134 1775 1264 1844 cogitare

148 1863 257 1922 potest,
272 1854 353 1922 quod
374 1854 427 1914 sol,
443 1853 494 1923 qui
517 1864 563 1907 est
584 1869 675 1923 purus
698 1853 782 1923 ignis,
798 1852 856 1906 hoc
876 1851 971 1906 sciat?
995 1862 1048 1906 aut
1067 1853 1151 1922 quod
1173 1863 1265 1922 possit

148 1931 251 1986 indere
263 1932 353 1986 calori
370 1947 425 1986 suo
440 1943 471 1985 et
486 1932 545 1985 luci
561 1947 641 1991 suae,
655 1943 688 1985 ut
703 1933 775 1985 talia
787 1931 904 1994 efficiat,
918 1943 983 1985 turn
996 1933 1077 2001 quod
1095 1933 1193 2000 possit
1209 1932 1265 1986 ior·

148 2027 228 2065 mare
248 2011 393 2065 mirabilia
412 2011 441 2064 in
461 2010 581 2071 illisae
600 2010 755 2064 intendere
775 2010 884 2064 usum?
922 2009 1033 2071 Homo,
1052 2011 1100 2064 cui
1122 2012 1265 2066 rationale

147 2091 297 2145 elevatum
316 2101 371 2151 est,
391 2106 459 2143 cum
483 2089 532 2143 illa
549 2090 634 2144 videt
655 2101 686 2143 et
705 2090 856 2160 expendit,
877 2106 936 2143 non
959 2100 1060 2159 potest
1077 2091 1166 2144 aliter
1187 2091 1265 2162 cogi·

147 2181 220 2231 tare,
233 2186 322 2240 quam
339 2170 421 2240 quod
437 2169 499 2222 sint
517 2170 556 2223 ab
573 2168 650 2239 Ipso,
663 2169 711 2223 cui
729 2169 845 2223 infinita
863 2169 1010 2239 sapientia
1028 2181 1083 2230 est,
1097 2171 1140 2223 ita
1158 2187 1176 2223 a
1193 2170 1265 2225 Deo.

149 2248 196 2304 llli
209 2250 259 2320 qui
269 2259 436 2320 agnoscunt
450 2248 600 2308 Divinum,
613 2248 641 2301 id
655 2263 775 2318 quoque
785 2249 890 2302 vident
902 2259 933 2302 et
945 2249 1094 2318 cogitant:
1113 2259 1146 2303 at
1160 2250 1203 2303 illi
1215 2249 1263 2320 qui

147 2345 208 2383 non
227 2338 403 2398 agnoscunt,
421 2328 449 2381 id
470 2343 530 2381 non
550 2327 655 2381 vident
673 2337 705 2381 et
722 2328 867 2397 cogitant,
880 2327 950 2396 quia
969 2342 1029 2381 non
1045 2328 1162 2389 volunt,
1175 2338 1206 2382 et
1224 2328 1265 2383 sic

147 2408 312 2462 demittunt
325 2407 469 2461 rationale
482 2423 568 2461 suurn
584 2406 612 2460 in
627 2407 773 2466 sensuale,
783 2407 865 2476 quod
879 2422 984 2460 omnes
998 2406 1080 2460 ideas
1093 2423 1163 2461 suas
1174 2407 1265 2461 trahit

147 2503 185 2542 ex
197 2487 310 2541 lumine
322 2487 350 2539 in
362 2502 422 2556 quo
433 2496 503 2539 sunt
517 2502 621 2540 sensus
634 2485 819 2555 corporis,ac
829 2485 960 2539 fallacias
975 2486 1093 2539 illorum
1107 2486 1265 2540 confirmat

148 2566 285 2626 dicend0,
297 2573 303 2593 ‘
313 2565 431 2618 Numne
442 2566 526 2619 vides
537 2565 630 2619 solem
645 2582 698 2635 per
707 2565 835 2618 calorem
846 2581 931 2618 suurn
943 2574 974 2618 et
987 2565 1083 2619 lucem
1095 2582 1179 2619 suam
1194 2566 1265 2620 haec

147 2643 342 2715 operantem?
357 2645 429 2713 quid
443 2654 489 2698 est
504 2645 532 2696 id
545 2644 626 2713 quod
641 2660 699 2697 non
711 2643 817 2697 vides?
835 2660 907 2697 num
920 2655 966 2698 est
978 2644 1089 2713 aliquid
1099 2644 1121 2699 i’
1161 2644 1206 2698 Illi
1217 2643 1264 2716 qui

147 2740 180 2779 se
199 2723 378 2777 confirmant
397 2739 451 2793 pro
473 2721 591 2782 Divino,
605 2723 767 2776 attendunt
784 2724 822 2776 ad
843 2722 998 2784 mirabilia,
1011 2739 1089 2793 quae
1109 2725 1264 2795 conspicu-

148 2803 277 2856 unturin
288 2802 522 2870 produlitimibus
533 2802 709 2854 animalium
719 2821 732 2864 ,·
751 2812 785 2855 ut
798 2801 847 2856 hic
860 2803 957 2856 solum
971 2819 1136 2857 memorem
1151 2803 1181 2857 in
1192 2804 1263 2863 ovis,

147 2883 228 2952 quod
244 2882 273 2934 in
288 2880 345 2934 illis
359 2880 450 2933 lateat
461 2880 559 2949 pullus
574 2880 603 2933 ln
616 2896 672 2935 suo
685 2881 799 2934 semine
812 2897 864 2935 seu
880 2881 1094 2936 inchoamento
1104 2898 1172 2936 curn
1184 2881 1263 2937 omni

149 2959 294 3031 requisito
307 2959 451 3029 usquead
471 2959 683 3020 exclusionem,
696 2971 727 3014 et
745 2976 866 3030 quoque
878 2976 946 3014 cum
960 2961 1042 3014 omni
1057 2962 1264 3031 progressione

148 3051 216 3111 post
229 3038 440 3099 exclusionem,
454 3054 548 3108 usque
563 3050 596 3092 ut
612 3038 665 3092 fiat
676 3040 740 3093 avis
752 3050 804 3092 aut
816 3040 938 3093 volatile
952 3038 980 3092 in
995 3039 1091 3094 forma
1104 3041 1265 3110 genitoris;

147 3130 178 3174 et
191 3119 215 3173 si
229 3118 360 3172 attendit
370 3119 407 3171 ad
422 3117 556 3178 formam,
568 3119 649 3188 quod
662 3118 731 3172 talis
744 3118 791 3178 sit,
802 3129 836 3172 ut
849 3135 909 3172 non
921 3119 1023 3189 possit,
1035 3119 1060 3172 si
1073 3120 1134 3174 alte
1144 3121 1264 3190 cogitat,

147 3215 236 3270 quam
256 3198 358 3252 venire
378 3197 406 3251 in
427 3208 595 3266 stuporem:
620 3208 655 3251 ut
673 3198 754 3268 quod
775 3198 803 3251 in
824 3198 955 3268 minimis
975 3198 1093 3252 illorum
1112 3197 1217 3255 [²¹sicut
1236 3201 1264 3255 in

148 3277 294 3338 maximis,
308 3277 400 3331 immo
415 3277 443 3330 in
458 3276 655 3331 invisibilibus
668 3277 744 3330 sicut
759 3277 787 3330 in
800 3277 974 3339 visibilibus,
988 3277 1046 3331 hoc
1059 3289 1113 3339 est,
1128 3279 1157 3332 in
1173 3280 1265 3335 insec-

148 3356 220 3411 tulis
246 3356 323 3411 sicut
349 3356 378 3409 in
403 3355 523 3409 alitibus
550 3365 603 3409 aut
630 3356 732 3410 bestiis
759 3357 881 3426 magnis,
901 3357 962 3411 sint
983 3373 1095 3427 organa
1113 3374 1265 3421 sensuum,

147 3451 224 3506 quae
246 3446 315 3490 sunt
337 3436 426 3495 visus.
445 3432 622 3503 [blanditus]
643 3435 793 3496 odoratus,
813 3446 927 3506 gustus.
943 3434 1049 3497 taetus,
1065 3446 1129 3490 turn
1155 3454 1266 3508 organa

149 3526 294 3576 motuum,
307 3530 383 3584 quae
394 3524 463 3567 sunt
476 3513 611 3575 musculi,
621 3515 724 3568 volant
735 3515 813 3568 enim
828 3525 858 3568 et
871 3515 1053 3586 gradiuntur.
1065 3526 1099 3569 ut
1112 3526 1143 3570 et
1152 3518 1265 3572 viscera

148 3594 259 3649 circum
278 3595 369 3648 corda
388 3605 419 3647 et
438 3594 605 3664 pulmones,
619 3609 695 3663 quae
714 3591 872 3648 adluantur
889 3610 908 3648 a
925 3594 1068 3655 cerebris:
1093 3597 1176 3665 quod
1195 3597 1265 3652 vilia

149 3672 261 3727 insecta
270 3674 359 3727 etiam
371 3673 481 3727 talibus
490 3673 650 3743 gaudeant,
662 3684 767 3726 notum
778 3683 825 3728 est
837 3674 875 3727 ab
888 3684 1028 3727 anatome
1038 3673 1157 3729 illonrm
1170 3692 1189 3730 a
1200 3677 1265 3747 qui·

149 3754 274 3807 busdam
287 3753 444 3821 descripta,
456 3752 600 3820 imprimis
610 3768 627 3805 a
638 3752 882 3805 Swammerdamo
892 3751 921 3806 in
932 3753 996 3822 ejus
1008 3752 1113 3808 Bibliis
1124 3754 1264 3811 Naturae.

149 3829 208 3903 Qui
222 3832 322 3886 omnia
335 3843 457 3885 naturae
470 3830 652 3891 adscribunt,
667 3831 708 3883 illi
720 3831 841 3901 quidem
855 3831 959 3885 vident
970 3832 1050 3893 talia,
1064 3834 1116 3888 sed
1130 3835 1265 3905 cogitant

149 3913 241 3966 modo
250 3913 331 3983 quod
342 3912 409 3972 sint,
420 3922 451 3966 et
463 3912 567 3965 dicunt
577 3911 657 3980 quod
669 3921 774 3964 natura
783 3911 944 3980 producat;
962 3922 992 3966 et
1003 3913 1062 3966 hoc
1072 3913 1186 3975 dicunt,
1196 3915 1265 3986 quia

148 4002 320 4047 averterunt
334 4002 462 4045 mentem
482 4005 500 4043 a
519 3989 681 4058 cogitando
700 3990 737 4043 de
758 3989 877 4051 Divino,
890 4000 921 4044 et
938 3991 988 4061 qui
1008 4003 1180 4047 averterunt
1197 4010 1229 4048 se
1247 4009 1265 4048 a

149 4074 310 4144 cogitando
326 4073 364 4126 de
381 4070 500 4130 Divino,
514 4070 585 4123 dum
603 4069 706 4122 vident
719 4070 866 4124 mirabilia
885 4070 913 4123 in
933 4080 1047 4131 natura,
1061 4088 1121 4126 non
1137 4082 1264 4142 possunt
1343 4126 1346 4133 ,

150 4155 343 4215 rationaliter,
354 4153 453 4207 minus
466 4153 667 4223 spiritualiter,
679 4152 820 4221 cogitare,
830 4151 883 4205 sed
897 4150 1031 4220 cogitant
1044 4154 1222 4208 sensualiter
1233 4163 1264 4208 et

150 4233 350 4295 materialiter,
360 4245 391 4288 et
403 4244 476 4287 tunc
486 4233 620 4303 cogitant
632 4233 659 4285 in
672 4242 779 4286 natura
788 4247 824 4285 ex
835 4240 948 4291 natura,
959 4240 990 4284 et
1003 4247 1063 4284 non
1074 4248 1164 4301 supra
1174 4234 1262 4294 illam,

149 4313 287 4366 similiter
298 4324 332 4366 ut
348 4313 461 4367 iaciunt
475 4312 516 4366 illi
530 4312 580 4382 qui
595 4311 624 4365 in
640 4310 756 4364 inlerno
768 4319 855 4370 sunt:
874 4311 969 4363 solum
984 4325 1050 4363 curn
1066 4311 1263 4366 differentiae

150 4391 261 4454 bestiis,
272 4394 352 4463 quod
367 4392 570 4447 rationalitate
581 4390 721 4461 polleant,
733 4390 791 4443 hoc
803 4400 856 4452 est,
867 4390 947 4460 quod
962 4389 1076 4459 possint
1091 4390 1262 4460 intelligere,
