2782 5026
402 452 453 502 DE
478 452 612 503 AMORE
635 454 957 522 CONJUGIALl.-N.
976 463 1006 529 7.
1227 469 1259 515 ll

139 617 243 681 centia,
262 627 296 671 et
317 619 512 689 superillustri
522 623 689 692 splendore.
702 637 869 695 posuerant,
880 644 916 682 ex
927 645 1024 691 causa,
1036 630 1105 700 quia
1119 630 1147 684 in
1162 631 1262 686 Verbo

139 698 246 753 dicitur
264 701 348 770 quod
368 699 460 753 iuturi
480 701 540 755 sint
556 719 640 773 reges
658 714 688 758 et
709 706 864 776 principes,
880 719 912 762 et
931 710 1011 778 quod
1032 711 1182 780 regnaturi
1202 713 1264 766 sint

139 793 202 832 cum
216 776 343 834 Christo
357 779 386 833 in
400 790 564 844 aeternum,
578 793 609 836 et
621 784 702 852 quod
718 785 905 840 ministrandi
920 788 980 842 sint
993 789 1030 842 ab
1044 790 1165 861 angelis,
1177 807 1263 861 prae-

139 865 180 912 ter
191 858 289 928 plura

187 938 326 1009 Angelus
338 939 376 992 ad
392 938 449 994 hos
462 939 546 1001 dixit,
561 947 577 968 “
587 939 791 1012 Sequiminini,
805 953 836 997 et
850 944 1036 1000 introducam
1050 963 1105 1002 vos
1119 947 1148 1002 in
1161 958 1263 1004 vestra

138 1016 271 1086 gaudia.”
310 1017 349 1072 Et
368 1018 536 1073 introduxit
555 1019 585 1072 in
605 1021 753 1090 porticum
768 1022 974 1078 constructum
994 1042 1031 1079 ex
1056 1027 1204 1082 columnis
1229 1038 1261 1082 et

139 1095 357 1166 pyramidibus;
381 1108 551 1152 antrorsum
575 1109 640 1153 erat
667 1100 780 1155 humile
804 1103 956 1171 palatium,
979 1120 1032 1174 per
1057 1107 1138 1175 quod
1162 1107 1261 1175 patuit

139 1174 287 1246 ingressus
307 1176 338 1229 in
355 1177 519 1247 porticum;
542 1194 595 1247 per
610 1179 667 1232 hoc
684 1179 850 1234 introduxit
867 1182 949 1244 illos;
974 1194 1005 1237 et
1024 1200 1094 1238 ecce
1112 1184 1168 1239 visi
1188 1197 1260 1239 sunt

114 1324 117 1329 .
137 1255 240 1325 viginti
252 1254 310 1317 hic,
319 1265 351 1309 et
363 1257 469 1326 viginti
481 1257 529 1318 ibi,
541 1267 571 1310 et
581 1256 802 1327 exspedlabant,
838 1260 875 1313 Et
888 1262 988 1316 subito
998 1273 1071 1316 tunc
1080 1264 1184 1318 aderat
1193 1265 1260 1334 qui·
1280 1266 1283 1274 “

138 1336 202 1389 dam
217 1346 397 1404 personatus
407 1336 539 1406 angelus,
553 1347 584 1390 et
599 1337 675 1390 dixit
688 1337 754 1399 illis,
766 1345 781 1366 ‘¹
792 1338 849 1392 Per
858 1339 936 1392 hunc
947 1342 1095 1410 porticum
1107 1353 1152 1396 est
1161 1342 1210 1397 via
1220 1344 1259 1398 ad

137 1416 263 1477 caelum;
282 1425 403 1468 manete
413 1415 636 1485 aliquantisper,
647 1426 678 1469 et
688 1429 861 1486 praeparate
871 1434 934 1480 vos,
944 1420 1013 1488 quia
1024 1422 1212 1491 majorennes
1222 1439 1260 1477 ex

137 1494 217 1548 vobis
231 1493 324 1548 iuturi
334 1504 406 1548 sunt
419 1510 511 1565 reges,
522 1510 556 1548 ac
570 1494 759 1549 minorennes
771 1494 862 1550 iuturi
877 1497 1053 1567 principes.''
1092 1499 1147 1554 His
1160 1500 1257 1564 dietis,

135 1573 216 1641 juxta
231 1573 398 1643 quamlibet
413 1573 584 1627 columnam
600 1574 738 1644 apparuit
753 1576 887 1637 thronus,
901 1586 932 1630 et
947 1593 1038 1646 super
1050 1576 1162 1632 throno
1174 1580 1256 1633 chla-

137 1669 195 1722 mys
206 1668 244 1706 ex
254 1652 359 1715 serico,
371 1662 497 1721 etsuper
506 1654 664 1723 chlamyde
674 1663 825 1722 sceptrum
837 1665 867 1708 et
877 1671 1002 1718 corona;
1017 1667 1047 1710 et
1056 1658 1143 1726 juxta
1152 1674 1256 1729 quam-

136 1731 204 1786 libet
218 1732 403 1803 pyramidem
425 1732 562 1801 apparuit
577 1733 686 1786 solium
706 1743 766 1787 tres
779 1734 898 1788 cubitos
916 1750 934 1788 a
952 1745 1031 1788 terra
1049 1737 1208 1797 elevatum,
1225 1748 1256 1792 et

135 1827 220 1880 super
229 1811 307 1865 solio
317 1821 425 1865 catena
434 1827 471 1865 ex
483 1811 601 1865 unculis
611 1812 684 1873 auri,
695 1822 726 1866 et
736 1813 881 1881 equestris
891 1813 1005 1867 ordinis
1015 1812 1124 1869 fasciae
1134 1816 1256 1886 colliga-

134 1899 178 1944 tae
186 1891 225 1944 ad
233 1890 310 1945 fines
318 1890 538 1944 adamanatinis
546 1891 694 1945 orbiculis.
727 1891 764 1945 Et
775 1902 847 1945 tunc
854 1893 1015 1945 clamatum
1025 1904 1079 1955 est,
1088 1901 1104 1922 ⁴¹
1115 1893 1158 1948 Ite
1167 1912 1256 1958 nunc,

133 1970 251 2024 amicite
259 1986 324 2032 vos,
332 1970 436 2023 sedete
446 1980 476 2023 et
489 1968 688 2039 exspectate?
727 1970 765 2023 Et
777 1969 912 2024 actutum
923 1973 1111 2041 majorennes
1122 1989 1255 2029 accurre·

133 2048 201 2102 bant
209 2049 248 2103 ad
259 2047 396 2109 thronos,
407 2059 437 2102 et
447 2048 637 2103 minorennes
647 2048 685 2103 ad
695 2049 778 2111 solia,
787 2060 818 2104 et
827 2050 1024 2104 amiciverunt
1033 2067 1065 2105 se
1075 2061 1105 2104 et
1116 2068 1257 2121 reposue-

131 2138 199 2180 runt
212 2142 261 2182 se:
286 2137 318 2181 at
330 2138 404 2181 tunc
417 2128 556 2197 apparuit
568 2128 646 2182 sicut
659 2129 779 2182 nimbus
794 2145 831 2182 ex
844 2127 945 2184 inieris
959 2130 1131 2190 ascendens,
1145 2147 1181 2184 ex
1194 2147 1256 2200 quo

129 2205 258 2260 attracto
267 2207 410 2260 sedentes
419 2223 509 2276 super
517 2207 635 2261 thronis
645 2218 675 2261 et
685 2208 769 2262 soliis
778 2217 945 2276 coeperunt
954 2218 1121 2263 tumescere
1128 2209 1213 2270 facie.
1224 2220 1255 2264 et

127 2286 239 2340 elevari
253 2284 383 2356 pedlore,
394 2294 425 2339 et
439 2286 555 2355 impleri
567 2285 683 2349 fiducia,
693 2288 775 2357 quod
787 2303 866 2340 nunc
876 2303 961 2357 reges
973 2298 1004 2341 et
1017 2288 1165 2358 principes
1178 2290 1254 2352 sint;

127 2365 249 2420 nimbus
259 2365 309 2419 ille
323 2374 387 2419 erat
400 2381 473 2418 aura
482 2366 666 2434 phantasiae,
677 2383 736 2436 qua
749 2366 885 2436 inspirati
899 2376 988 2420 sunt:
1007 2379 1037 2420 et
1050 2369 1151 2421 subito
1161 2369 1254 2422 advo·

127 2444 227 2498 larunt
236 2445 362 2513 juvenes
371 2445 449 2498 sicut
459 2461 495 2497 ex
505 2445 635 2506 cae10,et
643 2444 912 2499 constiteruntduo
921 2458 989 2516 post
998 2447 1254 2516 quemlibetthro·

125 2540 209 2584 num,
220 2533 252 2577 et
264 2540 343 2577 unus
353 2533 422 2592 post
431 2524 588 2593 quodlibet
597 2525 715 2585 solium,
725 2525 920 2578 ministraturi
931 2543 938 2587 ;
954 2535 984 2578 et
996 2536 1069 2580 tunc
1082 2541 1135 2594 per
1144 2526 1224 2580 vices
1234 2542 1253 2581 a

125 2604 259 2673 quodam
277 2618 425 2672 praecone
438 2603 633 2657 acclamatum
647 2612 701 2666 est,
712 2602 800 2658 “Vos
813 2620 897 2674 reges
912 2614 943 2657 et
959 2604 1116 2674 principes,
1129 2620 1253 2674 exspec-

124 2693 190 2736 tate
205 2683 306 2736 adhuc
322 2698 435 2751 parum,
451 2693 632 2752 apparantur
647 2698 726 2736 nunc
743 2683 772 2735 in
788 2685 871 2737 caelo
886 2683 971 2736 aulae
986 2692 1111 2743 vestrae,
1125 2684 1250 2754 jamjam

124 2762 246 2815 uenturi
262 2772 333 2815 sunt
349 2761 436 2815 aulici
452 2777 520 2814 cum
536 2762 691 2823 satellitiis,
705 2772 736 2815 et
751 2778 806 2815 vos
822 2761 1048 2816 introdudiuri.”
1087 2761 1250 2831 Exspecta·

126 2840 201 2894 bant
213 2850 244 2895 et
256 2839 479 2910 exspectabant,
488 2857 583 2911 usque
595 2851 629 2893 ut
642 2840 764 2910 spiritus
777 2841 894 2894 illorum
907 2841 1090 2902 anhelarent,
1101 2852 1132 2895 et
1145 2841 1253 2896 defati-
1314 2868 1317 2875 ·

127 2929 270 2988 garentur
283 2919 442 2973 desiderio.
606 2924 610 2931 '

182 2998 256 3052 Post
275 2998 434 3052 trihorium
454 2998 643 3067 aperiebatur
657 2998 772 3052 caelum
791 3014 880 3067 supra
895 3009 986 3068 caput
1006 2998 1132 3058 illorum,
1148 3010 1179 3053 et
1198 3001 1250 3054 de-

129 3087 288 3147 spexerunt
296 3077 403 3148 angeli,
412 3087 442 3130 et
451 3077 564 3131 miserti
575 3077 700 3138 illorum,
708 3076 856 3138 dixerunt,
866 3085 880 3104 ‘⁴
890 3076 989 3148 Quare
997 3078 1109 3132 sedetis
1117 3078 1159 3131 ita
1167 3078 1250 3140 latui,

129 3166 158 3210 et
172 3157 261 3226 agitis
275 3155 458 3211 histriones?
496 3156 643 3210 Luserunt
658 3156 787 3209 ludibria
799 3157 963 3218 vobiscum,
976 3167 1008 3210 et
1023 3157 1061 3210 ab
1077 3156 1249 3212 hominibus

130 3246 321 3290 mutaverunt
338 3251 393 3290 vos
414 3234 443 3288 in
464 3235 551 3297 idola
564 3252 601 3289 ex
619 3250 710 3289 causa
724 3235 794 3305 quia
807 3235 965 3290 induxistis
985 3235 1015 3288 iu
1035 3236 1248 3297 cordavestra,
1343 3257 1345 3261 ·

129 3316 208 3383 quod
224 3314 376 3385 regnaturi
391 3314 457 3368 sitis
475 3330 544 3368 cum
560 3314 681 3369 Christo
697 3314 774 3368 sicut
790 3330 874 3384 reges
893 3325 924 3368 et
944 3315 1100 3384 principes,
1117 3325 1148 3368 et
1166 3314 1248 3384 quod

129 3394 211 3448 vobis
224 3403 297 3447 tunc
309 3393 407 3464 angeli
422 3394 617 3448 ministraturi
630 3393 699 3447 sint.
733 3391 813 3446 Num
826 3393 912 3447 obliti
926 3393 998 3447 estis
1011 3394 1170 3447 verborum
1186 3393 1247 3448 Do-

130 3473 207 3535 mini,
218 3474 300 3543 quod
315 3472 344 3526 in
358 3473 442 3527 caelo
453 3472 503 3542 qui
516 3472 582 3525 vult
595 3489 720 3542 magnus
729 3488 801 3532 esse,
813 3471 866 3525 liat
878 3471 1002 3526 servus?
1041 3472 1155 3540 Discite
1165 3489 1247 3543 ergo,

128 3553 196 3622 quid
211 3568 263 3622 per
273 3560 279 3581 ⁶
289 3552 389 3622 reges'
400 3563 431 3605 et
441 3559 447 3580 ⁴
457 3550 623 3621 principes‚’
633 3561 664 3605 et
674 3551 745 3620 quid
759 3567 812 3620 per
822 3558 961 3621 ‘regnare
973 3567 1042 3605 cum
1054 3550 1175 3606 Christo
1185 3552 1191 3571 ⁹
1203 3552 1248 3604 in-

128 3631 277 3703 telligitur,
287 3632 370 3702 quod
383 3631 422 3685 sit
435 3647 539 3700 sapere
551 3641 582 3684 et
595 3628 691 3684 iacere
704 3646 791 3691 usus:
810 3646 934 3700 regnum
945 3631 1024 3684 enim
1034 3630 1154 3691 Christi,
1165 3632 1247 3700 quod

129 3721 172 3766 est
192 3711 318 3773 caelum,
340 3721 388 3765 est
410 3727 535 3780 regnum
558 3727 681 3772 usuum;
712 3726 780 3762 nam
805 3709 952 3764 Dominus
972 3720 1053 3764 amat
1077 3726 1190 3771 omnes,
1212 3726 1248 3764 ac

130 3789 194 3845 inde
206 3792 272 3846 vult
282 3791 423 3845 omnibus
433 3791 555 3850 bonum,
566 3805 601 3843 ac
613 3790 726 3843 bonum
736 3800 782 3843 est
795 3805 874 3850 usus,
885 3800 916 3842 et
926 3788 996 3859 quia
1007 3788 1156 3843 Dominus
1167 3790 1247 3843 bona

129 3885 176 3924 seu
192 3888 264 3925 usus
280 3870 353 3925 iacit
367 3869 496 3922 mediate
513 3885 566 3938 per
580 3869 711 3938 angelos,
724 3879 754 3922 et
772 3869 801 3921 in
821 3869 934 3922 mundo
950 3882 1003 3937 per
1018 3868 1162 3929 homines,
1177 3868 1246 3922 idco

130 3949 190 4012 illis,
203 3951 254 4021 qui
269 3950 400 4004 fideliter
411 3964 483 4002 usus
499 3948 620 4009 iaciunt,
634 3948 686 4001 dat
701 3963 832 4001 amorem
849 3964 928 4008 usus,
942 3957 972 4001 et
987 3948 1051 4016 ejus
1067 3947 1246 4010 mercedem,

130 4044 199 4099 quae
211 4040 257 4084 est
267 4028 426 4084 beatitudo
437 4029 560 4089 interna,
570 4037 600 4081 et
610 4027 683 4081 haec
693 4037 739 4080 est
752 4027 878 4080 felicitas
887 4036 1016 4079 aeterna.
1052 4025 1129 4080 Sunt
1142 4025 1172 4078 in
1180 4042 1247 4080 cae·

131 4106 167 4171 lis,
180 4110 258 4164 sicut
272 4109 302 4163 in
315 4108 413 4168 terris,
424 4106 677 4176 supereminentia
689 4105 869 4166 dominia,et
884 4105 1130 4174 opulentissimae
1141 4120 1247 4175 gazae:

131 4200 192 4243 sunt
206 4191 286 4244 enim
304 4187 454 4258 regimina
472 4196 503 4240 et
523 4185 700 4257 regiminum
715 4184 836 4246 formae,
852 4194 883 4239 et
899 4185 967 4238 ideo
982 4194 1053 4237 sunt
1068 4183 1196 4253 majores
1215 4193 1247 4238 et

132 4270 251 4325 minores
265 4276 436 4340 potestates
449 4275 480 4319 et
498 4266 674 4337 dignitates:
699 4275 730 4320 et
746 4264 866 4334 illisqui
881 4264 911 4318 in
924 4263 1071 4333 supremis
1083 4272 1161 4323 sunt,
1175 4259 1247 4317 sunt

132 4351 229 4414 palatia
242 4361 273 4405 et
283 4348 397 4407 curiae,
408 4361 484 4415 quae
495 4344 717 4414 magnificentia
725 4355 755 4399 et
765 4344 925 4413 splendore
935 4343 1085 4397 excedunt
1096 4341 1205 4411 palatia
1216 4351 1247 4397 et

131 4430 214 4487 turias
230 4431 452 4500 imperatorum
472 4435 503 4479 et
527 4441 629 4496 regum
652 4424 683 4479 iu
707 4423 802 4485 terris,
816 4432 847 4477 et
869 4439 906 4477 ex
931 4438 1056 4477 numero
1071 4420 1243 4480 aulicorum
