2782 5026
361 112 411 163 ns
436 111 572 165 anona
594 111 955 164 sconsanon1o.-N.
974 112 1044 181 53²·
1196 115 1262 183 407

134 302 214 367 que,
235 283 349 367 quoad
373 292 508 365 partem
530 282 782 365 cognoscibiles
804 303 850 347 ex
874 281 1057 348 transactis
1079 284 1123 348 de
1145 303 1262 350 amore

134 399 217 445 vere
236 377 420 460 conjugiali
439 377 486 462 (n.
509 376 647 461 57-73);
679 378 789 461 deque
805 380 916 442 causis
931 377 1092 460 frigorum
1108 389 1145 444 et
1160 399 1262 461 sepa·

135 475 310 541 rationum
332 472 380 557 (n.
400 471 587 555 234-260);
618 482 654 537 et
673 473 716 536 de
735 474 846 537 causis
864 474 1063 556 apparentis
1082 476 1208 538 amoris
1225 484 1263 541 et
1359 500 1364 519 ·

135 570 308 634 amicitiae
340 570 374 632 in
404 567 570 650 conjugiis
600 567 648 650 (n.
672 568 856 652 271-292):
890 571 953 634 sed
975 571 1198 652 apparentiae
1227 571 1262 636 in

136 665 292 731 externis
311 664 394 726 nihil
418 663 628 727 concludunt
651 663 694 747 de
717 664 955 744 imputatione.
1000 665 1150 729 Unicum
1169 667 1262 748 quod

137 760 315 825 concludit
334 769 387 823 est
411 758 615 840 conjugiale,
635 759 727 840 quod
749 759 897 823 insideat
916 759 1057 841 alicujus
1076 761 1261 839 voluntati,

137 865 171 920 et
202 854 428 928 custodiatur,
452 855 487 917 in
516 853 741 936 qualicunque
765 854 914 936 conjugii
940 865 1034 919 statu
1061 854 1166 920 homo
1195 858 1260 924 sit:

136 948 329 1033 coniugiale
345 949 428 1012 illud
444 958 497 1012 est
514 950 601 1011 sicut
614 949 753 1024 trutina,
768 970 834 1032 qua
847 951 1056 1032 expenditur
1071 951 1129 1015 ille
1144 972 1261 1032 amor;

137 1056 190 1110 est
214 1045 305 1110 enim
326 1044 517 1126 coniugiale
537 1044 633 1106 unius
653 1044 714 1107 viri
739 1064 816 1109 cum
843 1065 910 1109 una
934 1067 1042 1112 uxore
1065 1046 1262 1112 clenodium

136 1139 230 1203 vitae
264 1137 446 1213 humanae,
477 1149 514 1202 et
544 1139 811 1204 reconditorium
842 1140 1017 1223 religionis
1047 1139 1261 1208 Christianae

138 1237 192 1317 (ut
223 1253 335 1314 supra,
360 1254 392 1296 n.
415 1248 489 1314 457,
513 1235 587 1314 458,
612 1233 891 1317 ostensumest).
936 1235 985 1298 Et
1008 1237 1086 1318 quia
1115 1237 1166 1301 ita
1195 1247 1260 1311 est,

133 1337 254 1408 potest
277 1327 334 1391 ille
358 1347 455 1392 amor
473 1328 545 1392 dari
568 1328 658 1411 apud
678 1349 780 1392 unum
800 1329 993 1413 conjugem,
1013 1340 1050 1394 et
1073 1351 1142 1394 non
1161 1331 1262 1396 simul

132 1422 226 1505 apud
243 1422 409 1501 alterum;
434 1433 470 1488 et
487 1434 604 1508 potest
620 1424 677 1487 ille
697 1443 793 1488 amor
809 1424 911 1489 altius
927 1424 1035 1488 latere
1051 1427 1260 1501 reconditus,

133 1537 240 1600 quam
260 1529 296 1581 ut
316 1518 388 1599 ipse
408 1519 513 1583 homo
532 1520 786 1584 animadvertat
805 1519 930 1602 aliquid
954 1521 997 1584 de
1020 1541 1082 1599 e0;
1116 1530 1152 1584 et
1175 1542 1259 1603 quo-

130 1633 201 1695 que
217 1623 335 1695 potest
352 1615 489 1678 inscribi
505 1614 538 1677 in
555 1634 714 1677 successu
726 1615 829 1678 vitae.
872 1613 984 1679 Causa
995 1625 1061 1690 est,
1075 1617 1153 1698 quia
1164 1634 1262 1680 amor

130 1707 194 1772 ille
213 1709 246 1770 in
267 1710 422 1791 passibus
441 1711 509 1772 suis
528 1710 714 1773 comitatur
732 1709 947 1791 religionem,
968 1728 1007 1774 ac
1031 1710 1163 1792 religio,
1183 1711 1262 1794 quia

127 1814 188 1867 est
204 1803 402 1886 conjugium
416 1804 554 1867 Domini
570 1814 607 1867 et
622 1804 813 1879 Ecclesiae,
831 1814 885 1868 est
902 1804 990 1867 illius
1006 1806 1132 1868 amoris
1144 1806 1260 1869 initia·

126 1909 291 1964 mentum
315 1908 350 1963 et
373 1899 581 1962 inoculatio:
612 1920 716 1981 quare
734 1920 831 1963 amor
849 1899 1050 1982 conjugialis
1069 1903 1260 1982 imputatur

125 1997 240 2061 cuivis
256 2005 336 2078 post
351 2005 510 2069 mortem,
529 1995 715 2058 secundum
735 1993 806 2076 ejus
825 1995 1035 2077 spiritualem
1055 1997 1259 2060 rationalem

124 2093 262 2169 vitam;
295 2101 330 2154 et
353 2090 412 2166 illi,
433 2091 486 2154 cui
509 2110 604 2153 amor
627 2089 685 2153 ille
709 2091 908 2171 imputatur,
928 2101 1009 2173 post
1028 2092 1160 2155 obitum
1180 2112 1258 2173 pro·

125 2186 271 2251 videtur
294 2183 488 2266 conjugium
512 2185 546 2248 in
569 2184 678 2258 caelo,
699 2184 934 2268 qualecunque
957 2186 988 2248 ei
1017 2185 1117 2249 fuerit
1140 2185 1258 2267 conju·

127 2283 227 2365 gium
246 2281 280 2343 in
301 2280 439 2342 mundo.
486 2278 542 2341 Ex
562 2279 615 2342 his
632 2298 721 2343 nunc
741 2277 779 2341 fit
798 2279 883 2343 haec
900 2279 1063 2353 clausula,
1081 2280 1172 2361 quod
1190 2299 1258 2344 non

128 2398 178 2442 ex
197 2375 408 2458 apparentiis
427 2373 672 2456 conjugiorum,
694 2393 756 2437 nec
780 2394 825 2436 ex
844 2375 1054 2456 apparentiis
1073 2376 1258 2439 scortatio·

128 2490 226 2546 num,
244 2469 522 2534 concludendum
542 2469 586 2532 sit
606 2469 648 2532 de
668 2468 793 2551 aliquo,
811 2469 904 2550 quod
926 2468 975 2532 illi
994 2469 1039 2532 sit
1058 2488 1155 2533 amor
1173 2489 1258 2533 con-

122 2565 279 2650 jugialis,
296 2564 352 2628 vel
372 2585 462 2643 non;
490 2584 593 2646 quare

321 2720 336 2742 ‘¹
344 2718 385 2769 Ne
396 2718 514 2783 judicate
526 2733 561 2769 ne
573 2718 793 2768 condemnemini
801 2717 816 2739 '’
827 2716 937 2781 (Marta
949 2717 995 2769 sil.
1008 2716 1040 2780 ι).

632 2853 761 2866 —

130 2960 229 3030 532·
253 2943 318 3008 His
337 2942 492 3025 adjiciam
512 2942 738 3007 Memorabile
750 2961 804 3005 :—

186 3074 346 3147 Quondam
361 3074 461 3144 quoad
477 3072 615 3142 spiritum
633 3088 731 3126 meum
747 3069 870 3126 evedtus
885 3086 951 3124 sum
968 3069 998 3124 in
1013 3070 1130 3125 caelum
1146 3069 1259 3142 angeli·

132 3170 210 3217 cum,
223 3164 255 3210 et
274 3154 303 3209 in
320 3169 411 3207 unam
427 3153 492 3223 ejus
505 3152 691 3213 societatem,
705 3161 737 3205 et
752 3160 824 3204 tunc
839 3160 1030 3204 accesserunt
1044 3149 1083 3205 ad
1103 3166 1150 3205 me
1165 3149 1258 3221 aliqui

131 3250 169 3290 ex
180 3234 366 3305 sapientibus
379 3232 428 3295 ibi,
442 3242 472 3287 et
485 3232 635 3292 dixerunt,
648 3230 753 3302 “Quid
768 3246 879 3284 novum
893 3245 909 3284 e
921 3229 1038 3284 terra?”

180 3313 255 3368 'Dixi
265 3313 348 3375 illis‚“
359 3312 427 3366 Hoc
437 3327 548 3365 novum
559 3319 614 3371 est,
624 3311 706 3380 quod
718 3308 866 3364 Dominus
877 3308 1053 3363 revelaverit
1061 3324 1170 3363 arcana
1179 3323 1257 3379 quae

131 3393 309 3450 excellentia
318 3392 467 3447 excedunt
479 3406 585 3445 arcana
597 3391 635 3443 ab
649 3389 734 3443 initio
744 3388 887 3443 ecclesiae
900 3387 960 3442 huc
970 3403 1066 3458 usque
1077 3387 1235 3442 revelata.”

186 3471 414 3544 Quaesiverunt,
428 3478 443 3499 “
452 3470 537 3542 Quae
550 3480 622 3524 sunt
636 3466 724 3523 illa?''

185 3550 256 3607 Dixi
271 3551 351 3621 quod
368 3550 442 3604 haec
457 3549 534 3604 sint:
560 3549 602 3616 (i.)
624 3547 713 3620 Quod
730 3547 759 3601 in
773 3545 874 3601 Verbo
890 3545 920 3600 in
933 3545 1072 3600 omnibus
1084 3554 1115 3599 et
1131 3544 1256 3615 singulis

131 3632 197 3703 ejus
209 3630 250 3686 sit
263 3646 369 3685 sensus
379 3629 543 3699 spiritualis
552 3627 792 3697 correspondens
802 3625 903 3680 sensui
915 3624 1053 3686 naturali,
1064 3634 1095 3679 et
1107 3625 1188 3693 quod
1203 3640 1256 3694 per

133 3711 215 3766 illum
235 3726 357 3766 sensum
376 3709 416 3763 sit
437 3705 614 3779 conjunctio
633 3706 789 3760 hominurn
808 3705 954 3759 ecclesiae
974 3719 1042 3758 cum
1064 3702 1205 3763 Domino,
1224 3713 1256 3758 et

132 3787 319 3846 consociatio
340 3804 408 3842 curn
431 3788 554 3860 angelis,
571 3797 603 3841 et
624 3787 706 3858 quod
729 3783 874 3840 sandices
889 3783 982 3838 Verbi
1005 3783 1035 3837 in
1056 3798 1094 3837 eo
1115 3781 1254 3838 resideat.

134 3869 185 3938 (ii.)
205 3867 296 3942 Quod
310 3867 603 3937 correspondentiae,
614 3882 651 3920 ex
664 3864 774 3936 quibus
790 3862 1068 3932 sensusspiritualis
1078 3861 1169 3917 Verbi
1182 3875 1255 3915 con·

133 3948 218 4010 sistit,
233 3945 372 4002 detedlae
385 3946 455 4002 sint.

183 4026 404 4100 Quaesiverunt
416 4024 522 4098 angeli,
536 4025 648 4081 “Anne
661 4022 846 4079 habitatores
860 4021 942 4078 orbis
960 4021 999 4077 de
1017 4019 1252 4092 corresponden-

134 4105 182 4163 tiis
192 4107 276 4180 prius
288 4103 477 4162 sciverunt?”
