2782 5026
211 452 272 532 ¹⁶4
553 469 736 519 nnuman
757 470 987 523 sammaa

204 641 306 703 viros
351 637 455 722 Quod
474 641 523 704 ita
538 643 595 716 sit,
613 643 649 705 in
667 644 797 706 mundo
818 645 986 725 spirituali
1007 644 1223 710 confirmatus
1243 623 1330 723 siff1¹

205 756 252 798 ex
267 734 332 798 hac
347 736 582 817 experientia:
604 738 768 801 dixerunt
783 739 921 821 quidam
936 741 1009 812 viri,
1026 741 1117 823 quod
1132 720 1339 821 conjunff

204 849 283 894 cum
302 830 429 893 semina
448 842 531 894 ante
553 832 760 913 conjuginm.
784 836 829 896 sit
851 834 970 896 similis
992 833 1221 915 conjuntlioni
1244 816 1346 898 ευρ

204 945 314 989 uxore
332 937 412 1007 post
427 926 646 1007 eonjugium
668 929 789 1009 quibus
803 929 938 1000 auditis,
955 950 1081 991 uxores
1096 929 1198 993 valde
1212 924 1356 1010 indig'

205 1030 310 1083 natae
331 1030 424 1093 sunt,
442 1030 480 1083 et
502 1022 677 1094 dixerunt,
698 1021 794 1085 “Est
816 1021 916 1104 plane
940 1022 1034 1085 nulla
1054 1023 1253 1098 similitudo.
1269 1002 1364 1088 ebt

205 1115 386 1177 discrimen
400 1115 488 1179 sicut
500 1116 589 1179 inter
600 1115 729 1178 fatuum
742 1126 777 1179 et
793 1116 912 1179 reale?
955 1117 1013 1179 Ad
1031 1139 1117 1200 quae
1131 1120 1196 1183 viri
1210 1122 1373 1200 regefi‘

175 1277 182 1291 ⁸
204 1220 334 1281 serunt,
359 1208 530 1273 “Estisne
550 1210 697 1272 feminae
718 1211 808 1274 sicut
830 1213 921 1292 prius
930 1211 961 1274 ?''
1009 1212 1067 1274 Ad
1091 1233 1179 1294 quae
1201 1208 1381 1277 uxore9

204 1324 292 1367 voce
306 1304 428 1367 altiore
444 1305 707 1387 responderunt.
726 1305 836 1368 “Non
854 1326 969 1368 sumus
986 1306 1144 1379 feminae,
1161 1309 1224 1371 sed
1241 1329 1313 1372 uxo
1325 1320 1383 1347 Λ·

205 1419 281 1476 res;
304 1420 366 1462 vos
384 1400 418 1461 in
436 1399 532 1462 fatuo
550 1411 587 1463 et
606 1420 675 1461 non
698 1401 733 1462 in
755 1399 838 1462 reali
860 1420 978 1463 amore
996 1403 1092 1473 estis,
1112 1422 1218 1483 quare
1237 1402 1383 1466 latua

205 1493 408 1576 loquimini.’'
449 1494 548 1557 Tunc
560 1496 622 1556 riri
638 1495 812 1567 dicebant,
831 1493 896 1558 “Si
912 1515 980 1558 non
995 1495 1154 1570 feminae,
1170 1501 1383 1561 attamerff

205 1591 289 1652 estis
312 1589 500 1652 mulieres?
543 1589 591 1652 Et
612 1590 882 1669 respondebant,
908 1590 977 1652 “ln
1001 1591 1159 1672 primitiis
1181 1590 1383 1672 conjugi:

204 1681 326 1744 fuimus
344 1682 523 1759 mulieres;
546 1694 584 1747 at
602 1703 692 1747 nunc
710 1704 826 1746 sumus
844 1684 1000 1746 uxores.”

267 1791 372 1841 noo·
395 1776 487 1859 (xv.)
513 1776 611 1855 Quod
624 1779 659 1840 in
675 1779 825 1862 conjugae
839 1779 937 1840 unius
954 1778 1030 1841 m'ri
1041 1799 1115 1842 cum
1129 1799 1199 1842 una
1213 1800 1317 1842 uxore
1354 1824 1357 1829 -

204 1870 294 1934 inm
308 1893 390 1954 quos
404 1882 456 1936 est
471 1893 568 1935 amor
583 1893 663 1936 vere
678 1872 888 1957 conjugrirlr's,
907 1894 996 1935 uxor
1002 1873 1075 1956 fia!
1090 1874 1174 1954 plus
1196 1884 1230 1937 et
1246 1873 1383 1955 plna

204 1987 302 2042 uxor,
324 1977 357 2029 et
377 1969 522 2030 man'tus
543 1967 625 2048 plus
646 1978 679 2030 et
695 1967 777 2048 plns
799 1966 1104 2049 marum—Quod
1127 1989 1227 2034 amor
1249 1981 1383 2035 vere

204 2061 406 2143 conjugialis
424 2063 500 2144 plus
517 2074 554 2126 et
572 2062 648 2144 plus
663 2063 850 2143 conjungat
866 2063 952 2125 duos
970 2064 1004 2125 in
1020 2083 1124 2126 unum
1139 2064 1335 2128 hominem.

205 2157 362 2221 videatur
390 2178 491 2240 supra
521 2156 570 2238 (n.
597 2159 667 2237 178,
695 2157 790 2238 179);
819 2167 856 2220 et
879 2159 958 2240 quia
986 2179 1073 2222 uxor
1102 2157 1140 2222 fit
1170 2181 1261 2223 uxor
1281 2176 1383 2223 er-

204 2250 444 2334 conjunttione
472 2262 510 2316 et
538 2253 726 2315 secundum
762 2252 856 2316 illam
888 2272 964 2315 cum
1001 2254 1135 2327 marito,
1170 2255 1383 2317 similite-

205 2349 346 2411 maritus
365 2368 441 2410 cum
461 2368 588 2424 uxore;
612 2359 647 2410 et
667 2349 746 2429 quia
763 2367 859 2409 amor
877 2367 957 2410 vere
973 2345 1174 2427 conjugialis
1194 2354 1383 2430 persta,

204 2443 238 2505 in
257 2453 445 2518 aeternum,
462 2443 625 2525 sequitur,
642 2443 732 2524 quod
749 2462 836 2504 uxor
851 2439 911 2504 fiat
929 2440 1003 2521 plus
1021 2451 1057 2504 et
1077 2441 1153 2523 plus
1170 2463 1270 2517 uxor,
1285 2451 1383 2505 affl

206 2539 345 2600 maritus
364 2538 440 2618 plus
459 2550 494 2601 et
514 2537 589 2618 plus
608 2538 758 2599 maritus.
804 2537 884 2617 lpsa
900 2547 1081 2609 causaest,
1097 2538 1226 2618 quiain
1243 2558 1383 2601 con*

201 2630 297 2712 jugio
313 2633 437 2695 amoris
456 2652 534 2694 vere
553 2630 754 2711 conjugialis
770 2640 911 2712 uterque
926 2627 964 2692 fit
981 2631 1120 2693 interior
1134 2641 1171 2694 et
1187 2632 1383 2695 interint

205 2727 321 2799 homo,
339 2726 396 2788 ille
414 2746 511 2789 amor
528 2727 618 2789 enim
637 2727 746 2806 aperit
765 2726 926 2788 interiora
946 2725 1110 2787 mentium
1127 2723 1274 2801 illorum,
1289 2728 1383 2789 e!

205 2822 293 2884 sicut
309 2821 394 2884 haec
411 2822 616 2901 aperiuntur,
633 2819 737 2882 homo
755 2818 793 2882 fit
812 2818 887 2901 plus
906 2830 942 2881 et
961 2818 1036 2899 plus
1052 2820 1176 2897 homo;
1200 2839 1240 2883 ac
1257 2818 1383 2883 fieri?

205 2916 281 2999 plus
308 2916 413 2979 homo
439 2916 529 2996 apud
565 2934 708 2978 uxorem
741 2924 795 2977 est
830 2912 901 2976 fieri
934 2913 1009 2993 plus
1042 2934 1140 2989 uxor,
1170 2923 1207 2978 et
1235 2906 1383 2997 apul:

206 3012 365 3074 maritum
391 3020 446 3074 est
468 3009 539 3073 fieri
562 3009 649 3091 plus·
660 3009 810 3072 maritus.
854 3007 982 3071 Audivi
1004 3008 1049 3070 ab
1070 3008 1216 3090 angelis,
1234 2998 1383 3092 quot

207 3127 294 3169 uxor
316 3105 376 3170 fiat
399 3105 475 3188 plus
497 3116 533 3167 et
557 3104 633 3186 plus
656 3125 743 3166 uxor
761 3105 848 3167 sicut
872 3104 1012 3165 maritus
1035 3102 1072 3165 fit
1096 3102 1173 3184 plus
1191 3114 1227 3168 et
1250 3103 1383 3185 plu&

206 3201 357 3274 maritus,
372 3220 441 3263 non
456 3210 572 3263 autem
591 3201 639 3263 ita
652 3200 796 3262 vicissim
810 3220 817 3275 ;
842 3199 918 3279 quia
930 3218 1006 3260 raro
1018 3199 1045 3260 si
1058 3218 1203 3280 usquam
1214 3200 1322 3272 deest,
1338 3228 1383 3259 a

205 3298 285 3379 quin
302 3306 400 3360 casta
415 3316 504 3358 uxor
519 3305 611 3357 amet
628 3295 798 3366 maritum,
811 3294 872 3356 sed
888 3292 978 3375 quod
995 3292 1083 3356 desit
1099 3293 1292 3356 redamatio
1305 3295 1383 3356 al

205 3392 348 3468 marit03
372 3399 408 3454 et
424 3390 515 3471 quod
533 3389 618 3452 haec
638 3389 726 3450 desit
746 3398 886 3468 propter
905 3406 973 3449 non
992 3386 1141 3468 aliquam
1158 3387 1324 3451 elevatio·
1347 3402 1383 3423 ⁴

206 3505 284 3550 nem
303 3486 500 3567 sapientiae,
521 3504 607 3566 quae
626 3485 723 3546 unice
743 3483 861 3562 recipit
881 3500 1032 3544 amorem
1052 3481 1168 3543 uxoris
1186 3480 1246 3562 (de
1261 3501 1327 3564 qua
1347 3487 1383 3533 Α

205 3582 374 3663 sapientia
396 3580 562 3651 videatur,
587 3598 619 3641 n.
648 3594 716 3658 130,
745 3574 914 3658 163-165).
964 3574 1032 3639 Sed
1054 3575 1139 3639 haec
1161 3577 1326 3641 dixerunt
1368 3578 1383 3623 ἕ

205 3679 249 3741 de
268 3676 433 3757 conjugiis
452 3676 485 3737 in
505 3675 613 3736 terris.

269 3788 365 3839 σοι.
390 3768 491 3851 (xvi.)
515 3768 611 3847 Quod
615 3767 715 3831 etiam
727 3767 777 3830 ita
788 3766 969 3830 successive
977 3765 1019 3829 ab
1028 3765 1187 3828 tietm'm'
1191 3765 1326 3848 perfici·

204 3878 308 3933 antur
318 3877 350 3930 et
361 3864 574 3929 nobilitentur
584 3863 717 3926 illorum
724 3855 1162 3943 forman-Perseffissima
1174 3871 1211 3924 et
1228 3861 1325 3924 nobi·

205 3964 332 4027 lissima
347 3963 455 4025 forma
470 3960 629 4032 humana,
643 3968 696 4021 est
712 3977 790 4034 cum
806 3957 893 4020 duae
909 3955 1037 4019 formae
1053 3975 1113 4037 per
1128 3952 1326 4037 conjugium

205 4058 290 4122 liunt
307 4077 373 4120 una
388 4056 506 4128 forma,
518 4055 567 4117 ita
583 4072 658 4116 cum
676 4054 763 4116 duae
778 4071 899 4115 carnes
915 4049 999 4113 fiunt
1015 4070 1082 4113 una
1097 4068 1189 4124 caro,
1204 4069 1322 4114 secun·

205 4156 286 4218 dum
297 4153 520 4226 creationem;
535 4149 626 4231 quod
638 4159 718 4212 tunc
730 4167 827 4210 mens
837 4147 899 4211 viri
909 4146 1061 4209 elevetur
1071 4145 1104 4207 in
1115 4146 1326 4225 superiorem

205 4249 327 4323 lucem,
341 4258 377 4311 et
394 4266 490 4309 mens
506 4245 622 4307 uxoris
638 4245 671 4306 in
687 4243 893 4323 superiorem
909 4239 1068 4313 calorem,
1082 4248 1118 4303 et
1133 4240 1227 4322 quod
1244 4251 1325 4305 tunc

205 4346 411 4426 germinent,
431 4341 586 4413 floreant,
606 4348 641 4401 et
664 4335 877 4411 fruitificent,
895 4337 981 4399 sicut
1004 4335 1144 4398 arbores
1167 4344 1326 4418 tempore

206 4440 304 4516 veris,
322 4438 477 4502 videatur
495 4454 596 4516 supra
616 4431 664 4516 (n.
685 4434 752 4509 188,
774 4431 859 4515 189).
905 4429 1006 4513 Quod
1022 4449 1067 4493 ex
1083 4428 1327 4496 nobilitatione
