2782 5026
208 460 269 543 196
551 474 734 526 namcmr:
757 474 986 525 snrmnrmn

204 668 338 732 quoque
355 648 400 711 ab
415 647 467 711 his
484 658 537 711 est
554 647 694 711 vesania
709 646 854 731 plurium
871 647 1046 711 mentibus
1060 646 1217 724 insidens,
1227 607 1330 730 quoii

204 743 374 808 adulteria
393 762 462 806 non
481 743 550 806 sint
570 743 661 806 mala
680 743 864 825 religionis.
1303 811 1323 829 ,

267 853 367 924 244.
391 837 469 921 (ix.)
496 837 594 917 Quod
603 859 724 901 causae
733 838 953 919 supraditlae
962 837 1034 902 sint
1043 859 1163 901 causae
1168 821 1344 919 frigort5

204 932 338 1009 interni,
359 933 422 996 sed
436 953 500 996 non
515 932 620 996 simul
633 933 775 1009 externi,
792 933 888 1013 apud
897 932 1107 1013 plures-Si
1122 953 1240 996 causae
1256 919 1355 994 buls'

204 1049 311 1110 usque
330 1027 533 1110 designatae
556 1037 593 1091 et
615 1025 848 1102 confirmatae,
868 1047 955 1110 quae
978 1037 1059 1091 sunt
1083 1047 1205 1091 causae
1222 1026 1360 1107 frigo‘

204 1124 249 1187 ris
272 1125 305 1186 in
324 1124 477 1198 internis,
499 1124 727 1204 producerent
747 1122 858 1186 simile
876 1123 981 1203 frigus
1004 1123 1038 1185 in
1062 1124 1225 1197 externis,
1244 1112 1369 1184 tunc

204 1217 324 1282 fierent
341 1229 396 1282 tot
408 1219 653 1301 separationes,
667 1229 749 1301 quot
766 1218 892 1299 frigora
907 1220 1061 1294 interna;
1085 1228 1121 1281 et
1137 1229 1193 1282 tot
1204 1214 1375 1299 frigor&

205 1323 296 1387 sunt,
320 1325 404 1396 quot
428 1312 586 1394 conjugia
604 1313 739 1376 illorum
761 1314 818 1395 qui
840 1313 874 1375 in
897 1312 989 1375 falsis
1008 1312 1196 1394 religionis,
1215 1314 1269 1395 qui
1290 1309 1379 1375 it‘

205 1409 339 1471 diversa
358 1408 534 1490 religione,
555 1419 590 1470 et
608 1409 664 1490 qui
687 1407 720 1470 in
740 1406 833 1469 nulla
851 1406 1016 1488 religione
1035 1417 1124 1481 sunt,
1145 1408 1190 1470 de
1208 1404 1383 1489 quibuss

205 1500 318 1566 adtum
342 1513 415 1567 est:
447 1514 482 1567 et
511 1513 628 1567 tamen
653 1512 772 1565 notum
800 1511 864 1577 est,
889 1501 980 1584 quod
1004 1500 1104 1564 multi
1127 1490 1387 1566 cohabitent

207 1594 297 1654 sicut
320 1611 453 1654 amores
476 1599 511 1654 et
534 1593 622 1654 sicut
645 1600 783 1654 mutuae
809 1595 999 1671 amicitiae;
1030 1595 1092 1657 sed
1116 1593 1207 1657 unde
1229 1593 1310 1657 haec
1326 1618 1387 1655 ⁴

207 1685 297 1768 apud
314 1686 392 1749 illos
404 1685 461 1769 qui
476 1686 510 1748 in
523 1685 657 1748 interno
669 1685 793 1767 frigore
806 1698 896 1762 sunt,
910 1689 943 1750 in
956 1697 1124 1770 sequente
1136 1689 1263 1771 capite,
1285 1695 1391 1743 ’γ

205 1776 325 1841 Causis
340 1781 538 1861 apparentis
553 1779 703 1853 Amoris,
715 1779 910 1855 Amicitiae,
925 1792 960 1843 et
977 1780 1006 1843 F
1007 1783 1120 1845 avoris
1136 1783 1226 1848 inter
1237 1783 1308 1848 Con

202 1871 312 1954 juges,
333 1875 475 1937 dicetur.
520 1872 607 1938 Sunt
631 1874 745 1956 plures
763 1894 897 1949 causae,
919 1895 1006 1957 quae
1025 1875 1240 1958 conjungunt
1257 1879 1309 1940 ani

151 2038 154 2044 ¹
206 1986 291 2043 mos,
312 1968 373 2031 sed
392 1989 497 2051 usque
515 1989 583 2031 non
599 1968 812 2050 conjungunt
829 1970 980 2046 animas;
1003 1971 1094 2034 inter
1109 1991 1231 2035 causas
1249 1984 1391 2035 sun

206 2061 340 2145 aliquae
356 2084 400 2127 ex
417 2065 596 2127 recensitis
612 2084 713 2146 supra
730 2063 777 2147 (n.
802 2065 875 2147 183)
889 2087 896 2142 ;
920 2066 981 2129 sed
998 2086 1105 2148 usque
1120 2066 1226 2148 frigus
1241 2068 1309 2130 inte

206 2159 273 2221 rius
296 2159 512 2223 reconditum
537 2158 635 2234 latet,
660 2169 696 2223 et
719 2160 799 2223 facit
823 2172 861 2224 ut
884 2162 1011 2242 passim
1034 2162 1391 2224 animadvertatur

205 2263 241 2317 et
264 2256 451 2332 sentiatur;
482 2254 572 2335 apud
595 2254 659 2317 hos
681 2252 877 2318 affectiones
900 2256 1113 2318 abinvicem
1135 2254 1313 2319 discedunt

205 2348 266 2411 sed
282 2350 525 2431 cogitationes,
540 2349 620 2412 dum
633 2360 764 2413 exeunt
779 2351 813 2412 in
831 2348 983 2433 loquelas
999 2360 1035 2412 et
1052 2369 1176 2425 mores,
1192 2361 1310 2432 propte

206 2454 429 2524 apparentem
453 2443 637 2507 amicitiam
661 2454 696 2507 et
720 2443 881 2519 favorem,
906 2445 1096 2522 accedunt;
1122 2455 1311 2527 quapropte

205 2536 253 2600 illi
277 2539 361 2601 nihil
384 2540 496 2603 sciunt
519 2538 563 2601 de
589 2540 801 2602 amoenitate
835 2550 870 2602 et
898 2537 1125 2620 jucunditate,
1149 2548 1186 2602 et
1220 2542 1326 2603 minus
1384 2554 1388 2555 ’

206 2634 249 2696 de
273 2633 449 2698 faustitate
473 2644 509 2697 et
532 2634 745 2698 beatitudine
765 2635 889 2697 amoris
911 2655 991 2697 vere
1015 2633 1239 2716 conjugialis;
1266 2635 1326 2698 hae

204 2739 286 2792 sunt
304 2729 370 2792 illis
388 2731 447 2792 vix
467 2729 558 2793 aliud
577 2750 679 2812 quam
699 2730 843 2793 fabulae.
890 2730 937 2793 Hi
960 2731 1049 2793 inter
1068 2730 1147 2793 illos
1166 2741 1257 2806 sunt,
1275 2731 1327 2813 qui

203 2823 374 2905 effingunt
393 2825 541 2905 origines
560 2827 685 2888 amoris
708 2825 908 2907 conjugialis
932 2847 976 2888 ex
1000 2826 1122 2888 iisdem
1141 2827 1264 2901 causis,
1284 2846 1326 2889 ex

204 2919 325 3001 quibus
345 2939 469 2983 novem
489 2929 608 2983 coetus
627 2921 820 3002 sapientum
843 2940 890 2983 ex
913 2920 1028 3002 regnis
1047 2923 1266 3002 congregati,
1284 2922 1326 2984 de

205 3014 326 3096 quibus
345 3034 445 3096 supra
463 3015 498 3077 in
519 3015 734 3078 Memorabili
754 3014 801 3097 (n.
825 3014 995 3097 103-114).

270 3125 368 3194 245.
393 3109 524 3173 Contra
553 3131 654 3192 supra
687 3110 888 3174 confirmata
916 3120 1032 3192 potest
1063 3108 1134 3174 fieri
1168 3108 1325 3193 objed'tio,

203 3206 297 3286 quod
318 3226 423 3287 usque
442 3207 556 3269 anima
571 3228 616 3269 ex
637 3217 734 3289 patre
754 3217 973 3289 propagetur,
993 3208 1134 3271 tametsi
1153 3226 1224 3271 non
1247 3227 1327 3271 con·

201 3297 319 3380 jundla
337 3312 391 3364 est
411 3302 544 3364 animae
563 3304 690 3375 matris,
709 3302 813 3365 immo
830 3303 969 3365 tametsi
987 3301 1092 3383 frigus
1110 3302 1157 3365 ibi
1176 3303 1327 3366 residens

204 3404 362 3476 separat;
385 3397 446 3458 sed
466 3397 557 3478 quod
578 3408 694 3460 tamen
715 3407 948 3479 propagentur
966 3398 1100 3461 animae
1119 3417 1180 3460 seu
1204 3398 1326 3480 proles,

203 3500 258 3553 est
280 3510 393 3566 causa,
417 3492 496 3574 quia
524 3490 720 3555 intellectus
750 3493 810 3555 viri
841 3510 908 3554 non
937 3490 1139 3567 occluditur,
1163 3494 1246 3575 quin
1276 3493 1328 3557 hic

203 3585 329 3649 elevari
349 3589 458 3667 possit
477 3588 510 3650 in
530 3587 653 3654 lucem.
671 3589 704 3650 in
723 3596 858 3669 quaest
877 3587 1013 3664 anima;
1036 3596 1073 3651 at
1093 3607 1191 3652 amor
1207 3587 1327 3652 volun·

204 3681 288 3743 tatis
307 3679 378 3761 ejus
406 3701 474 3744 non
498 3681 653 3745 elevatur
679 3683 713 3744 in
741 3680 890 3745 calorem
910 3682 1241 3763 correspondentem
1264 3681 1328 3747 luci

204 3776 260 3851 ibi,
281 3776 344 3838 nisi
361 3795 421 3858 per
439 3777 557 3851 vitam,
575 3796 661 3859 quae
681 3776 762 3840 facit
778 3776 874 3839 illum
894 3796 914 3840 a
933 3774 1079 3839 naturali
1094 3776 1328 3858 spiritualem,

203 3871 283 3934 inde
310 3881 376 3949 est,
396 3871 488 3954 quod
507 3892 612 3954 usque
632 3872 745 3934 anima
764 3881 973 3953 procreetur,
994 3871 1055 3934 sed
1085 3870 1271 3938 obveletur
1296 3874 1327 3936 ln

203 3965 384 4041 descensu,
401 3966 482 4029 dum
501 3965 538 4030 fit
558 3986 686 4042 semen,
705 3986 765 4049 per
783 3964 866 4030 talia
883 3986 971 4049 quae
987 3975 1067 4030 sunt
1082 3969 1212 4031 amoris
1228 3978 1327 4032 natu·

204 4061 283 4124 ralis
317 4061 411 4143 ejus;
447 4082 492 4124 ex
526 4061 591 4125 hoc
625 4062 768 4125 scaturit
801 4060 928 4125 malum
955 4059 1211 4127 hereditarium.
1265 4063 1328 4127 His

203 4155 363 4237 adjiciam
390 4175 562 4232 arcanum,
583 4156 673 4238 quod
703 4177 723 4219 e
750 4150 848 4220 c'aelo
877 4166 943 4230 est,
963 4156 1055 4238 quod
1082 4157 1173 4220 inter
1198 4159 1328 4222 animas

204 4250 389 4332 disjundtas
413 4251 566 4325 duorum,
586 4252 750 4332 imprimis
773 4250 968 4333 conjugum,
992 4250 1052 4314 fiat
1074 4251 1273 4333 eonjunfiio
1294 4255 1326 4316 in

204 4348 319 4410 medio
342 4367 467 4422 amore,
492 4357 528 4410 et
550 4348 642 4430 quod
665 4347 790 4429 alioqui
813 4347 903 4428 apud
929 4346 1086 4410 homines
1109 4367 1179 4411 non
1208 4348 1327 4413 fierent

206 4444 460 4526 conceptiones.
505 4442 644 4506 Praeter
666 4443 751 4506 haec
778 4442 822 4505 de
853 4442 976 4525 frigore
999 4441 1196 4526 coniugiali,
1221 4455 1257 4509 et
1285 4443 1326 4508 de
