2782 5026
130 411 191 495 368
459 420 709 474 voturrarss
731 418 916 473 rusnuuus

127 595 220 679 quod
238 595 354 658 omnia
371 592 464 656 bona
485 602 521 656 et
544 613 627 656 vera
644 591 830 656 contulerit
852 592 887 655 in
909 590 1057 666 caelum,
1078 610 1120 655 ac
1139 591 1245 655 omnia

128 691 219 755 mala
231 702 266 754 et
279 690 364 752 salsa
380 691 414 752 in
427 689 604 761 infernum,
614 708 655 753 ac
667 688 758 772 quod
771 688 977 770 disposuerit
990 688 1078 752 haec
1091 709 1110 751 e
1124 688 1245 751 diame-

128 799 183 852 tro
201 784 411 860 contradis,
431 805 476 847 ex
499 781 646 848 detectis
668 784 703 847 in
726 803 830 865 opere
852 782 904 847 De
927 781 1029 849 Caelo
1048 792 1084 847 et
1105 784 1245 863 Inferna,

127 883 287 956 Londini,
300 900 393 944 anno
408 881 498 960 1758,
512 880 617 954 edito,
631 889 792 942 constare
804 888 941 959 potest:
966 879 1060 960 quod
1077 880 1112 941 in
1126 879 1248 941 mundo

128 976 274 1040 naturali
293 977 342 1039 ita
359 995 494 1059 quoque
512 974 710 1037 distinxerit
729 982 765 1036 et
784 974 975 1056 distinguat
993 973 1088 1038 bona
1106 984 1143 1036 et
1161 993 1247 1042 vera.

128 1091 168 1135 ac
188 1070 278 1134 mala
300 1081 336 1134 et
359 1069 444 1133 salsa
462 1069 552 1151 apud
570 1068 738 1143 homines,
758 1069 808 1133 ita
830 1068 998 1142 homines,
1019 1077 1139 1149 potest
1159 1067 1249 1131 nosci

130 1187 175 1228 cx
199 1176 292 1228 sorte
311 1164 445 1227 illorum
465 1173 543 1245 post
565 1174 724 1237 mortem,
744 1164 836 1245 quod
854 1161 956 1225 bonis
975 1165 1021 1226 sit
1045 1162 1193 1236 caelum,
1213 1181 1250 1224 ac

130 1258 227 1322 malis
256 1259 432 1322 infernum.
477 1257 576 1321 Nunc
606 1259 686 1341 quia
714 1259 830 1321 omnia
860 1278 948 1341 quae
981 1257 1064 1320 boni
1095 1267 1187 1332 sunt,
1217 1266 1250 1319 et

129 1354 245 1416 omnia
256 1374 342 1437 quae
356 1353 448 1427 mali,
459 1350 623 1416 distindia
635 1362 715 1417 sunt
728 1353 762 1416 in
777 1372 918 1434 genera,
931 1353 1075 1434 species,
1090 1363 1126 1415 et
1140 1372 1250 1433 porro,

129 1448 208 1511 ideo
236 1449 269 1510 in
299 1447 358 1511 illa
387 1445 550 1511 distineta
578 1458 657 1510 sunt
684 1446 853 1529 conjugia,
877 1456 913 1510 et
944 1447 1103 1510 similiter
1131 1447 1251 1510 horum

129 1544 299 1624 opposita,
318 1563 404 1624 quae
423 1553 502 1605 sunt
521 1541 699 1605 adulteria.

191 1635 296 1719 480.
319 1635 382 1718 (ii.)
408 1636 505 1714 Quod
511 1635 712 1700 adulterium
723 1635 868 1718 simplex
882 1636 930 1700 sit
943 1636 1018 1699 viri
1030 1636 1169 1700 caelibis
1184 1657 1254 1700 crem

127 1752 232 1796 uxore
248 1730 399 1805 alterius,
420 1741 480 1795 aut
487 1731 639 1811 feminae
653 1731 811 1812 innuptae
826 1752 899 1794 cunr
917 1732 1040 1794 maer'to
1056 1732 1255 1795 alterius.—

130 1826 193 1889 Per
212 1826 417 1890 adulterium
436 1827 490 1890 hic
510 1838 545 1890 et
565 1829 599 1891 in
617 1826 840 1909 sequentibus
859 1827 1063 1908 intelligitur
1084 1825 1254 1891 scortatio

127 1924 290 2005 opposita
304 1921 472 2003 conjugio.
505 1921 710 2004 Oppositum
727 1933 791 1997 est,
805 1924 884 2005 quia
899 1922 1006 1985 violat
1022 1922 1145 1986 foedus
1160 1926 1255 1987 vitae

128 2016 266 2102 padlum
289 2018 378 2080 inter
400 2016 575 2099 conjuges,
599 2018 762 2101 discerpit
785 2036 937 2081 amorem
960 2017 1110 2090 illorum,
1133 2017 1255 2082 foedat

127 2110 234 2186 illum,
254 2121 290 2174 et
314 2111 465 2175 occludit
484 2113 643 2177 unionem
663 2123 819 2194 tempore
838 2112 1117 2194 desponsationis
1138 2115 1255 2178 initia·

129 2216 213 2280 tum,
241 2226 281 2269 ac
304 2207 337 2268 in
361 2207 524 2288 principio
547 2206 695 2288 conjugii
718 2205 911 2285 firmatum3
944 2227 1023 2269 nam
1047 2227 1147 2271 amor
1169 2228 1255 2272 con·

126 2297 262 2383 jugialis
285 2301 346 2362 viri
375 2319 452 2364 cum
476 2321 541 2363 una
568 2322 685 2377 uxore,
705 2311 785 2383 post
809 2299 945 2384 pastum
967 2312 1004 2364 et
1034 2302 1156 2365 foedus
1181 2305 1256 2368 unit

129 2396 279 2458 animas:
308 2395 397 2458 hanc
421 2397 579 2459 unionem
603 2396 808 2460 adulterium
839 2416 908 2463 non
937 2397 1053 2472 solvit,
1073 2399 1154 2479 quia
1185 2419 1254 2463 non

128 2489 215 2552 solvi
233 2501 361 2571 potest,
378 2491 439 2552 sed
455 2491 617 2566 occludit,
635 2493 723 2555 sicut
738 2492 795 2574 qui
811 2491 951 2554 obturat
969 2491 1101 2555 fontem
1122 2494 1156 2554 in
1177 2515 1254 2556 sca·

130 2584 277 2664 turigine
302 2584 373 2666 ejus
399 2595 435 2647 et
462 2585 541 2648 inde
569 2605 702 2659 venam,
726 2605 766 2649 ac
796 2586 917 2668 implet
947 2587 1133 2649 cisternam
1157 2590 1254 2670 aquis

130 2677 331 2742 faeculentis
350 2690 386 2742 et
409 2680 554 2761 putidis3
582 2680 741 2747 similiter
763 2701 824 2762 per
840 2680 1046 2744 adulterium
1065 2681 1256 2746 oblimatur

129 2781 165 2836 et
177 2775 327 2855 operitur
339 2793 434 2836 amor
446 2774 656 2856 coniugialis,
668 2774 761 2855 cujus
773 2775 870 2856 origo
882 2785 935 2838 est
948 2776 1027 2837 unio
1039 2777 1231 2839 animarum
1244 2799 1252 2857 3

130 2888 195 2948 qua
217 2867 383 2930 oblimata
412 2870 456 2931 ab
485 2869 569 2931 inira
592 2870 750 2952 exsurgit
773 2889 870 2933 amor
893 2870 1062 2944 adulterii,
1083 2873 1141 2953 qui
1164 2874 1253 2937 sicut

129 2961 299 3035 increscit,
326 2961 363 3025 fit
387 2963 444 3026 ille
468 2985 621 3038 carneus,
646 2965 758 3029 ethic
782 2965 929 3046 insurgit
952 2975 1074 3027 contra
1097 2985 1251 3030 amorem

129 3055 367 3137 conjugialem,
383 3069 418 3121 et
434 3058 580 3123 destruit
596 3059 711 3122 illum:
736 3061 815 3124 inde
831 3070 885 3124 est
902 3061 1075 3143 oppositio
1090 3061 1251 3125 adulterii

129 3158 165 3213 et
184 3150 340 3233 conjugii.
1112 3216 1114 3220 ,

188 3243 286 3326 481.
316 3245 366 3311 Ut
384 3248 508 3312 iterum
527 3259 696 3324 noscatur,
711 3249 821 3332 qualis
840 3251 992 3316 obesitas
1007 3249 1107 3331 hujus
1124 3251 1250 3316 saeculi

129 3350 194 3414 est,
212 3342 302 3421 quod
326 3363 346 3404 a
369 3345 579 3424 sapientibus
602 3345 672 3425 ejus
696 3367 763 3408 non
788 3347 944 3410 videatur
963 3347 1090 3428 aliquid
1116 3349 1251 3429 peccati

129 3435 163 3497 in
187 3437 367 3511 adulterio,
390 3437 442 3519 (ut
466 3459 548 3501 mox
572 3461 683 3521 supra,
704 3460 736 3502 n.
753 3443 828 3521 478,
848 3441 893 3504 ab
914 3441 1049 3523 angelis
1072 3430 1249 3507 detedlum

129 3531 212 3614 est)
234 3522 300 3595 boc
321 3532 544 3596 Memorabile
563 3534 618 3597 hic
637 3535 820 3618 adjungam
833 3555 885 3598 :—

182 3684 293 3740 *Erant
307 3686 428 3756 quidam
444 3688 573 3756 spiritus.
589 3688 640 3758 qui
655 3705 693 3744 ex
708 3705 764 3743 usu
780 3689 810 3742 in
826 3690 890 3743 vita
903 3689 1047 3761 corporis,
1062 3707 1112 3746 me
1127 3692 1250 3748 solertia

129 3764 270 3834 peculiari
282 3765 471 3829 infestabant,
482 3778 513 3820 et
524 3768 580 3821 hoc
590 3785 641 3838 per
652 3768 795 3822 influxum
806 3769 1025 3824 molliusculum
1037 3771 1125 3841 quasi
1136 3773 1249 3827 undan-

128 3852 199 3903 tem,
212 3845 307 3913 qualis
320 3846 397 3899 solet
410 3862 475 3900 esse
490 3847 649 3916 proborum
663 3848 839 3917 spirituum;
858 3848 910 3902 sed
925 3858 1110 3921 perceptum,
1123 3852 1206 3922 quod
1220 3851 1248 3904 in

131 3921 189 3975 illis
201 3934 302 3977 essent
315 3926 443 3979 astutiae
457 3936 487 3979 et
500 3926 616 3987 similia,
630 3938 663 3980 ut
676 3938 832 3996 captarent
845 3938 876 3981 et
889 3927 1035 3982 fallerent.

182 4001 317 4056 Tandem
329 4005 447 4058 locutus
457 4021 523 4058 sum
533 4021 601 4059 cum
613 4022 673 4060 uno
685 4023 722 4060 er
736 4007 801 4068 illis,
812 4008 862 4078 qui
872 4008 954 4077 quod
968 4007 1057 4062 tuerit
1066 4008 1130 4063 dux
1139 4009 1250 4064 exerci-

128 4092 187 4143 tus,
200 4099 268 4138 cum
281 4084 357 4139 vixit
370 4084 400 4138 in
414 4086 536 4147 mundo.
548 4085 620 4139 mihi
634 4085 747 4139 dilium
761 4097 815 4142 est.
854 4087 892 4141 Et
904 4087 974 4157 quia
983 4089 1112 4158 percepi,
1123 4091 1206 4160 quod
1219 4089 1248 4143 in

130 4163 205 4219 ideis
218 4164 412 4236 cogitationis
424 4166 489 4236 ejus
505 4176 584 4221 esset
597 4166 749 4227 lascivum,
762 4167 881 4222 locutus
895 4183 961 4221 sum
977 4183 1046 4221 cum
1062 4168 1116 4223 illo
1131 4170 1250 4241 loquela

154 4379 169 4408 ⁹
180 4381 261 4428 ΝοτΑ
272 4381 486 4430 Εῡῐτοιιε.-Αῐ)
496 4381 603 4429 Audiore
613 4383 661 4430 hoc
673 4383 832 4430 Memorabile
843 4384 916 4444 sigrrls
926 4384 1045 4433 nunonis
1055 4385 1177 4437 inclusum
1187 4395 1231 4435 est.
