2850 5026
155 430 216 495 272
495 427 677 478 DELICIAE
700 427 928 479 SAPIENTIAB

215 615 313 684 341.
338 597 437 682 (viii.)
464 598 561 677 Quod
583 597 680 662 hodie
707 598 967 662 Mahumedanis
991 600 1202 680 permissum·
1229 601 1270 665 sit

149 695 269 776 plures
288 716 410 758 uxores
428 695 555 770 ducere,
576 695 655 776 quia
674 715 736 756 non
755 705 940 775 agnoscunt
957 694 1137 759 Dominum
1155 696 1271 771 Jesum

155 788 331 854 Christum
346 810 447 852 unum
465 810 538 852 cum
553 789 711 864 Jehovalz
729 789 848 864 Patre,
865 800 898 853 et
914 789 963 852 sic
975 800 1042 870 pro
1059 790 1129 853 Deo
1146 791 1231 854 caeli
1243 802 1273 856 et

153 896 277 961 terrae,
297 895 330 947 et
351 886 427 947 inde
444 906 507 947 non
521 895 667 967 possunt
684 905 829 948 amorem
850 905 928 947 vere
949 885 1167 971 conyirgr'alem
1195 888 1271 951 reci-

148 979 527 1061 pere.-Mahumedani
543 1002 587 1043 ex
601 981 721 1061 religio
737 1001 757 1042 a
775 978 982 1044 Mahumede
996 982 1136 1056 tradita,
1147 1001 1272 1063 agnos·

152 1085 234 1139 cunt
254 1075 369 1156 Jesum
389 1074 563 1138 Christum
581 1096 641 1157 pro
659 1076 747 1138 Filio
765 1075 840 1150 Dei,
858 1085 894 1138 et
914 1075 1071 1139 Maximo
1088 1076 1271 1159 Propheta,

151 1180 188 1233 et
207 1171 297 1251 quod
321 1190 341 1232 a
361 1170 437 1233 Deo
458 1171 558 1234 Patre
576 1172 610 1234 in
631 1171 793 1233 mundum
811 1171 933 1232 missus
952 1172 997 1233 sit
1016 1172 1060 1233 ad
1079 1172 1273 1236 docendum

153 1264 321 1339 homines,
342 1285 409 1327 non
430 1276 545 1328 autem
565 1266 656 1346 quod
676 1265 770 1328 Deus
790 1265 892 1328 Pater
910 1275 946 1328 et
971 1265 1049 1347 Ipse
1069 1287 1173 1331 unum
1193 1268 1272 1342 sint,

152 1369 188 1422 et
211 1361 302 1442 quod
327 1359 489 1423 Divinum
513 1371 548 1424 et
574 1360 771 1423 Humanum
796 1361 905 1442 Ipsius
929 1362 998 1424 sint
1022 1381 1089 1423 una
1113 1363 1272 1436 Persona,

152 1455 248 1518 unita
260 1454 348 1518 sicut
359 1458 472 1519 anima
484 1466 519 1519 et
533 1476 666 1538 corpus,
681 1456 868 1518 secundum
883 1455 983 1518 fidem
995 1458 1147 1519 omnium
1158 1457 1272 1521 Chris·

153 1550 325 1612 tianorum
349 1571 394 1613 ex
419 1550 640 1614 Confessione
665 1551 926 1613 Athanasiana:
954 1551 1033 1614 ideo
1057 1551 1273 1616 Mahumedis

150 1641 353 1708 consectarii
367 1665 434 1707 non
450 1655 632 1728 potuerunt
645 1665 834 1727 agnoscere
845 1645 1031 1708 Dominum
1042 1657 1199 1711 nostrum
1212 1668 1273 1730 pro

151 1737 265 1820 aliquo
279 1739 353 1803 Deo
366 1741 409 1802 ab
422 1751 575 1814 aeterno,
590 1741 650 1804 sed
664 1741 768 1802 modo
782 1761 843 1822 pro
856 1741 993 1803 homine
1008 1739 1158 1822 perferto
1172 1751 1271 1806 natu·

152 1833 224 1896 rali.
269 1834 317 1897 Et
333 1837 410 1918 quia
423 1837 469 1898 ita
483 1838 643 1918 opinatus
656 1846 709 1899 est
724 1835 960 1911 Mahumedes,
975 1846 1010 1899 et
1024 1837 1103 1899 inde
1117 1838 1272 1920 discipuli

151 1928 304 1992 asseclae
328 1931 430 2012 ipsius
449 1932 498 1994 ita
514 1932 707 2013 opinantur,
726 1941 761 1994 et
782 1931 859 2012 quia
877 1939 1047 1994 noverunt
1067 1933 1158 2014 quod
1180 1932 1272 1995 Deus

152 2043 237 2086 unus
256 2025 312 2099 sit,
330 2035 365 2088 et
384 2026 475 2104 quod
495 2025 552 2088 ille
573 2025 665 2088 Deus
685 2027 729 2089 sit
749 2027 805 2108 qui
824 2026 953 2088 creavit
972 2027 1178 2100 universum,
1195 2029 1272 2091 ideo

152 2139 220 2181 non
234 2129 420 2202 potuerunt
434 2121 534 2183 aliter
546 2140 646 2202 quam
661 2121 846 2203 praeterire
864 2121 978 2202 Ipsum
995 2121 1027 2183 in
1041 2142 1103 2184 suo
1115 2122 1223 2197 cultu,
1236 2133 1272 2186 et

151 2235 193 2278 eo
209 2216 295 2297 plus,
309 2215 386 2298 quia
402 2217 504 2278 etiam
519 2216 763 2278 Mahumedem
780 2236 841 2297 pro
855 2215 1010 2278 Maximo
1025 2216 1197 2296 Propheta
1211 2218 1270 2281 de·

150 2311 303 2388 clarant;
332 2331 394 2373 nec
415 2313 526 2374 sciunt
546 2312 624 2392 quid
646 2311 813 2374 Dominus
833 2312 961 2374 docuit.
1008 2311 1064 2373 Ex
1084 2313 1150 2375 hac
1170 2332 1271 2376 causa

150 2417 215 2481 est,
236 2407 327 2488 quod
352 2405 486 2468 illorum
507 2407 633 2469 mentis
652 2406 825 2480 interiora,
846 2427 932 2488 quae
956 2407 989 2468 in
1014 2427 1051 2470 se
1074 2416 1155 2471 sunt
1174 2410 1269 2490 spiri-

151 2501 268 2577 tualia,
289 2522 357 2564 non
381 2504 555 2583 potuerint
580 2503 723 2585 aperiri;
755 2502 841 2584 quae
865 2503 955 2583 quod
979 2523 999 2564 a
1022 2502 1099 2566 solo
1122 2503 1271 2567 Domino

150 2599 353 2678 aperiantur,
372 2598 527 2659 videatur
541 2618 623 2660 mox
640 2618 740 2680 supra
762 2597 809 2678 (n.
828 2596 915 2677 340).
962 2595 1064 2678 Quod
1084 2619 1104 2660 a
1121 2598 1270 2662 Domino

150 2693 352 2774 aperiantur,
366 2712 441 2754 cum
455 2695 653 2772 agnoscitur
667 2713 727 2774 pro
742 2692 816 2755 Deo
827 2693 913 2754 caeli
927 2704 961 2754 et
975 2703 1085 2756 terrae
1099 2704 1133 2757 et
1147 2695 1268 2768 aditur,

150 2799 186 2849 et
214 2788 304 2868 apud
328 2786 405 2848 illos
428 2789 483 2869 qui
507 2789 693 2850 secundum
717 2798 903 2869 praecepta
928 2788 1037 2868 Ipsius
1061 2790 1192 2863 vivunt,
1217 2799 1268 2852 est

150 2883 298 2961 genuina
318 2901 431 2955 causa,
449 2882 527 2963 qula
546 2881 671 2964 alioqui
696 2903 763 2945 non
783 2892 837 2945 est
857 2881 1062 2962 conjunctio,
1083 2894 1119 2947 et
1142 2885 1269 2966 absque

150 2972 389 3056 conjunctione
409 2996 477 3039 non
497 2986 550 3038 est
571 2978 733 3057 receptio.
777 2978 881 3059 Apud
907 2977 1080 3040 homiuem
1100 2987 1154 3041 est
1173 2999 1268 3060 prae·

149 3072 262 3133 sentia
279 3070 427 3143 Domini,
446 3082 480 3133 et
501 3069 695 3151 conjunctio
715 3091 792 3135 cum
814 3072 914 3154 Ips0;
942 3072 1035 3135 adire
1055 3072 1170 3154 Ipsum
1190 3073 1269 3137 lacit

148 3165 389 3247 praesentiam,
414 3174 449 3227 et
480 3166 593 3227 vivere
617 3167 804 3229 secundum
833 3176 1019 3247 praecepta
1043 3166 1164 3248 Ipsius,
1188 3167 1268 3231 lacit

148 3257 422 3339 conjunctionem
436 3280 443 3335 ;
463 3280 502 3322 ac
520 3258 594 3321 sola
606 3263 802 3340 praesentia
816 3262 924 3343 Ipsius
941 3271 994 3324 est
1011 3262 1138 3343 absque
1151 3283 1268 3345 recep·

148 3355 254 3425 tione,
268 3363 304 3416 at
322 3356 515 3435 praesentia
530 3365 565 3417 et
582 3354 681 3416 simul
695 3354 888 3435 conjunctio
901 3366 955 3418 est
968 3376 1044 3417 cum
1058 3358 1267 3439 receptione.

149 3449 202 3512 De
218 3449 270 3511 his
287 3470 305 3511 e
325 3450 452 3512 mundo
469 3451 634 3530 spirituali
651 3451 716 3513 hoc
734 3471 859 3513 novum
876 3451 1040 3514 reseram:
1065 3451 1110 3513 ibi
1127 3453 1268 3535 quisque

148 3544 280 3607 sistitur
299 3561 461 3624 praesens
485 3566 529 3607 ex
554 3546 766 3626 cogitatione
789 3547 832 3607 de
855 3545 938 3623 illo;
970 3545 1032 3607 sed
1056 3565 1124 3608 non
1148 3546 1268 3629 aliquis

148 3639 365 3720 conjungitur
378 3638 487 3712 alteri,
503 3641 565 3701 nisi
579 3661 622 3702 ex
637 3638 815 3702 affeetione
829 3642 964 3713 amoris,
978 3649 1013 3703 et
1025 3638 1159 3703 affectio
1171 3661 1265 3705 amo·

147 3735 192 3798 ris
205 3736 394 3797 insinuatur
407 3755 466 3816 per
479 3735 592 3798 lacere
604 3733 697 3797 dicia
712 3745 748 3797 et
765 3735 894 3817 placita
908 3734 978 3815 ejus
991 3757 998 3812 ;
1022 3734 1089 3798 hoc
1102 3736 1267 3800 familiare

147 3829 181 3891 in
205 3829 333 3892 mundo
356 3829 523 3910 spirituali
547 3830 641 3891 ducit
665 3830 830 3911 originem
855 3851 898 3893 ex
925 3830 1085 3905 Domino,
1105 3832 1197 3912 quod
1220 3832 1267 3894 ita

148 3944 310 4006 praesens
327 3924 371 3987 sit
388 3943 427 3986 ac
444 3924 494 3986 ita
510 3920 720 4004 conjunctus.
766 3923 863 3987 Haec
881 3923 1068 3987 dictasunt
1086 3935 1124 3988 ut
1140 3926 1268 3988 sciatur

147 4038 206 4082 cur
225 4018 488 4082 Mahumedanis
509 4020 710 4110 permissum
733 4020 777 4082 sit
797 4018 910 4101 plures
929 4040 1055 4082 uxores
1074 4021 1209 4096 ducere,
1230 4029 1264 4084 et

147 4114 237 4194 quod
250 4115 306 4188 sit,
320 4115 480 4195 quoniam
495 4134 590 4176 amor
602 4134 682 4176 vere
695 4113 906 4195 conjugialis,
919 4115 974 4196 qui
987 4114 1097 4177 solum
1110 4125 1165 4178 est
1178 4115 1267 4178 inter

146 4227 249 4270 unum
263 4209 370 4271 virum
390 4217 425 4272 et
445 4229 546 4271 unam
563 4228 719 4283 uxorem,
737 4229 804 4270 non
822 4210 945 4272 dabilis
961 4208 1034 4279 suit,
1052 4210 1129 4291 quia
1147 4210 1263 4273 Domi·

147 4321 227 4364 num
247 4323 292 4365 ex
311 4304 478 4384 religione
497 4324 566 4366 non
585 4313 800 4385 agnoverunt
817 4304 997 4386 aequalem
1014 4304 1090 4368 Deo
1110 4305 1213 4379 Patri,
1231 4313 1265 4367 et

146 4397 194 4461 sic
214 4417 275 4480 pro
295 4398 372 4462 Deo
390 4398 477 4461 caeli
496 4409 533 4463 et
553 4408 674 4462 terrae.
720 4394 822 4478 Quod
841 4418 937 4462 amor
955 4398 1161 4481 conjugialis
1175 4397 1264 4482 apud
