2782 5026
415 111 962 178 nsauonscouJuctnn1.-u.
983 115 1053 178 340.
1225 115 1283 179 271

131 283 280 347 caelos
304 290 342 347 et
368 282 447 347 inde
466 303 566 366 super
584 302 703 346 omnes
723 292 858 365 gentes,
878 284 961 347 illud
980 283 1180 347 retulissent
1198 283 1289 347 inter

131 397 293 460 nugas:
320 378 403 442 inde
422 389 506 453 erat,
526 379 618 461 quod
637 377 812 441 Christum
831 400 890 442 seu
910 378 1083 454 Messiam,
1101 377 1287 442 Dominum

129 482 335 547 nostrum,
355 472 436 536 dum
459 473 493 536 in
516 474 679 535 mundum
699 474 851 549 advenit,
872 494 941 537 non
961 475 1064 537 modo
1087 492 1157 536 non
1176 493 1285 555 agno·

122 570 287 644 verint,
308 569 372 631 sed
396 569 497 632 etiam
522 589 541 632 e
564 569 692 631 mundo
711 569 877 631 atrociter
896 568 1108 631 sustulerint.
1154 568 1211 631 Ex
1235 568 1287 632 his

128 673 319 737 constat,
344 664 435 746 quod
465 663 555 745 apud
586 663 680 726 illam
713 673 856 744 gentem
892 684 960 726 non
983 663 1095 729 .iuerit
1128 662 1287 727 Ecclesia

132 757 371 832 Christiana,
398 760 486 821 sicut
511 779 574 823 nec
606 759 708 822 hodie
736 770 810 838 est;
844 770 880 823 et
914 759 962 822 illi
991 758 1080 841 apud
1108 779 1193 841 quos
1216 779 1286 822 non

124 853 322 917 Ecclesia
342 853 538 917 Christiana
557 863 622 927 est,
643 863 723 917 sunt
743 854 917 917 naturales
937 854 1074 917 externi
1092 863 1128 916 et
1147 854 1284 927 interni,

127 960 193 1012 et
219 949 277 1012 his
300 969 369 1012 non
388 951 489 1013 obest
509 949 717 1032 polygamia,
738 960 793 1013 est
812 952 902 1013 enim
922 949 982 1013 illa
1001 951 1166 1031 inscrIpta
1184 960 1285 1012 natu·

128 1044 222 1106 tali
254 1043 404 1107 homini:
438 1044 493 1107 ltic
517 1046 608 1107 enim
639 1044 681 1107 de
712 1064 829 1107 amore
862 1045 895 1107 in
931 1043 1097 1125 conjugiis
1126 1064 1195 1107 non
1218 1043 1285 1107 alia

131 1139 320 1220 percipit,
345 1158 446 1222 quam
470 1160 557 1222 quae
581 1137 730 1202 libidinis
753 1148 843 1202 sunt.
890 1138 967 1202 Hoc
995 1138 1199 1221 intelligitur
1225 1158 1286 1222 per

130 1231 247 1295 lraec
268 1253 289 1295 a
308 1232 469 1309 Domino,

210 1359 295 1423 Quod
313 1358 408 1408 Moses
425 1361 462 1408 ob
478 1358 603 1408 duritiem
618 1360 707 1409 cordis
724 1359 831 1409 illorum
850 1361 1003 1422 permiserit
1017 1361 1152 1411 dimittere
1169 1377 1282 1417 uxores:

295 1426 344 1474 sed
356 1425 427 1488 quod
439 1426 474 1474 ab
486 1426 564 1475 initio
576 1440 631 1474 oon
645 1427 682 1475 ita
693 1426 774 1475 luerit
783 1425 892 1488 (Marti.
904 1427 957 1475 xix.
971 1427 1012 1488 8):

134 1556 244 1618 (licit
260 1554 352 1636 quod
370 1553 487 1616 Moses
500 1555 701 1636 permiserit,
717 1563 753 1618 ut
770 1556 899 1618 sciatur
914 1556 1004 1638 quod
1021 1576 1090 1619 non
1104 1555 1281 1620 Dominus.

138 1648 264 1730 Quod
281 1659 398 1712 autem
412 1648 579 1711 Dominus
595 1649 747 1713 docuerit
762 1651 934 1713 internum
948 1649 1157 1733 spiritualem
1171 1651 1281 1715 homi·

141 1763 253 1818 mem,
275 1754 396 1806 notum
419 1753 473 1807 est
497 1764 542 1806 ex
566 1746 759 1826 praeceptis
784 1745 904 1827 Ipsius,
926 1756 960 1808 et
984 1766 1029 1809 ex
1053 1747 1281 1827 abrogatione

140 1838 344 1912 ritualium,
363 1859 449 1920 quae
468 1837 687 1901 solummodo
706 1860 767 1922 pro
787 1861 848 1902 usu
867 1842 1116 1904 inserviverunt
1134 1843 1281 1906 naturali

141 1933 310 1996 ltomini:
335 1953 380 1996 ex
400 1935 593 2016 praeceptis
614 1933 724 2016 Ipsius
744 1936 786 1997 de
806 1935 991 2010 lavatione,

209 2066 290 2130 Quod
302 2066 337 2114 sit
352 2065 502 2129 purificatio
515 2067 613 2116 interni
625 2066 744 2117 hominis
756 2067 864 2129 (Manli.
878 2083 921 2118 xv.
936 2081 957 2126 1,
972 2080 1067 2128 17-ao;
1085 2083 1142 2133 cap.
1154 2071 1226 2120 xxiii.
1240 2083 1279 2132 25,

292 2133 339 2188 26:
357 2132 443 2180 Marc.
456 2132 500 2180 vii.
516 2133 621 2192 14-23);

211 2196 251 2246 De
264 2197 406 2255 adulterio,
419 2198 490 2260 quod
503 2198 538 2247 sit
549 2198 682 2261 cupiditas
697 2197 845 2248 voluntatis
857 2199 965 2258 (Manli.
976 2214 1001 2249 v.
1016 2199 1074 2260 28);

210 2262 251 2311 De
266 2263 426 2312 dimissione
438 2277 561 2322 uxorum,
570 2264 641 2327 quod
655 2264 691 2313 sit
706 2265 812 2323 illicita:
830 2277 857 2313 et
869 2267 903 2313 de
917 2266 1080 2329 polygamia,
1090 2266 1161 2330 quod
1175 2266 1210 2316 sit
1225 2268 1277 2330 legi

293 2327 410 2377 Divinae
425 2342 480 2377 nou
493 2340 677 2378 consentanea
689 2330 798 2390 (Marti.
810 2331 864 2380 xix.
877 2333 949 2394 3-9):

144 2462 243 2527 llaec
272 2472 307 2527 et
336 2463 433 2545 plura
462 2485 549 2546 quae
576 2466 702 2529 interni
731 2475 767 2529 et
796 2467 981 2548 spititualis
1007 2466 1155 2530 hominis
1185 2480 1276 2540 sunt.

147 2560 276 2622 (locuit
297 2558 475 2633 Dominus,
492 2561 570 2641 quia
586 2559 678 2623 solus
694 2562 804 2642 aperit
823 2563 958 2624 interna
974 2564 1139 2625 mentium
1155 2562 1275 2627 huma·

151 2673 291 2728 narum,
312 2673 350 2716 ac
374 2654 456 2717 lacit
480 2653 538 2716 illa
561 2655 761 2737 spiritualia,
782 2664 817 2719 et
839 2655 923 2719 haec
947 2657 1032 2720 indit
1053 2658 1275 2734 naturalibus,

151 2759 194 2811 ut
214 2747 300 2811 haec
320 2749 426 2812 etiam
445 2750 657 2830 spiritualem
678 2751 866 2813 essentiam
887 2753 1037 2830 ducant;
1062 2754 1151 2834 quod
1171 2755 1275 2818 etiam

152 2841 206 2917 nt,
227 2845 255 2906 si
280 2843 359 2925 lpse
378 2843 502 2918 aditur,
528 2864 567 2908 ac
591 2845 717 2908 vivitur
736 2847 922 2908 secundum
946 2858 1131 2929 praecepta
1154 2847 1274 2930 lpsius,

154 2958 244 3019 quae
274 2939 308 3000 in
331 2958 463 3001 summa
487 2949 577 3012 sunt,
602 2941 739 3003 credere
773 2941 806 3002 in
831 2940 957 3022 Ipsum,
982 2959 1021 3003 ac
1045 2942 1159 3024 lugere
1184 2945 1274 3008 mala

156 3034 235 3114 quia
266 3033 394 3096 diaboli
427 3043 508 3097 sunt
538 3044 573 3097 et
603 3054 623 3097 a
649 3034 799 3109 diabolo,
824 3045 897 3098 tum
927 3035 1037 3099 lacere
1067 3037 1168 3112 bona,
1197 3041 1274 3121 quia

160 3126 298 3191 Domini
317 3136 396 3190 sunt
418 3137 454 3190 et
476 3149 496 3191 a
521 3128 681 3202 Domino,
701 3138 737 3192 et
759 3129 845 3192 haec
870 3140 905 3193 et
929 3131 988 3194 illa
1012 3131 1121 3194 lacere
1144 3133 1231 3196 sicut
1256 3154 1275 3197 a

159 3242 203 3296 se,
220 3232 257 3285 et
277 3222 376 3285 simul
397 3223 535 3286 credere
554 3224 645 3306 quod
661 3223 745 3287 fiant
764 3245 783 3286 a
803 3224 952 3287 Domino
970 3247 1028 3308 per
1044 3225 1148 3290 illum.
1195 3228 1273 3311 Ipsa

157 3336 258 3395 causa
276 3317 367 3399 quod
391 3317 485 3380 solus
509 3318 677 3382 Dominus
702 3320 833 3400 aperiat
862 3322 1034 3383 internum
1061 3322 1271 3404 spiritualem

156 3410 341 3487 hominem,
358 3431 398 3475 ac
414 3413 511 3476 indat
527 3414 615 3477 hunc
634 3423 780 3477 externo
794 3415 938 3479 naturali
956 3416 1095 3490 homini,
1112 3425 1177 3490 est,
1196 3419 1273 3500 quia

156 3507 266 3569 omnis
279 3505 385 3570 homo
401 3507 604 3571 naturaliter
616 3510 761 3590 cogitat,
776 3519 812 3572 et
829 3510 1031 3573 naturaliter
1043 3512 1127 3591 agit,
1141 3520 1176 3574 et
1193 3512 1271 3574 ideo

157 3620 222 3664 non
250 3610 370 3684 potest
401 3599 526 3685 aliquid
554 3603 731 3685 spirituale
759 3605 944 3687 percipere,
968 3614 1004 3667 et
1033 3604 1116 3667 illud
1147 3605 1180 3667 in
1210 3625 1271 3668 suo

157 3696 299 3760 naturali
315 3697 474 3778 recipere,
493 3698 555 3760 nisi
572 3697 665 3761 Deus
680 3698 878 3762 Humanum
894 3699 1060 3763 Naturale
1076 3720 1269 3782 assumpse-

157 3792 207 3864 rit,
227 3801 272 3857 et-
286 3793 351 3856 hoc
376 3792 480 3856 etiam
505 3792 668 3856 Divinum
690 3793 820 3857 lecerit.
845 3778 922 3856 'Ex
946 3793 998 3856 his
1023 3814 1110 3857 nunc
1130 3805 1270 3858 constat

156 3887 288 3963 veritas,
308 3886 400 3969 quod
427 3888 524 3969 genti
555 3888 766 3951 Israeliticae
796 3889 998 3970 permissum
1028 3888 1126 3952 suerit
1155 3889 1269 3972 plures

159 3996 276 4045 uxores
299 3981 435 4059 ducere,
452 3983 531 4065 quia
553 3983 643 4067 apud
671 3982 764 4047 illam
791 4003 860 4047 non
883 3982 944 4047 luit
967 3982 1124 4048 Ecclesia
1152 3983 1267 4055 Chris,-

159 4072 253 4150 tiana.
