2782 5026
368 110 418 160 ni:
441 109 1010 178 anonaconJucmu1.-u.273.
1191 111 1254 177 217
1361 150 1364 157 .

104 301 191 358 nes,
215 301 313 365 quae
332 291 410 346 sunt
427 280 564 358 mentis,
585 301 655 345 non
673 291 874 365 appareant,
895 290 930 345 et
949 280 1038 364 apud
1057 281 1184 344 multos
1208 302 1253 345 ex

101 377 184 441 illis
213 378 281 440 vix
306 396 450 458 granum
473 385 713 459 transpareat;
745 396 868 459 corpus
891 377 983 439 enim
1011 375 1090 439 illas
1113 375 1169 439 vel
1192 377 1253 439 ab·
1299 440 1303 446 ,

98 473 258 546 sorbet,
277 481 315 536 et
333 472 401 534 suis
419 471 569 535 faecibus
584 471 741 545 involvit,
759 471 814 534 vel
834 492 879 534 ex
895 470 1114 535 simulatione
1131 469 1255 535 edocta

98 570 151 632 ab
175 566 339 632 infantia
358 565 430 630 alte
449 587 470 629 a
488 559 675 648 conspedtu
694 565 837 629 aliorum
860 566 1064 644 abscondit;
1088 576 1124 630 et
1144 587 1205 649 per
1220 567 1254 629 id

97 684 142 726 se
180 664 308 727 mittit
338 663 372 725 in
401 671 532 725 statum
562 660 707 742 cujusvis
734 660 921 726 affedlionis
947 682 1049 743 quam
1079 663 1112 724 in
1143 662 1254 725 altero

96 757 385 832 animadvertit,
410 765 447 819 et
473 752 545 834 ejus
568 753 785 819 affe8tionem
812 756 856 819 ad
880 776 916 819 se
939 755 1058 831 allicit,
1083 757 1191 819 etsie
1216 777 1253 819 se

94 851 365 934 conjungunt3
389 851 481 934 quod
501 872 537 914 se
557 849 780 932 conjungant,
800 860 854 914 est
871 853 948 933 quia
967 852 1131 915 unicuivis
1150 850 1252 915 affec·

93 948 208 1011 tioni
242 956 302 1010 est
325 948 427 1009 'suum
453 942 651 1024 jucundum,
677 955 712 1008 et
734 945 883 1026 jucunda
911 946 1043 1008 animos
1074 945 1252 1027 colligant.

90 1042 240 1107 Aliter
265 1062 348 1107 vero
371 1040 478 1114 fieret,
503 1042 531 1104 si
554 1039 751 1105 affetliones
774 1041 930 1103 internae
954 1041 1042 1103 sicut
1072 1052 1251 1115 externae,

90 1157 242 1202 coram
264 1138 339 1200 visu
357 1137 390 1199 in
409 1137 495 1199 facie
512 1147 547 1200 et
568 1145 680 1217 gestu,
701 1145 737 1199 et
757 1155 872 1199 coram
896 1135 1014 1198 auditu
1038 1135 1072 1198 in
1091 1156 1178 1198 sono
1201 1137 1253 1200 lo·

87 1232 248 1315 quelae
261 1241 479 1313 apparerent,
493 1240 552 1295 aut
567 1230 701 1292 illarum
715 1229 864 1311 jucunda
876 1231 1085 1293 sentirentur
1099 1250 1179 1293 nare
1192 1251 1252 1294 seu

87 1329 364 1401 odoraremur,
384 1327 473 1390 sicut
492 1324 531 1388 fit
550 1326 583 1389 in
603 1325 731 1388 mundo
750 1326 936 1408 spirituali;
961 1337 1042 1390 tunc
1060 1328 1087 1389 si
1106 1327 1252 1390 disside-

85 1433 195 1488 rent
221 1422 399 1504 usquead
423 1420 622 1495 discordias,
647 1431 846 1503 separarent
869 1423 1002 1484 animos
1025 1423 1069 1484 ab
1091 1423 1250 1497 invicem,

83 1530 138 1582 et
164 1517 371 1580 secundum
391 1494 650 1598 pirceptionem
673 1515 888 1598 antipathiae
912 1518 945 1579 in
970 1516 1194 1599 longinquum
1213 1537 1252 1580 se

79 1619 356 1678 removerent.
401 1609 459 1673 Ex
475 1610 528 1673 his
544 1620 653 1692 patet,
671 1610 761 1692 quod
780 1612 813 1673 in
831 1611 959 1673 mundo
976 1611 1121 1674 naturali
1141 1632 1251 1692 paene

80 1727 247 1773 omnes
272 1703 433 1786 conjungi
461 1707 596 1787 possint
626 1706 738 1788 quoad
767 1703 964 1769 affettiones
988 1717 1163 1781 externas,
1189 1708 1250 1770 sed

79 1821 183 1868 non
211 1800 330 1886 quoad
353 1797 550 1863 affedtiones
572 1801 736 1876 internas,
757 1801 785 1864 si
807 1800 873 1863 hae
897 1801 1065 1864 dissident
1084 1811 1121 1865 et
1143 1822 1250 1885 appa·

78 1909 211 1965 rent.

175 2004 285 2075 273·
310 1987 374 2072 (ii.)
400 1985 498 2065 Quod
508 1988 543 2052 in
559 1991 679 2054 mundo
694 1990 873 2072 spirituali
887 2012 996 2055 omnes
1008 1993 1251 2076 emunguntur

75 2084 302 2153 secundum
317 2083 507 2168 affeiiiones
523 2084 684 2159 internas,
698 2105 761 2148 non
773 2094 882 2148 autem
895 2087 1069 2149 secundum
1079 2095 1248 2162 externas,

74 2182 186 2250 nisi
210 2180 280 2244 hae
300 2199 402 2244 unum
423 2188 531 2260 agant
550 2200 621 2242 cum
643 2179 954 2244 internis—Causa
977 2191 1042 2254 est,
1063 2182 1142 2262 quia
1165 2191 1248 2245 tunc

70 2274 289 2363 rejed'tum
310 2283 364 2338 est
383 2273 563 2337 materiale
586 2294 719 2357 corpus,
740 2275 1007 2358 quodomnium
1030 2273 1249 2338 affedtionum

69 2369 252 2440 formas
272 2370 422 2450 recipere
441 2378 477 2433 et
501 2368 652 2452 prolerre
675 2371 799 2452 potuit,
821 2379 858 2433 ut
883 2390 971 2433 nunc
995 2391 1096 2451 supra
1119 2369 1249 2434 dictum

64 2482 174 2544 est,
203 2475 245 2529 et
264 2464 369 2527 homo
387 2464 537 2527 nudatus
556 2464 601 2527 ab
619 2463 680 2527 illo
699 2484 853 2546 corpore,
873 2474 928 2527 est
951 2465 984 2526 in
1009 2465 1077 2527 suis
1096 2463 1249 2529 affedtio·

66 2567 219 2630 nibus
233 2559 390 2632 internis,
404 2578 488 2640 quas
502 2579 624 2641 corpus
637 2557 708 2640 ejus
724 2561 815 2640 prius
827 2558 1045 2622 abscondidit
1059 2579 1067 2637 ;
1087 2558 1165 2621 inde
1182 2568 1247 2635 est,

62 2656 209 2742 quod
231 2672 305 2717 non
325 2653 429 2716 modo
447 2653 493 2716 ibi
515 2655 709 2718 sentiantur
727 2653 1030 2735 homogeneitates
1049 2663 1085 2717 et
1109 2654 1248 2718 hetero-

60 2752 333 2834 geneitates,
350 2743 409 2812 seu
429 2749 646 2830 sympathiae
662 2759 697 2813 et
717 2749 943 2830 antipathiae,
961 2751 1022 2813 sed
1042 2749 1121 2814 illae
1141 2751 1247 2813 etiam

61 2852 315 2936 appareant
344 2844 378 2906 in
407 2842 568 2918 faciebus,
601 2842 756 2925 loquelis,
785 2854 820 2907 et
854 2845 1033 2925 gestibus;
1068 2865 1171 2927 quare
1201 2846 1247 2908 ibi

58 2938 364 3010 similitudines
383 2937 644 3019 conjunguntur,
665 2949 700 3002 et
723 2938 1016 3003 dissimilitudines
1035 2950 1247 3020 separantur.

64 3029 217 3104 Haec
240 3042 427 3105 causaest,
448 3033 538 3113 quod
554 3034 746 3096 universum
766 3033 899 3096 caelum
918 3035 1105 3097 secundum
1126 3055 1247 3098 omnes

59 3133 311 3199 varietates
327 3123 543 3190 affedtionum
561 3129 686 3191 amoris
705 3128 786 3190 boni
806 3137 841 3191 et
857 3129 927 3191 veri
947 3149 967 3192 a
986 3128 1136 3192 Domino
1156 3131 1245 3192 ordi-

61 3237 238 3294 natum
257 3221 313 3296 sit,
327 3230 363 3285 et
383 3241 428 3284 ex
448 3223 608 3304 opposito
627 3223 792 3286 infernum
812 3224 999 3287 secundum
1018 3244 1139 3288 omnes
1157 3226 1245 3288 vari·

61 3332 235 3390 etates
256 3312 472 3379 affedtionum
491 3317 617 3380 amoris
636 3317 715 3379 mali
735 3327 771 3381 et
789 3316 875 3380 falsi.
921 3316 1092 3399 Quoniam
1112 3318 1246 3400 angelis

63 3430 134 3485 et
164 3410 357 3497 spiritibus
380 3431 488 3493 aeque
511 3421 592 3475 sunt
615 3409 811 3475 affettiones
834 3412 989 3477 internae
1013 3423 1049 3476 et
1079 3423 1246 3478 externae

65 3515 207 3578 sicut
223 3505 423 3570 hominibus
441 3507 475 3568 in
492 3507 630 3581 mundo,
648 3516 684 3570 et
701 3508 860 3590 quoniam
877 3507 1074 3573 affetliones
1090 3510 1246 3572 internae

67 3619 180 3673 non
210 3610 362 3686 possunt
388 3600 435 3663 ibi
457 3601 624 3665 abscondi
647 3602 692 3665 ab
715 3604 880 3677 externis,
905 3612 1126 3686 transparent
1149 3612 1184 3665 et
1209 3622 1246 3666 se

68 3695 357 3769 manifestant,
378 3695 458 3759 inde
474 3705 616 3779 utraque
639 3696 730 3780 apud
753 3696 832 3760 illos
855 3698 1054 3779 rediguntur
1073 3699 1106 3762 in
1125 3697 1245 3782 simili·

71 3793 276 3861 tudinem
300 3799 336 3854 et
359 3790 712 3873 correspondentiam,
736 3802 941 3874 postquam
968 3791 1166 3856 affectiones
1190 3792 1244 3854 in-

76 3895 240 3956 ternae
254 3882 390 3948 illorum
406 3905 466 3967 per
482 3896 647 3949 externas
664 3883 859 3967 effigiantur
874 3889 908 3949 in
924 3887 1083 3961 faciebus,
1099 3887 1245 3969 percipi·

80 3994 220 4048 untur
247 3979 401 4043 insonis
429 3979 597 4062 loquelae,
622 3990 658 4044 et
681 4000 815 4062 quoque
839 3989 1007 4062 apparent
1031 3981 1064 4044 in
1087 3980 1245 4062 gestibus

87 4093 262 4142 morum.
310 4071 412 4156 Quod
432 4075 566 4158 angelis
585 4083 621 4139 et
639 4075 813 4158 spiritibus
829 4076 898 4138 sint
921 4072 1117 4139 affedtiones
1136 4077 1242 4139 inter·
