2782 5026
144 410 207 477 160
485 421 668 475 oamcms
690 420 919 475 siusurms

141 606 232 671 sunt,
253 615 322 660 non
340 583 636 659 internoscantur:
659 595 750 677 quod
770 605 887 659 tamen
906 594 1098 660 animarum
1118 604 1156 661 et
1175 615 1259 662 men·

141 693 226 755 tium
246 692 385 765 formae,
402 690 490 753 aliae
509 692 576 753 sint
596 700 676 772 post
695 689 889 772 conjugium
909 711 1011 773 quam
1030 691 1170 755 fuerant
1189 704 1260 758 ante

140 787 235 862 illud,
260 786 441 849 manifeste
470 797 614 867 apparet
643 806 688 848 ex
719 786 838 849 iisdem
868 787 901 849 in
925 787 1055 850 mundo
1080 789 1260 868 spirituali;

139 890 220 944 sunt
238 882 328 944 enim
345 892 427 943 tunc
446 882 584 961 spiritus
602 890 638 944 et
657 879 782 962 angeli,
797 881 852 962 qui
872 901 939 943 non
956 880 1050 944 aliud
1067 889 1151 945 'sunt
1167 903 1262 965 quam

140 986 275 1040 mentes
298 986 334 1040 et
357 977 490 1039 animae
514 977 547 1038 in
570 976 678 1039 forma
700 976 859 1050 humana,
880 976 1031 1039 nudatae
1054 977 1101 1039 ab
1120 979 1261 1051 exuviis,

140 1091 226 1153 quae
245 1070 379 1135 suerunt
397 1071 608 1152 compositae
624 1092 669 1133 ex
686 1070 867 1134 elementis
885 1072 919 1134 in
936 1073 1031 1153 aquis
1048 1081 1086 1135 et
1103 1074 1215 1149 terris,
1230 1083 1264 1136 et

139 1186 184 1227 ex
214 1165 376 1229 halitibus
407 1166 487 1228 inde
517 1166 770 1247 circumsparsis
799 1167 832 1228 in
862 1187 959 1244 aere;
994 1167 1118 1248 quibus
1149 1165 1264 1248 ejefiis

139 1259 267 1324 formae
294 1262 471 1336 mentium,
491 1261 609 1344 quales
632 1261 765 1325 fuerant
788 1262 879 1324 intus
902 1262 936 1324 in
959 1262 1162 1344 corporibus
1185 1264 1262 1337 suis,

138 1357 402 1438 conspiciuntur,
431 1366 467 1420 et
494 1366 575 1420 tunc
606 1357 707 1431 clare,
732 1358 823 1438 quod
853 1357 940 1420 aliae
966 1358 1035 1421 sint
1058 1358 1128 1421 illis
1151 1361 1209 1442 qui
1232 1361 1264 1422 in

137 1450 298 1532 conjugio
317 1452 447 1526 vivunt,
467 1460 503 1514 et
522 1450 608 1514 aliae
627 1451 693 1514 illis
712 1452 768 1533 qui
791 1470 879 1514 non:
905 1451 937 1514 in
957 1472 1085 1533 genere
1104 1464 1160 1516 est
1181 1474 1263 1518 con·

133 1543 270 1626 jugibus
299 1547 439 1609 interior
468 1547 571 1609 decor
599 1546 706 1621 faciei,
738 1546 844 1609 trahit
877 1547 968 1609 enim
998 1548 1048 1610 vir
1078 1548 1124 1610 ab
1156 1570 1264 1614 uxore

136 1654 319 1704 venustum
336 1641 492 1704 ruborem
509 1642 634 1704 amoris
649 1640 730 1722 ejus,
745 1650 780 1704 et
795 1663 882 1704 uxor
893 1662 913 1703 a
930 1642 1002 1704 viro
1019 1642 1264 1723 splendentem

136 1736 284 1799 nitorem
301 1737 490 1818 sapientiae
510 1736 599 1816 ejus;
621 1756 699 1799 nam
719 1737 786 1799 duo
806 1735 970 1818 conjuges
990 1737 1035 1800 ibi
1054 1740 1172 1820 quoad
1191 1741 1263 1803 ani·

136 1849 210 1893 mas
233 1833 318 1895 uniti
341 1842 443 1910 sunt;
473 1842 508 1894 et
532 1833 668 1913 insuper
690 1833 724 1895 in
749 1842 891 1914 utroque
914 1845 1056 1914 apparet
1081 1833 1263 1915 plenitudo

135 1925 295 1989 humana.
340 1925 417 1989 Hoc
434 1927 467 1989 in
484 1925 592 2000 caelo,
606 1928 764 2008 quianon
781 1927 862 1990 alibi
879 1926 1037 2009 conjugia
1052 1938 1154 2006 sunt;
1180 1929 1264 1993 inira

136 2020 269 2084 caelum
299 2032 416 2085 autem
445 2031 525 2085 sunt
552 2023 656 2086 modo
686 2023 866 2095 connubia,
897 2043 983 2104 quae
1013 2020 1202 2089 nectuntur
1226 2035 1263 2091 et

136 2116 347 2180 dirimuntur.

198 2223 295 2291 193.
321 2211 417 2294 (viii.)
445 2210 542 2290 Quod
544 2212 680 2292 semina
694 2211 872 2275 adualiter
880 2212 1055 2292 feruutur
1069 2211 1105 2274 in
1124 2234 1262 2279 uxorem

135 2306 311 2368 secundum
326 2307 581 2387 descriptionem
596 2307 631 2369 in
647 2305 750 2369 Libro
768 2305 797 2370 C
796 2306 1053 2371 trationis-In
1070 2307 1136 2372 hoc
1155 2307 1261 2374 Libro

134 2401 266 2475 dicitur,
287 2401 377 2484 quod
397 2400 521 2464 semina
539 2415 654 2465 creata
673 2402 717 2464 sit
740 2422 786 2464 ex
809 2412 907 2464 costa
927 2402 986 2464 viri
998 2422 1006 2477 ;
1030 2411 1066 2464 et
1085 2404 1180 2485 quod
1200 2405 1259 2478 vir,

134 2514 210 2558 cum
226 2494 374 2559 addudia
390 2507 454 2571 est,
468 2498 606 2567 dixerit,
622 2495 749 2558 “Haec
766 2517 804 2559 os
821 2496 864 2559 de
880 2497 1011 2559 ossibus
1025 2497 1110 2559 meis
1126 2506 1163 2560 et
1181 2517 1259 2563 caro

133 2591 175 2653 de
196 2610 297 2653 carne
317 2611 412 2670 mea3
437 2601 473 2655 et
493 2592 670 2655 vocabitur
690 2590 812 2654 Ischah
832 2604 993 2665 [vesunuh
1011 2592 1090 2673 quia
1113 2592 1159 2654 ab
1181 2592 1259 2657 Isch

135 2683 247 2765 (Viro,
268 2685 373 2767 trum),
392 2686 573 2767 desumpta
592 2696 645 2749 est
656 2685 671 2710 ‘'
689 2683 777 2766 (cap.
794 2686 826 2748 ii.
843 2684 974 2765 22-24),
992 2706 1053 2766 per
1071 2687 1259 2752 “costam”

133 2777 280 2861 pectoris
300 2780 334 2842 in
354 2779 470 2844 Verbo
490 2802 558 2843 non
577 2781 668 2844 aliud
687 2781 720 2844 in
739 2800 842 2843 sensu
858 2780 1025 2861 spirituali
1044 2782 1259 2863 significatur

132 2893 234 2956 quam
252 2893 370 2937 verum
390 2876 564 2939 naturale:
589 2876 654 2939 hoc
674 2864 884 2957 significatur
902 2894 962 2956 per
979 2877 1158 2951 “costas''
1174 2898 1258 2961 quas

133 2990 229 3033 ursus
247 2970 336 3033 inter
355 2969 477 3033 dentes
500 2970 631 3034 serebat
653 2969 754 3052 (Dan.
772 2971 826 3033 vii.
847 2968 902 3052 5);
926 2990 1005 3033 nam
1026 2991 1086 3052 per
1107 2972 1258 3037 “ursos”

132 3063 366 3146 significantur
388 3066 436 3128 illi
459 3067 515 3148 qui
535 3066 688 3129 Verbum
711 3062 744 3129 in
768 3084 869 3129 sensu
893 3066 1038 3129 naturali
1063 3066 1197 3148 legunt,
1216 3088 1257 3133 ac

131 3180 213 3222 vera
235 3161 281 3223 ibi
308 3161 436 3242 absque
461 3158 639 3224 intelledlu
662 3161 804 3238 vident;
839 3182 899 3242 per
922 3158 1042 3241 pedtus
1064 3164 1127 3227 viri
1150 3165 1256 3246 signi·

131 3253 252 3318 ficatur
267 3255 300 3316 id
320 3256 504 3318 essentiale
523 3276 561 3318 ac
586 3256 768 3338 proprium,
788 3256 880 3337 quod
897 3257 1119 3337 distinguitur
1137 3279 1158 3320 a
1174 3279 1256 3340 pec·

131 3360 207 3413 tore
235 3350 400 3428 seminae3
435 3351 525 3433 quod
556 3351 589 3414 id
619 3352 663 3414 sit
690 3352 869 3431 sapientia,
893 3351 1048 3414 videatur
1074 3371 1178 3433 supra
1208 3353 1256 3438 (n.

131 3442 235 3529 [¹¹187)
250 3467 258 3525 3
282 3465 360 3508 nam
373 3465 489 3509 verum
506 3447 651 3510 sustinet
665 3447 878 3526 sapientiam,
892 3447 978 3508 sicut
996 3456 1093 3509 costa
1106 3450 1256 3515 sustinet

131 3540 271 3623 pec‘lus3
295 3541 379 3604 haec
403 3541 646 3624 significantur,
671 3543 751 3624 quia
773 3539 891 3623 pectus
914 3552 967 3604 est
990 3543 1023 3604 in
1048 3562 1116 3623 quo
1137 3546 1257 3610 omnia

129 3637 276 3700 hominis
306 3647 343 3700 ut
373 3638 407 3700 in
437 3658 498 3700 suo
528 3647 648 3700 centro
677 3646 767 3700 sunt.
824 3636 880 3699 Ex
911 3637 962 3699 his
985 3647 1136 3713 constat,
1160 3640 1254 3722 quod

128 3732 253 3797 femina
269 3743 386 3795 creata
404 3733 448 3796 sit
467 3753 513 3795 ex
529 3733 602 3795 viro
618 3750 677 3813 per
692 3732 991 3812 transcriptionem
1008 3730 1078 3812 ejus
1095 3736 1254 3817 propriae

130 3827 329 3907 sapientiae,
350 3827 440 3909 quod
457 3838 510 3890 est
529 3848 575 3890 ex
592 3847 673 3889 vero
697 3827 853 3900 naturali,
871 3836 907 3890 et
925 3827 1016 3909 quod
1040 3826 1138 3910 hujus
1157 3848 1256 3895 amor

128 3941 148 3985 a
166 3923 238 3985 viro
257 3922 445 3985 translatus
464 3923 508 3984 sit
527 3923 561 3984 in
580 3921 751 3996 seminam,
772 3931 810 3985 ut
830 3921 889 3986 fiat
911 3941 1008 3985 amor
1026 3921 1258 4004 conjugialis;

128 4028 164 4081 et
183 4017 274 4101 quod
293 4017 358 4080 hoc
378 4014 503 4080 iadtum
523 4018 578 4091 sit,
596 4037 638 4079 ne
657 4017 690 4079 in
710 4013 810 4081 [¹¹viro
828 4018 872 4080 sit
888 4036 984 4081 amor
999 4018 1060 4091 sui,
1077 4017 1140 4080 sed
1155 4038 1256 4084 amor

128 4114 264 4191 uxoris;
289 4132 375 4195 quae
394 4132 439 4175 ex
456 4112 571 4176 indole
590 4113 653 4175 sibi
672 4113 790 4175 innata
809 4131 877 4175 non
897 4121 1013 4194 potest
1031 4110 1134 4176 aliter
1148 4132 1255 4196 quam

128 4227 278 4270 amorem
299 4208 349 4269 sui
368 4207 458 4289 apud
474 4208 581 4269 virum
601 4219 801 4270 convertere
825 4209 857 4270 in
878 4226 1027 4270 amorem
1047 4204 1119 4287 ejus
1138 4209 1185 4270 ad
1204 4229 1253 4283 se,

128 4312 163 4365 et
182 4303 294 4365 audivi
312 4303 404 4385 quod
423 4303 487 4365 hoc
507 4301 566 4366 fiat
586 4323 630 4366 ex
651 4302 724 4383 ipso
743 4323 858 4365 amore
878 4302 1004 4376 uxoris,
1023 4320 1091 4364 non
1112 4304 1254 4367 conscio

127 4397 212 4474 viro,
236 4417 299 4462 nec
322 4398 460 4462 conscia
483 4419 610 4478 uxore;
642 4398 721 4461 inde
749 4408 803 4462 est
827 4397 916 4481 quod
940 4415 1106 4480 nusquam
1129 4397 1253 4482 aliquis
