2782 5026
415 110 465 160 nu
489 106 1056 177 auoaecoujuo1au1.-N.233.
1228 96 1286 177 187

211 280 249 336 Et
263 296 349 335 unus
360 280 450 343 dixit,
461 281 544 351 quod
558 296 618 336 non
632 281 727 352 possit
741 280 818 335 intra
830 289 951 336 centurn
964 294 1069 335 annos.

211 359 250 415 Et
261 360 338 422 dixi,
353 367 370 390 ⁰·
382 359 501 416 Interea
513 360 586 415 estis
598 361 711 431 absque
724 359 895 431 religione.”

214 439 251 495 Et
264 439 436 510 respondit.
452 440 588 494 “Annon
604 439 859 495 demonstrabitur
874 438 1012 510 primum,
1028 453 1099 492 num
1116 437 1222 509 religio
1239 436 1287 499 sit,

161 526 195 573 et
206 532 285 590 quae
298 519 344 574 ita
354 528 491 581 vocatur,
503 535 576 573 num
589 519 630 573 sit
641 518 776 590 aliquid?
814 519 845 574 si
858 530 912 579 est.
923 519 980 573 erit
996 518 1088 573 etiam
1102 532 1158 587 pro
1170 517 1288 587 sapien·

162 599 258 661 tibus:
284 599 393 653 sinon
414 608 468 661 est,
484 597 541 653 erit
562 599 660 653 solum
680 615 734 669 pro
755 599 863 670 vulgo:
886 608 989 653 notum
1012 607 1067 659 est,
1086 597 1168 667 quod
1183 595 1288 667 religio

165 678 283 732 dicatur
296 678 469 742 vinculum
487 677 542 733 sed
557 678 711 749 quaeritur
725 693 779 748 pro
794 676 924 748 quibus?
962 676 993 732 Si
1010 677 1102 731 modo
1118 692 1173 746 pro
1188 676 1287 747 vulg0,

164 756 195 810 in
207 772 239 812 se
252 772 315 812 non
328 768 376 812 est
388 757 517 828 aliquid;
535 758 561 813 si
574 758 664 812 etiarn
679 774 732 827 pro
746 756 941 827 sapientibus.
955 755 1027 811 est”

217 835 277 891 His
290 837 404 892 auditis
419 837 480 891 dixi
497 836 563 898 illis,
577 844 593 865 ‘⁸
604 837 685 891 Nihil
702 836 801 891 minue
816 852 906 906 quam
920 834 1030 890 eruditi
1046 835 1127 896 estis,
1140 834 1211 904 quia
1226 848 1287 888 non

166 917 292 985 potestis
307 916 388 970 aliud
404 917 545 988 cogitare,
561 932 651 986 quam
669 933 740 969 num
756 916 804 976 sit,
820 927 851 970 et
871 916 928 970 hoc
943 930 1061 970 versare
1080 915 1109 968 in
1129 926 1288 983 utramque

167 1005 298 1066 partenu
316 995 384 1067 quis
394 1005 495 1066 potest
504 996 640 1050 eruditus
649 995 721 1059 fieri,
733 995 790 1050 nisi
800 995 913 1066 aliquid
928 1010 982 1065 pro
990 1005 1073 1049 certo
1083 993 1166 1054 sciat,
1176 1003 1207 1048 et
1221 1009 1289 1063 pro·

165 1076 319 1146 grediatur
334 1075 365 1129 in
381 1074 463 1136 illud,
478 1074 557 1130 sicut
573 1074 665 1129 horno
681 1075 872 1146 progreditur
889 1073 1051 1145 evestigio
1070 1073 1100 1127 ln
1119 1072 1288 1144 vestigium,

165 1155 253 1210 etsie
268 1155 436 1210 successive
452 1153 482 1207 ln
498 1153 699 1225 sapientiam?
736 1154 859 1225 Alioqui
871 1154 1015 1208 veritates
1031 1169 1068 1207 ne
1084 1152 1206 1223 quidem
1222 1163 1289 1206 tan-

165 1234 234 1306 gitis
249 1250 359 1306 ungue,
375 1234 428 1288 sed
445 1233 512 1303 plus
526 1243 557 1287 et
576 1234 643 1303 plue
662 1249 679 1289 e
697 1231 861 1304 conspedlu
878 1234 1041 1287 removetis
1057 1233 1131 1287 illas.
1169 1231 1288 1286 Numne

167 1312 334 1368 ratiocinari
353 1313 452 1368 solum
471 1328 543 1366 num
567 1313 615 1374 sit,
634 1323 680 1367 est
705 1312 874 1367 ratiocinari
900 1328 937 1367 ex
964 1313 1052 1383 pileo,
1066 1312 1116 1383 qui
1142 1326 1289 1382 nusquam

167 1393 338 1463 imponitur.
349 1403 402 1446 aut
414 1408 452 1446 ex
464 1392 565 1447 calceo
578 1393 629 1463 qui
644 1409 704 1446 non
719 1391 873 1446 induitur?
910 1390 990 1464 Quid
1005 1392 1074 1445 inde
1088 1391 1216 1461 profluit,
1231 1390 1288 1444 nisi

167 1472 245 1542 quod
260 1487 322 1526 non
335 1472 444 1533 sciatis,
458 1489 529 1526 num
541 1472 629 1526 detur
641 1471 762 1543 aliquid,
776 1473 869 1525 immo
882 1488 953 1524 num
967 1472 1056 1526 detur
1068 1471 1202 1530 salvatio,
1216 1485 1291 1523 num

167 1551 227 1606 vita
239 1562 363 1606 aeterna
375 1562 444 1622 post
458 1561 595 1612 mortem,
605 1568 678 1605 num
692 1567 751 1605 una
764 1551 870 1622 religio
884 1551 950 1621 plus
961 1550 1071 1604 efficiat
1084 1565 1173 1619 quam
1187 1550 1288 1611 altera,

169 1647 236 1685 num
250 1632 367 1686 caelum
380 1641 411 1685 et
425 1631 572 1685 infernum
583 1629 665 1685 sint?
703 1629 747 1684 De
762 1630 808 1684 his
817 1647 878 1684 non
889 1630 1020 1701 cogitare
1031 1629 1143 1699 aliquid
1155 1629 1289 1700 potestis,

168 1710 311 1782 quamdiu
331 1710 461 1764 haeretis
486 1710 516 1764 in
536 1709 633 1780 primo
653 1724 750 1780 passu.
770 1720 801 1764 et
821 1710 945 1780 pulsatis
962 1724 1082 1762 arenam
1103 1707 1152 1769 ibi.
1172 1717 1203 1762 et
1228 1725 1288 1761 non

170 1789 292 1845 terendo
305 1788 390 1844 fertis
404 1790 510 1860 pedem
524 1789 604 1842 ultra
617 1789 733 1860 pedem,
744 1799 775 1843 et
788 1788 1017 1859 progredimini:
1033 1797 1137 1842 cavete
1147 1787 1240 1848 vobis,
1251 1800 1289 1841 ne

171 1879 282 1925 mentes
298 1879 424 1929 vestrae.
441 1868 512 1922 dum
533 1868 575 1923 ita
599 1868 671 1923 ioris
690 1878 775 1922 extra
788 1868 932 1938 judicium
949 1877 1038 1927 stant,
1055 1867 1137 1921 intus
1156 1866 1290 1920 indures·

170 1961 242 2010 cant.
255 1959 288 2003 et
300 1948 375 2002 liant
388 1957 504 2002 statuae
517 1948 596 2008 salis.
610 1958 641 2002 et
653 1963 708 2002 vos
723 1948 811 2002 amici
827 1948 928 2001 uxoris
942 1945 1059 2000 Lothi.”

218 2027 278 2083 His
291 2026 382 2082 uitiis
398 2027 529 2087 abluiet
549 2027 591 2081 illi
606 2042 644 2081 ex
660 2026 866 2098 indignatione
881 2027 1075 2096 conjecerunt
1091 2024 1205 2095 lapides
1220 2033 1290 2094 post

172 2122 226 2170 me;
245 2118 277 2162 et
287 2118 361 2162 tunc
371 2106 445 2160 mihi
455 2105 512 2160 visi
522 2116 593 2161 sunt
602 2106 680 2161 sicut
688 2106 841 2177 sculptilia
852 2122 889 2161 ex
901 2121 983 2167 saxo,
993 2105 1102 2176 quibus
1113 2104 1187 2157 nihil
1199 2103 1290 2158 ratio·

173 2187 211 2243 uis
223 2188 377 2243 humanae
394 2186 480 2240 inest.

217 2268 259 2323 Et
271 2266 406 2338 quaesivi
420 2265 544 2336 angelos
556 2266 593 2318 de
606 2273 687 2319 sorte
701 2264 833 2325 illorum:
852 2269 883 2318 et
899 2263 1046 2323 dixerunt,
1060 2261 1156 2316 “Sors
1171 2261 1289 2315 illorum

172 2357 216 2410 en,
226 2347 312 2419 quod
323 2345 522 2400 demittantur
531 2344 560 2397 in
572 2343 754 2414 profundum
765 2361 772 2405 3
787 2353 818 2398 et
829 2343 868 2396 ibi
880 2343 909 2396 in
920 2343 1081 2402 desertum,
1092 2351 1122 2396 et
1132 2341 1292 2412 adigantur

171 2429 199 2482 ul
215 2425 402 2499 portandum
418 2422 564 2485 sarcinasr
588 2433 618 2477 et
636 2432 709 2477 tunc
724 2422 794 2492 quia
810 2438 870 2476 non
887 2431 1013 2491 possunt
1029 2420 1141 2491 aliquid
1158 2419 1290 2490 proferre

169 2518 199 2562 er
214 2506 345 2567 ratione.
360 2503 495 2576 garriunt
509 2512 540 2557 et
554 2503 719 2573 loquuntur
734 2517 818 2564 vana,
830 2511 862 2556 et
878 2501 917 2555 ibi
932 2517 950 2556 e
965 2501 1131 2573 longinquo
1145 2510 1291 2571 apparent

168 2585 242 2641 sicut
254 2585 334 2641 asini
347 2592 503 2655 portantes
515 2581 634 2637 onera''
1257 2595 1258 2598 ¹

160 2722 265 2798 033.
286 2712 444 2775 Tertium
463 2707 687 2773 Memorabile
699 2730 751 2776 :-

218 2830 299 2887 Post
318 2830 392 2885 haec
410 2829 486 2884 dixit
505 2843 582 2882 unus
601 2844 639 2883 ex
657 2829 780 2900 angelis,
800 2834 817 2857 '‘
826 2826 957 2898 Sequere
977 2844 1024 2883 me
1048 2827 1085 2882 ad
1112 2826 1222 2890 locum,
1241 2829 1292 2885 ubl

150 2911 381 2970 vociferantur.
400 2908 539 2979 ‘Oquam
548 2907 737 2978 sapientes.'”
751 2905 789 2962 Et
797 2907 881 2968 dixit.
891 2915 906 2937 '¹
915 2907 1040 2963 Videbis
1048 2917 1187 2979 portenta
1196 2908 1293 2963 horni-

150 2999 257 3052 num:
278 2989 396 3044 videbis
411 2985 502 3043 iacies
520 2998 551 3043 et
569 3002 703 3057 corpora,
719 3003 795 3058 quae
814 2997 886 3042 sunt
904 2986 1044 3050 hominis,
1059 2998 1090 3042 et
1109 2997 1211 3042 tamen
1231 3004 1293 3043 uon

143 3076 238 3126 tunt
252 3067 420 3124 homines.”

220 3149 263 3204 Et
276 3147 348 3209 dixi,
362 3146 503 3202 “Suntne
517 3155 591 3201 tunc
607 3145 720 3200 bestiae
729 3145 759 3201 ?”

220 3227 405 3298 Respondit,
420 3224 515 3280 “Non
531 3236 601 3280 sunt
616 3225 738 3286 bestiae.
751 3226 803 3280 sed
823 3224 936 3280 bestiae
955 3223 1109 3287 homines:
1128 3235 1197 3279 sunt
1213 3225 1293 3280 enim

123 3310 217 3381 nui
238 3323 364 3380 prorsus
380 3321 440 3360 non
456 3306 557 3360 videre
574 3314 708 3375 possunt,
724 3321 795 3358 nurn
811 3321 914 3359 verum
930 3304 970 3359 sit
984 3321 1096 3365 verum,
1112 3304 1158 3358 vel
1179 3320 1247 3365 non.
1263 3315 1295 3359 et

132 3384 271 3444 tamen
286 3395 414 3458 possunt
426 3384 522 3439 lacere
536 3394 569 3439 ut
582 3385 621 3439 sit
633 3400 747 3446 verum,
760 3383 901 3455 quicquid
914 3383 1036 3446 volunt:
1054 3383 1130 3437 tales
1142 3382 1220 3452 apud
1238 3399 1294 3438 nos

131 3468 318 3523 vocantur
330 3463 583 3521 confirmatores.”

223 3544 265 3601 Et
280 3544 375 3600 secuti
390 3559 495 3600 sumus
509 3541 764 3602 vociferationem,
778 3552 809 3596 et
823 3541 961 3596 venimus
975 3542 1013 3596 ad
1034 3541 1153 3601 locum:
1177 3549 1209 3594 et
1224 3554 1294 3595 ecce

136 3635 280 3681 tostus
292 3623 434 3686 virorum,
448 3634 479 3678 et
491 3622 603 3678 circum
616 3632 737 3677 coetum
751 3621 845 3682 turba.
858 3631 889 3675 et
903 3621 933 3674 in
946 3621 1034 3674 turba
1047 3618 1137 3689 aliqui
1151 3635 1187 3673 ex
1200 3619 1294 3674 nobili

136 3704 342 3764 'ttemrnate
355 3704 406 3776 qui
420 3703 491 3757 dum
506 3702 684 3757 audiverunt
697 3699 780 3772 quod
792 3699 1003 3754 confirmarent
1017 3700 1119 3753 omnia
1127 3714 1203 3768 quae
1214 3698 1295 3753 dice·

137 3772 254 3846 baur,
270 3793 302 3839 et
319 3782 374 3839 sibi
393 3792 456 3837 tam
473 3781 634 3837 manifesto
648 3796 796 3837 consensu
813 3779 955 3842 faverent,
974 3795 1006 3833 se
1025 3787 1247 3839 converterunt,
1263 3787 1295 3832 et

150 3863 322 3925 ‹lixenmt
335 3871 352 3892 ‘⁴
361 3860 390 3918 O
402 3876 492 3932 quam
506 3860 683 3932 sapientes.”

229 3940 288 3999 Sed
301 3942 377 3997 dixit
391 3940 464 3995 mihi
474 3941 606 4013 angelus,
615 3949 631 3970 ⁴·
640 3939 684 3994 Ne
698 3939 840 3994 adeamus
851 3939 925 4000 illos,
935 3937 988 3994 sed
1002 3950 1162 3992 evocemus
1174 3950 1192 3988 e
1204 3946 1295 3990 coetu

165 4033 267 4077 unum
277 4022 302 4078 ι’·
319 4021 559 4082 etevocavaus.
569 4030 677 4074 etcum
687 4020 738 4073 illo
748 4019 933 4079 secessimus,
943 4029 973 4072 et
983 4017 1076 4072 locuti
1087 4030 1190 4069 sumus
1199 4015 1295 4078 variat

170 4111 213 4154 et
223 4102 268 4158 llle
280 4101 476 4159 confirmabat
488 4099 614 4171 singula.
627 4114 722 4170 usque
735 4108 769 4151 ut
781 4113 902 4168 prorsus
914 4106 1090 4167 apparerent
1102 4093 1180 4149 sicut
1192 4109 1272 4151 vera.
