2782 5026
147 307 208 374 25²
493 307 676 358 ncrrcms
698 306 923 362 snrrsnmnr

146 488 244 541 tenet
278 477 534 543 inclinationem
568 481 655 544 sicut
684 483 845 546 trutinam
874 484 907 546 in
938 483 1086 561 bilance,
1115 495 1149 550 et
1175 485 1224 550 lac
1251 460 1301 528 ΨΧ

145 574 412 655 superpondium
426 575 612 638 secundum
626 577 694 640 veri
710 578 834 641 amoris
845 581 1173 661 appropriationem:
1194 541 1317 644 3er

145 667 223 748 quia
239 669 392 730 accessio
409 670 452 731 ad
469 670 557 732 hunc
572 691 722 734 amorem
735 692 810 736 raro
824 671 925 735 hodie
938 672 977 737 fit
995 675 1059 737 nisi
1075 675 1118 737 ad
1133 648 1331 757 aliqud

146 780 277 841 passus,
303 763 381 826 ideo
405 764 498 826 scala
525 767 743 847 superpondii
770 767 999 831 inclinationis
1024 778 1061 832 ut
1084 755 1343 854 plurimurfjss

146 854 280 919 attollit
300 878 336 919 se
356 857 398 920 ad
418 861 670 941 aequationem,
691 870 726 924 et
749 881 794 924 ex
817 861 880 923 hac
903 870 1006 924 nutat
1030 871 1065 925 et
1087 863 1265 944 protendit
1293 841 1352 906 'l

145 952 190 1014 ad
212 952 358 1017 alteram
383 962 526 1034 partem,
549 954 615 1017 hoc
639 964 704 1030 est,
728 955 772 1018 ad
794 953 1000 1037 conjugium.
1046 948 1362 1037 Contrariunffl

145 1056 199 1110 est
216 1048 306 1129 apud
330 1047 407 1110 illos
426 1068 567 1131 quorum
586 1069 681 1112 amor
700 1050 907 1131 praecedens
929 1051 963 1114 in
983 1051 1144 1133 conjugio
1161 1046 1366 1133 prior'f'¹¹

145 1143 189 1206 ab
207 1163 324 1206 amore
342 1164 422 1205 vere
438 1143 620 1225 conjugiali
637 1146 798 1221 recessit3
822 1155 1005 1218 causaest,
1022 1147 1100 1228 quia
1115 1140 1369 1208 recessi00⁰

146 1238 190 1300 ab
208 1236 268 1301 illo
285 1238 319 1300 in
339 1237 440 1301 simili
458 1240 567 1319 gradu
585 1248 640 1302 est
658 1235 837 1320 disjunctio
854 1239 1032 1313 mentium,
1052 1260 1139 1322 quae
1157 1233 1371 1302 etiamn-¹1¹

146 1333 179 1395 in
199 1333 271 1396 vita
289 1333 441 1414 corporis
461 1335 556 1396 unius
575 1345 692 1397 manet
711 1343 789 1417 post
805 1333 935 1397 obitum
952 1332 1105 1408 alterius,
1122 1343 1159 1397 et
1177 1329 1373 1396 haecoc

146 1428 254 1490 intrat
274 1427 491 1490 voluntatem
511 1427 555 1490 ab
572 1426 713 1491 alterius
732 1423 945 1509 disjunctam,
964 1438 1001 1491 et
1019 1427 1100 1491 iacit
1118 1427 1255 1491 inclina·
1272 1443 1346 1466 κ
1361 1435 1374 1448 ·

146 1523 276 1586 tionem
293 1522 337 1584 ad
353 1519 627 1602 conjunctionem
647 1542 771 1586 novam
786 1543 794 1599 ;
818 1542 879 1604 pro
896 1542 963 1604 qua
981 1522 1151 1602 cogitatio
1166 1521 1257 1584 illata
1274 1515 1377 1574 Β

146 1617 191 1680 ab
214 1616 437 1680 inclinatione
460 1617 650 1680 voluntatis
673 1617 773 1680 iniert
796 1636 892 1698 spem
915 1618 959 1680 de
982 1617 1139 1691 unitiore,
1156 1625 1191 1680 et
1213 1617 1256 1678 sic
1292 1607 1377 1665 9²

141 1710 342 1795 jucundiore
365 1711 635 1775 cohabitatione.
682 1710 783 1793 Quod
806 1710 1044 1774 inclinationes
1071 1711 1115 1774 ad
1139 1712 1259 1774 iterata
1295 1702 1382 1760 β

146 1805 304 1887 conjugia
324 1806 465 1869 trahunt
484 1826 581 1868 suum
601 1816 712 1870 ortum
732 1827 777 1869 ex
795 1814 890 1868 statu
908 1805 1148 1887 praecedentis
1165 1825 1257 1869 amo·
1312 1807 1387 1922 Ξ

146 1901 201 1975 ris,
220 1911 340 1963 notum
357 1910 421 1975 est,
436 1911 471 1963 et
485 1921 617 1983 quoque
634 1901 721 1963 ratio
737 1899 801 1963 hoc
817 1899 931 1975 videt;
956 1901 1062 1963 amori
1077 1901 1168 1963 enim
1184 1920 1258 1963 vere
1326 1910 1387 1939 ό*

147 1995 329 2076 conjugiali
349 1996 439 2058 inest
459 1996 562 2058 timor
576 1992 739 2076 jacturae,
759 2002 795 2057 et
819 2003 897 2075 post
912 1989 1078 2075 jadturam
1097 1994 1206 2066 dolor,
1224 2004 1259 2056 et
1385 1985 1391 2007 '

147 2089 202 2153 hic
222 2090 374 2152 doloret
395 2089 452 2152 ille
472 2091 573 2152 timor
593 2098 646 2151 est
665 2089 697 2150 in
722 2088 803 2170 ipsis
826 2087 952 2151 intimis
971 2089 1160 2165 mentium;
1183 2088 1259 2151 inde
1374 2078 1388 2085 ‘

146 2193 211 2258 est,
231 2185 322 2266 quod
341 2194 506 2266 quantum
526 2205 571 2246 ex
591 2183 650 2246 illo
669 2201 785 2246 amore
807 2182 905 2255 inest,
926 2191 1061 2245 tantum
1079 2182 1193 2245 anima
1210 2182 1259 2244 in·

146 2277 253 2341 clinet
270 2287 306 2341 et
325 2277 507 2341 voluntate
526 2289 561 2340 et
585 2278 809 2358 cogitatione,
830 2276 894 2340 hoc
918 2285 983 2351 est,
1003 2276 1209 2350 intentione,
1225 2286 1260 2338 ut

147 2372 248 2435 sitin
272 2369 424 2453 subjecto
447 2392 524 2435 cum
548 2393 615 2454 quo
638 2381 673 2435 et
703 2372 735 2434 in
759 2392 826 2453 quo
848 2370 929 2448 suit;
953 2391 999 2433 ex
1021 2369 1075 2433 his
1097 2370 1259 2452 sequitur,

146 2467 236 2548 quod
258 2487 354 2530 mens
373 2468 406 2529 in
426 2466 510 2529 libra
529 2476 688 2529 teneatur
703 2466 746 2528 ad
765 2464 909 2528 alterum
929 2463 1121 2547 conjugium
1140 2484 1260 2528 secun·

147 2561 227 2622 dum
244 2562 388 2640 gradum
404 2562 528 2623 amoris
545 2561 579 2623 in
595 2581 662 2642 quo
677 2559 738 2622 fuit
755 2560 788 2622 in
805 2556 924 2641 priori3
949 2579 995 2620 ex
1009 2558 1075 2621 hoc
1091 2567 1157 2633 est,
1171 2558 1260 2640 quod

147 2663 226 2736 post
252 2666 398 2717 mortem
423 2656 524 2718 iidem
548 2655 756 2728 reuniantur,
775 2672 814 2716 ac
838 2652 994 2715 similiter
1015 2661 1053 2714 ut
1076 2653 1110 2715 in
1134 2654 1261 2715 mundo

147 2768 183 2810 se
203 2758 322 2811 mutuo
342 2759 476 2811 ament:
501 2750 573 2822 sed,
594 2757 631 2811 ut
653 2745 899 2830 supradictum
922 2755 985 2821 est,
1005 2746 1108 2809 hodie
1127 2757 1182 2810 est
1205 2747 1262 2810 ille

146 2861 369 2917 amorraeus,
394 2853 429 2905 et
453 2854 532 2905 sunt
555 2843 653 2924 pauci
676 2842 732 2924 qui
755 2841 864 2923 digito
887 2841 1062 2922 attingunt
1085 2840 1202 2918 illum;
1226 2852 1261 2904 et

146 2936 193 2999 illi
213 2937 269 3019 qui
289 2956 356 2998 non
376 2938 564 3018 attingunt,
585 2944 620 2999 et
640 2936 715 3018 plus
734 2935 789 3018 qui
808 2935 852 2998 ab
870 2934 930 2998 illo
948 2934 1064 3016 procul
1084 2936 1261 3009 recedunt,

145 3031 181 3094 hi
197 3032 284 3094 sicut
301 3033 500 3112 cupiverunt
515 3033 766 3112 separationem
783 3031 816 3093 in
829 3031 901 3092 vita
916 3039 1076 3092 consorte
1088 3028 1262 3102 anteacta,

146 3147 232 3208 quae
251 3125 373 3205 frigida
391 3126 464 3198 fuit,
484 3127 533 3188 ita
555 3137 634 3207 post
654 3135 800 3188 mortem
824 3124 963 3206 cupiunt
986 3121 1263 3202 conjunctionem

145 3240 223 3284 cum
246 3220 313 3283 alia
337 3241 396 3282 seu
419 3220 496 3283 alio.
549 3219 616 3283 Sed
640 3220 683 3283 de
706 3220 758 3283 his
781 3229 816 3283 et
839 3218 905 3283 illis
928 3217 1023 3299 plura
1052 3219 1086 3280 in
1116 3238 1265 3302 sequen·

145 3317 247 3380 tibus.

207 3424 307 3491 319.
339 3407 401 3491 (ii.)
428 3408 526 3486 Quod
532 3418 612 3489 pest
626 3418 763 3471 mortem
779 3406 924 3490 consiegr's
939 3406 1058 3470 iterum
1068 3407 1267 3470 contrahere

144 3504 394 3567 matrimonium
413 3504 592 3583 dependeat
608 3504 708 3566 etaiam
724 3525 745 3565 a
760 3512 853 3565 statu
869 3501 1018 3586 conyngie‘,
1036 3501 1072 3564 in
1087 3522 1151 3582 que
1168 3502 1265 3564 vixe-

144 3598 342 3661 rant-Per
355 3608 484 3660 statum
498 3595 645 3678 conjugii
662 3617 730 3660 non
747 3597 801 3660 hic
820 3596 1025 3677 intelligitur
1039 3604 1153 3658 status
1166 3615 1266 3659 amo·

144 3694 199 3768 ris,
220 3695 263 3756 de
282 3713 350 3775 quo
369 3693 402 3755 in
422 3694 654 3755 antecedente
673 3691 830 3766 articulo,
850 3693 927 3773 quia
945 3690 999 3753 hic
1018 3689 1099 3753 sacit
1118 3690 1265 3755 inclina·

145 3789 274 3851 tionem
294 3790 462 3850 internam
482 3788 525 3849 ad
549 3787 744 3868 conjugium
763 3796 821 3850 aut
842 3807 863 3849 a
881 3784 1049 3866 conjugio,
1070 3785 1131 3847 sed
1149 3795 1267 3849 status

145 3881 303 3962 conjugii,
324 3883 379 3963 qui
398 3881 478 3944 facit
498 3881 756 3944 inclinationem
775 3889 955 3944 externam
974 3879 1019 3942 ad
1037 3879 1121 3942 illud
1140 3890 1202 3944 aut
1220 3882 1267 3944 ab

143 3974 222 4053 illo;
246 3975 354 4039 ethic
372 3986 484 4038 status
500 3996 576 4039 cum
596 3977 664 4038 suis
687 3975 964 4039 inclinationibus
979 3983 1033 4036 est
1052 3974 1263 4056 multiplex:

143 4068 318 4143 sicut,-1.
343 4069 378 4132 Si
405 4069 552 4132 infantes
579 4071 612 4132 in
639 4072 744 4133 domo
770 4079 861 4144 sunt,
885 4078 920 4132 et
942 4067 1009 4132 illis
1036 4088 1127 4132 nova
1153 4078 1267 4133 mater

143 4162 382 4242 prospicienda
397 4174 461 4225 est.
507 4180 535 4225 2.
560 4163 594 4226 Si
610 4164 757 4227 infantes
773 4164 883 4225 adhuc
900 4162 1011 4244 plures
1024 4162 1058 4223 in
1070 4171 1155 4225 voto
1170 4172 1263 4226 sunt.

145 4269 173 4333 3.
198 4254 233 4318 Si
256 4258 378 4318 domus
401 4257 516 4340 ampla
538 4268 602 4343 est,
627 4278 666 4320 ac
696 4255 861 4320 instructa
887 4254 1060 4319 famulitiis
1088 4257 1263 4340 utriusque
