2782 5026
376 460 429 512 DE
450 455 923 525 AltonucortJuc1AL1.-n.
947 458 1015 524 123.
1203 457 1261 524 103

136 650 241 705 amor,
256 628 428 703 charitas,
444 638 477 692 et
492 628 599 692 omnis
614 625 904 711 effraim-Quod
922 648 1005 693 vera
1021 636 1059 692 et
1080 627 1173 693 bona
1191 629 1260 694 sint

132 725 250 810 proles
266 724 476 808 spirituales,
488 745 576 806 quae
590 733 777 789 nascuntur
791 745 813 788 a
828 724 980 788 Domino
993 744 1053 806 per
1064 723 1258 799 ecclesiam,

131 830 189 886 est
207 821 288 903 quia
308 820 479 883 Dominus
502 829 556 883 est
580 821 691 902 ipsum
714 819 849 884 Bonum
872 830 908 884 et
931 821 1040 902 ipsum
1061 819 1202 892 Verum,
1223 830 1259 884 et

125 917 220 980 haec
240 916 275 980 in
295 915 378 997 Ipso
398 934 467 978 non
486 925 566 979 sunt
585 916 654 979 duo
672 916 734 980 sed
753 935 868 990 unum,
889 925 962 979 tum
981 916 1060 997 quia
1079 934 1149 978 non
1168 914 1260 978 aliud

126 1034 155 1075 a
175 1012 327 1075 Domino
346 1020 465 1093 potest
485 1011 683 1093 procedere,
703 1030 805 1093 quam
824 1012 859 1074 id
878 1011 969 1094 quod
991 1012 1025 1074 in
1045 1011 1127 1093 Ipso
1146 1021 1200 1074 est
1222 1022 1258 1076 et

127 1107 215 1189 Ipse
228 1117 294 1170 est.
335 1103 439 1187 Quod
449 1104 643 1187 conjugium
656 1105 738 1170 boni
749 1116 786 1169 et
797 1107 869 1170 veri
881 1105 1046 1188 procedat
1058 1126 1080 1169 a
1095 1105 1257 1179 Domino,

123 1212 172 1265 et
194 1201 315 1265 influat
339 1201 430 1284 apud
452 1200 620 1275 homines,
644 1221 684 1265 ac
711 1203 895 1283 recipiatur
917 1202 1103 1265 secundum
1127 1210 1258 1264 statum

125 1298 265 1359 :nentis
287 1306 324 1360 et
346 1297 440 1360 vitae
463 1296 599 1359 illorum
623 1297 679 1379 qui
702 1297 747 1360 ab
776 1297 925 1361 ecclesia
947 1307 1038 1369 sunt,
1059 1297 1093 1358 in
1117 1315 1258 1377 praece·

121 1391 242 1455 dente
255 1389 489 1456 transactione
504 1391 548 1455 de
563 1389 733 1473 Conjugio
749 1392 830 1456 boni
849 1401 884 1454 et
902 1391 983 1465 veri,
1000 1401 1175 1455 ostensum
1191 1401 1257 1455 est.

126 1484 239 1569 Quod
259 1506 320 1568 per
338 1507 419 1550 vera
437 1487 565 1551 homini
584 1487 628 1551 sit
648 1484 858 1560 intellectus,
879 1488 1066 1569 perceptio,
1084 1497 1121 1550 et
1144 1487 1256 1550 omnis

125 1583 315 1664 cogitatio,
333 1592 368 1646 et
385 1603 445 1664 per
459 1582 551 1646 bona
566 1603 674 1658 amor,
690 1583 841 1647 charitas
857 1592 893 1647 et
909 1583 1020 1646 omnis
1038 1580 1184 1656 affectio,
1201 1591 1256 1646 est

124 1678 213 1759 quia
236 1678 353 1740 omnia
371 1677 519 1741 hominis
546 1698 583 1741 se
607 1678 756 1742 referunt
779 1679 823 1741 ad
847 1696 964 1741 verum
988 1687 1024 1741 et
1047 1678 1195 1754 bonum3
1219 1686 1255 1740 et

124 1772 203 1834 «luo
218 1782 299 1834 sunt
318 1772 352 1834 in
370 1771 520 1846 homine,
537 1793 625 1854 quae
643 1773 772 1837 faciunt
792 1772 899 1845 illum,
917 1771 1079 1835 voluntas
1097 1782 1133 1836 et
1152 1771 1257 1836 intel·
1306 1786 1310 1793 '

134 1863 255 1940 lectus,
275 1886 316 1929 ac
340 1866 502 1930 voluntas
525 1877 579 1933 est
602 1867 859 1949 receptaculum
882 1868 975 1943 boni,
999 1877 1035 1931 et
1059 1865 1257 1932 intelledtus

128 1971 188 2025 est
204 1961 461 2044 receptaculum
480 1964 569 2027 veri:
594 1962 685 2045 quod
701 1963 892 2028 voluntatis
909 1964 1045 2046 propria
1061 1964 1130 2028 sint
1148 1983 1255 2037 amor,

129 2056 286 2120 charitas
309 2068 346 2121 et
379 2055 524 2132 affectio,
548 2067 584 2122 et
607 2056 804 2122 intellectus
827 2060 963 2141 propria
985 2060 1054 2123 sint
1079 2061 1257 2142 perceptio

130 2161 171 2215 et
188 2154 369 2234 cogitatio.
389 2172 457 2216 non
476 2173 561 2235 opus
576 2152 682 2217 habet
698 2153 774 2217 luce
788 2174 834 2217 ex
853 2155 1161 2229 demonstratione,
1178 2155 1256 2237 quia

135 2245 193 2311 lux
212 2248 289 2311 huic
310 2247 415 2312 effato
434 2249 524 2312 inest
544 2249 588 2312 ab
607 2250 682 2330 ipso
701 2246 892 2313 intellectu.

197 2359 288 2411 m·
313 2341 376 2425 (v.)
403 2342 499 2420 Quod
515 2365 558 2406 ex
574 2343 725 2429 conjugio
744 2343 822 2407 boni
839 2354 873 2408 et
893 2343 976 2419 veri,
996 2343 1087 2426 quod
1102 2343 1256 2425 procedit

139 2437 326 2513 uDomino,
345 2448 378 2501 et
395 2437 515 2522 eastun,
534 2438 630 2501 homo
647 2439 789 2519 receptat
805 2460 931 2514 verum,
951 2449 983 2503 rt
999 2438 1162 2502 Dominus
1180 2437 1256 2501 huri

139 2537 312 2618 conjungat
333 2532 474 2607 bonum,·
499 2543 532 2597 et
552 2535 643 2616 quod
660 2535 709 2598 sic
727 2534 862 2599 ecclesia
875 2535 1048 2615 sormtur
1069 2555 1092 2597 a
1112 2533 1254 2597 Domino

95 2624 105 2631 ’
140 2627 227 2707 apud
240 2627 562 2711 hominem-Quod
591 2630 696 2694 homo
724 2650 770 2693 ex
801 2630 894 2694 bono
923 2640 959 2695 et
986 2651 1079 2706 vero,
1099 2649 1188 2712 quae
1217 2637 1254 2692 ut

140 2741 235 2785 unum
253 2723 447 2806 procedunt
470 2744 491 2787 a
513 2724 674 2800 Domino,
695 2727 838 2809 recipiat
858 2745 986 2801 verum,
1007 2737 1062 2791 est
1084 2725 1164 2807 quia
1186 2721 1253 2786 hoc

140 2818 251 2901 recipit
272 2828 309 2884 ut
333 2838 442 2893 suum,
462 2839 502 2883 ac
524 2822 725 2903 appropriat
742 2822 807 2885 sibi
829 2832 867 2885 ut
891 2840 1000 2895 suum,
1021 2840 1100 2884 narn
1119 2819 1253 2900 cogitat

140 2909 214 2976 illud
229 2915 319 2978 sicut
336 2935 358 2978 a
373 2935 421 2990 se,
436 2925 472 2979 et
488 2915 641 2979 similiter
657 2915 806 2999 loquitur
821 2938 866 2980 ex
883 2916 963 2992 illo;
987 2925 1024 2979 et
1039 2915 1105 2979 hoc
1122 2914 1160 2978 fit
1176 2914 1254 2997 quia

139 3024 247 3071 verum
263 3020 318 3074 est
334 3011 368 3072 in
388 3009 463 3073 luce
479 3007 687 3085 intellectus,
703 3021 739 3075 et
755 3011 834 3075 inde
850 3012 945 3074 videt
961 3009 1045 3073 illud
1060 3031 1068 3087 ;
1091 3019 1128 3074 et
1144 3009 1252 3093 quod·

140 3120 264 3187 cunque
282 3105 378 3169 videt
402 3106 435 3168 in
458 3124 506 3177 se,
526 3125 586 3168 seu
609 3106 643 3168 in
667 3126 728 3168 sua
750 3116 879 3180 mente,
899 3125 968 3168 non
988 3106 1054 3169 scit
1074 3104 1164 3168 unde
1186 3114 1251 3177 est,

140 3201 313 3263 nonenim
337 3201 430 3265 videt
454 3200 631 3275 influxum,
655 3202 743 3264 sicut
766 3200 825 3264 illa
848 3222 934 3284 quae
965 3201 999 3263 in
1029 3201 1139 3263 visum
1162 3199 1252 3263 oculi

140 3291 296 3369 incidunt,
314 3296 393 3360 inde
409 3298 567 3379 opinatur
582 3295 673 3378 quod
690 3296 735 3359 sit
750 3297 784 3359 in
801 3317 848 3360 se.
889 3295 992 3378 Quod
1010 3296 1058 3360 ita
1074 3302 1251 3377 appareat,

139 3386 251 3452 datum
274 3400 328 3453 est
351 3390 479 3454 homini
508 3410 529 3454 a
559 3390 720 3465 Domino,
741 3400 778 3454 ut
808 3393 852 3456 sit
882 3391 998 3464 homo,
1019 3401 1124 3473 utque
1147 3390 1192 3454 sit
1222 3389 1252 3452 ei

140 3487 342 3568 reciprocum
361 3484 617 3567 conjunctionis.
663 3486 825 3560 Accedit,
845 3487 937 3569 quod
961 3486 1067 3551 homo
1086 3495 1187 3549 natus
1206 3485 1250 3548 sit

139 3578 276 3644 facultas
296 3580 686 3664 sciendi,·intelligendi,
706 3592 742 3646 et
762 3583 927 3665 sapiendi,
944 3593 981 3648 et
1000 3582 1086 3646 haec
1105 3579 1252 3656 facultas

141 3677 250 3760 recipit
270 3697 361 3750 vera,
381 3696 441 3758 per
459 3697 546 3759 quae
564 3678 595 3741 ei
614 3679 770 3752 scientia,
790 3677 1035 3760 intelligentia,
1056 3688 1092 3742 et
1115 3677 1252 3758 sapien·

140 3771 195 3833 tia:
220 3781 257 3836 et
276 3773 355 3855 quia
372 3770 497 3834 semina
515 3783 632 3837 creata
651 3783 706 3836 est
730 3793 790 3855 per
812 3793 929 3837 verum
949 3774 1101 3846 masculi,
1121 3784 1157 3837 et
1182 3770 1247 3834 lor-

141 3877 243 3931 natur
260 3868 294 3931 in
314 3885 466 3930 amorem
485 3867 556 3948 ejus
576 3867 651 3950 plus
669 3878 705 3931 et
724 3867 801 3951 plus
818 3879 896 3951 post
916 3869 1120 3950 conjugium,
1138 3869 1246 3951 sequi·

140 3968 186 4025 tur
206 3963 299 4046 quod
318 3962 404 4025 haec
423 3963 529 4025 etiam
548 3965 691 4045 recipiat
710 3982 827 4027 verum
847 3964 960 4028 mariti
983 3965 1016 4027 in
1040 3983 1088 4037 se,
1108 3972 1144 4026 et
1166 3983 1243 4026 con·

139 4053 250 4141 jungat
269 4058 354 4124 illud
374 4077 451 4121 cum
470 4079 533 4122 suo
551 4059 653 4122 bono.

192 4170 282 4239 123.
315 4153 418 4236 Quod
443 4154 611 4218 Dominus
626 4155 727 4227 veris,
746 4175 834 4238 quae
852 4154 958 4218 homo
976 4153 1108 4235 recipit,
1129 4150 1241 4233 adjun-

140 4258 191 4325 gat
204 4261 240 4316 et
257 4250 446 4332 conjungat
463 4250 602 4325 bonum,
616 4261 670 4314 est
686 4251 766 4334 quia
782 4251 886 4314 homo
903 4269 971 4313 non
985 4259 1103 4332 potest
1115 4267 1249 4311 sumere

141 4336 253 4410 bonum
283 4347 374 4410 sicut
402 4366 422 4408 a
451 4365 499 4419 se,
530 4355 584 4409 est
615 4347 705 4410 enim
735 4364 852 4410 coram
885 4344 946 4407 illo
969 4344 1249 4425 inconspicuum

140 4452 226 4508 causa
245 4450 312 4519 est,
327 4441 410 4529 quia
428 4459 497 4504 non
516 4451 570 4507 est
588 4440 683 4520 lucis,
700 4441 762 4506 sed
779 4439 912 4517 caloris,
929 4447 965 4503 et
980 4438 1074 4504 calor
1089 4437 1248 4513 sentitur,
