2782 5026
129 418 192 485 330
457 415 706 470 VOLUPTATES
728 416 914 471 msnmnn

127 588 316 653 varietates
332 588 634 665 immunditiarum,
650 590 686 655 in
702 611 789 675 quas
807 590 969 658 lasciviae
984 595 1242 661 scortationum,

127 684 208 748 dum
224 685 258 748 in
274 704 353 747 suas
369 686 692 767 correspondentias
707 687 847 760 abeunt.
861 698 1060 753 vertuntur:
1085 701 1123 756 et
1137 695 1273 758 varies

128 788 223 843 tates
237 787 318 844 sunt
334 780 521 844 secundum
537 799 665 862 genera
683 792 719 845 et
738 783 871 864 species
887 783 1032 858 illarum,
1048 805 1138 867 quae
1151 788 1261 852 vider
1279 784 1295 799 ‘

128 883 232 938 antur
259 875 293 936 in
317 874 549 956 sequentibus,
574 875 630 939 ubi
652 877 767 957 agitur
786 875 830 940 de
852 877 1031 942 adulteriis
1053 890 1091 944 et
1114 880 1239 947 illomm
1281 894 1303 921 ³

128 968 312 1049 gradibus;
339 980 393 1032 ast
416 989 436 1032 a
455 966 612 1050 jucundis
635 971 761 1034 amoris
783 969 918 1035 illorum
941 974 998 1055 qui
1022 976 1241 1057 resipuerunt.

128 1081 198 1126 non
212 1063 301 1127 tales
314 1061 552 1127 immunditiae
564 1074 707 1139 exeunt,
719 1065 798 1149 quia
812 1066 846 1128 in
861 1067 989 1130 mundo
1004 1069 1050 1131 ab
1062 1069 1133 1133 illis
1144 1069 1244 1135 lavati

128 1166 220 1221 sunt.

193 1265 291 1336 ⁴3¹·
328 1248 415 1333 (vii.)
451 1248 550 1328 Quod
574 1250 735 1316 similiter
763 1252 968 1317 immundum
994 1255 1032 1319 ἐκ
1052 1256 1199 1333 eeclesiis,
1218 1268 1248 1322 et

127 1346 287 1410 mundum
305 1345 519 1410 ibi—Causa
538 1355 604 1421 est,
621 1349 701 1430 quia
715 1347 864 1412 ecclesia
879 1358 933 1413 est
948 1370 1094 1431 regnum
1113 1352 1248 1419 Domini

127 1441 161 1505 in
182 1442 281 1505 terris
300 1441 575 1524 correspondens
593 1461 702 1524 regno
722 1442 832 1524 Ipsius
854 1443 888 1506 in
907 1444 1035 1522 caelis;
1059 1457 1096 1510 et
1116 1468 1249 1532 quoque

129 1534 297 1600 Dominus
313 1535 491 1618 conjungit
508 1535 577 1610 illa.
595 1545 632 1598 ut
649 1536 776 1600 iaciant
795 1556 918 1600 unum:
943 1538 1129 1622 distinguit
1146 1545 1250 1608 etiam

128 1630 206 1694 illos
225 1631 281 1713 qui
304 1630 350 1693 ibi
369 1640 460 1705 sunt,
484 1630 574 1694 sicut
593 1631 775 1713 distinguit
794 1630 928 1695 caelum
953 1641 989 1696 et
1012 1633 1195 1714 infernum,
1214 1648 1250 1702 et

129 1725 309 1807 distinguit
328 1725 517 1788 secundum
536 1744 692 1803 amores;
715 1725 775 1798 illi,
795 1726 851 1808 qui
874 1726 908 1788 in
928 1727 1111 1810 impudicis
1130 1741 1168 1795 et
1190 1733 1251 1796 ob-

128 1821 240 1883 scenis
259 1818 417 1901 jucundis
438 1820 566 1883 amoris
588 1819 785 1885 scortatorii
808 1829 899 1893 sunt,
923 1821 1124 1889 adsciscunt
1148 1826 1193 1890 ad
1215 1846 1251 1890 se

129 1913 257 1978 similes
276 1933 321 1978 ex
337 1914 487 1991 inferno;
511 1924 548 1978 at
567 1913 627 1988 illi,
644 1915 700 1997 qui
720 1914 753 1977 in
770 1914 901 1996 pudicis
916 1923 952 1978 et
972 1919 1080 1981 castis
1094 1917 1253 2000 jucundis

129 2010 256 2073 amoris
285 2007 489 2090 conjugialis
521 2018 611 2083 sunt,
636 2028 656 2072 a
693 2008 843 2072 Domino
872 2011 1089 2076 associantur
1118 2014 1253 2097 angelis

130 2103 295 2166 similibus
314 2125 333 2167 e
355 2103 471 2167 caelo:
497 2103 530 2166 hi
554 2103 669 2185 angeli
692 2102 838 2178 illorum,
858 2103 939 2168 dum
962 2107 1053 2188 apud
1076 2107 1252 2174 hominem

130 2199 274 2263 adstant
300 2196 467 2262 adulteris
499 2219 545 2262 ex
575 2196 781 2262 confirmato
809 2207 845 2262 et
876 2201 1068 2281 proposito,
1096 2205 1253 2268 sentiunt

129 2292 369 2376 graveolentia
398 2292 458 2356 illa
487 2291 546 2374 (de
575 2292 695 2375 quibus
722 2311 835 2373 supra,
859 2312 892 2356 n.
920 2294 1014 2376 430),
1045 2304 1082 2358 et
1112 2297 1252 2379 paulum

129 2389 307 2453 recedunt.
354 2388 498 2469 Propter
515 2386 857 2468 correspondentiam
875 2408 1077 2469 spurcorum
1097 2410 1253 2456 amorum

131 2503 208 2548 cum
228 2483 434 2548 stercoribus
450 2492 486 2546 et
506 2484 632 2556 caenis,
653 2482 855 2545 mandatum
874 2492 928 2546 est
947 2481 1035 2546 lilius
1054 2484 1207 2564 Israelis,
1246 2523 1249 2538 =

182 2613 220 2665 Ut
234 2613 339 2663 clavum
352 2613 423 2676 apud
438 2627 468 2662 se
482 2612 658 2675 terrentque
673 2621 796 2673 tegerent
808 2623 1010 2662 excrementum
1024 2628 1113 2672 suurn,
1126 2630 1162 2665 ne
1176 2614 1256 2681 Jelro·

262 2680 314 2728 vah
327 2679 399 2728 Deus
408 2678 551 2728 ambulans
564 2679 591 2726 in
602 2678 692 2726 medio
702 2687 852 2726 castrorum
866 2679 972 2727 illorum
983 2679 1088 2729 videret
1103 2682 1254 2735 nuditatem

262 2745 308 2802 rei,
320 2755 348 2794 et
360 2754 539 2795 reverteretur
550 2744 654 2804 (Deurr.
666 2743 739 2792 xxiii.
756 2755 793 2803 14,
809 2744 866 2803 15);

131 2859 196 2924 hoc
214 2860 415 2923 mandatum
431 2867 497 2933 est,
511 2859 590 2941 quia
605 2867 720 2922 castra
735 2856 880 2920 filiorum
898 2856 1034 2922 Israelis
1051 2879 1255 2942 repraesen-

131 2955 255 3019 tabant
275 2954 470 3028 ecclesiam‚
488 2973 527 3017 ac
547 2953 723 3016 immunda
741 2952 800 3015 illa
816 2953 1135 3035 correspondebant
1152 2954 1254 3021 lasci·

131 3051 182 3113 vis
196 3050 447 3113 scortationum
462 3069 470 3126 ;
494 3056 530 3112 et
550 3068 610 3130 per
624 3047 819 3129 “Jehovam
837 3047 948 3110 Deum
960 3047 1201 3114 ambulantem
1220 3051 1254 3115 in

131 3146 246 3210 medio
265 3156 455 3209 castrorum
476 3142 637 3208 illorum”
656 3142 915 3224 significabatur
931 3145 1127 3225 praesentia
1143 3145 1255 3228 Ipsius

129 3258 208 3304 cum
232 3239 384 3321 angelis;
412 3239 504 3322 quod
529 3237 747 3319 “tegerent''
765 3246 840 3301 erat
863 3257 977 3312 causa,
997 3239 1076 3320 quia
1100 3237 1197 3303 tedia
1219 3250 1256 3305 et

129 3334 271 3399 occlusa
283 3344 362 3398 sunt
375 3336 491 3396 omnia
503 3332 563 3396 illa
580 3332 657 3396 loca
672 3333 705 3395 in
722 3331 865 3406 inferno,
880 3332 935 3395 ubi
951 3342 1113 3396 catervae
1129 3332 1254 3399 talium

130 3430 274 3512 degunt,
299 3449 404 3512 quare
430 3429 535 3493 etiam
558 3427 693 3501 dicitur,
716 3432 788 3490 “ne
812 3427 1006 3490 nuditatem
1033 3427 1080 3490 rei
1104 3427 1257 3493 videat.’'

130 3522 232 3606 Quod
246 3524 362 3588 omnia
376 3522 452 3586 loca
467 3523 501 3586 in
517 3521 650 3585 inferno
662 3520 801 3585 occlusa
814 3521 894 3595 sint,
908 3521 1027 3584 datum
1041 3529 1097 3584 est
1112 3520 1233 3586 videre
1246 3543 1255 3599 ;

129 3629 166 3683 et
189 3638 323 3702 quoque
345 3618 437 3701 quod
467 3635 544 3680 cum
574 3617 792 3696 aperirentur,
817 3615 909 3698 quod
936 3611 1063 3679 iactum
1090 3623 1145 3679 est
1174 3634 1256 3681 cunr

129 3735 239 3779 novus
262 3714 412 3777 daemon
435 3712 600 3785 lntrabat,
611 3709 979 3792 ¹¹¹ta1egrave01entum
1002 3709 1083 3773 inde
1105 3708 1254 3775 exhala-

129 3821 204 3875 tum
223 3811 280 3884 sit,
301 3819 338 3872 ut
357 3807 545 3891 gravedine
563 3805 740 3868 infestaret
760 3813 918 3868 ventrem
937 3823 1071 3880 meum;
1099 3814 1136 3867 et
1158 3806 1255 3887 quod

129 3904 283 3970 mirabile
302 3913 369 3979 est,
389 3911 530 3985 putores
553 3900 601 3963 illi
626 3906 705 3963 sunt
728 3898 795 3962 illis
817 3899 867 3962 ita
885 3897 1026 3979 jucundi
1049 3899 1139 3961 sicut
1160 3908 1254 3964 ster·

128 4021 209 4066 cora
231 4008 311 4063 sunt
336 3998 458 4081 porcis.
504 3995 560 4058 Ex
584 3995 637 4058 his
659 4004 771 4076 patet,
791 3993 966 4077 quomodo
983 3993 1254 4075 intelligendum

127 4106 192 4170 est,
210 4095 302 4178 quod
318 4092 530 4157 immundum
550 4092 583 4153 in
598 4090 747 4159 ecclesia
765 4090 811 4152 sit
830 4109 876 4152 ex
895 4108 1013 4152 amore
1030 4090 1254 4167 scortatorio,

128 4201 164 4255 et
183 4191 275 4273 quod
294 4189 458 4253 mundum
477 4188 523 4250 ibi
542 4187 586 4250 sit
606 4206 651 4248 ex
670 4203 788 4248 amore
807 4183 1001 4265 conjugiali.

189 4300 287 4369 432.
313 4282 412 4365 (viii.)
439 4281 537 4360 Quod
550 4301 646 4343 amor
666 4278 884 4343 scortatorr'us
897 4277 977 4358 plus
995 4287 1028 4340 et
1045 4278 1128 4361 plus
1137 4279 1258 4359 faciat

126 4379 288 4444 hominem
310 4399 373 4442 non
391 4377 556 4442 hominem
578 4384 611 4438 et
632 4375 745 4438 virum
767 4394 830 4437 non
852 4373 973 4448 virum,
991 4382 1024 4436 et
1045 4374 1138 4456 quod
1155 4395 1255 4441 amor
