<?xml version="1.0" encoding="UTF-8"?>
<!DOCTYPE html PUBLIC "-//W3C//DTD XHTML 1.0 Transitional//EN"
    "http://www.w3.org/TR/xhtml1/DTD/xhtml1-transitional.dtd">
<html xmlns="http://www.w3.org/1999/xhtml" xml:lang="en" lang="en">
 <head>
  <title>
</title>
<meta http-equiv="Content-Type" content="text/html;charset=utf-8" />
  <meta name='ocr-system' content='tesseract 3.04.00' />
  <meta name='ocr-capabilities' content='ocr_page ocr_carea ocr_par ocr_line ocrx_word'/>
</head>
<body>
  <div class='ocr_page' id='page_1' title='image "./deliciaesapient00swedgoog_0314.png"; bbox 0 0 2782 5026; ppageno 0'>
   <div class='ocr_carea' id='block_1_1' title="bbox 356 438 1221 508">
    <p class='ocr_par' dir='ltr' id='par_1_1' title="bbox 356 438 1221 508">
     <span class='ocr_line' id='line_1_1' title="bbox 356 438 1221 508; baseline 0.002 -18"><span class='ocrx_word' id='word_1_1' title='bbox 356 440 406 490; x_wconf 78' lang='lat' dir='ltr'><strong>os</strong></span> <span class='ocrx_word' id='word_1_2' title='bbox 428 438 564 492; x_wconf 74' lang='lat' dir='ltr'><strong>suone</strong></span> <span class='ocrx_word' id='word_1_3' title='bbox 585 438 901 506; x_wconf 69' lang='lat' dir='ltr'><strong>conquerunt-u.</strong></span> <span class='ocrx_word' id='word_1_4' title='bbox 922 441 992 507; x_wconf 86' lang='lat'><strong>392.</strong></span> <span class='ocrx_word' id='word_1_5' title='bbox 1163 441 1221 508; x_wconf 82' lang='lat'><strong>305</strong></span> 
     </span>
    </p>
   </div>
   <div class='ocr_carea' id='block_1_2' title="bbox 108 610 1225 4454">
    <p class='ocr_par' dir='ltr' id='par_1_2' title="bbox 108 610 1225 2765">
     <span class='ocr_line' id='line_1_2' title="bbox 108 610 1223 696; baseline -0.002 -20"><span class='ocrx_word' id='word_1_6' title='bbox 108 611 294 696; x_wconf 82' lang='lat' dir='ltr'>sphaeram</span> <span class='ocrx_word' id='word_1_7' title='bbox 309 612 440 676; x_wconf 89' lang='lat' dir='ltr'>tutelae</span> <span class='ocrx_word' id='word_1_8' title='bbox 456 621 491 676; x_wconf 92' lang='lat' dir='ltr'><strong>et</strong></span> <span class='ocrx_word' id='word_1_9' title='bbox 508 611 771 676; x_wconf 83' lang='lat' dir='ltr'><strong>sustentationis</strong></span> <span class='ocrx_word' id='word_1_10' title='bbox 788 610 934 687; x_wconf 92' lang='lat' dir='ltr'><strong>illorum,</strong></span> <span class='ocrx_word' id='word_1_11' title='bbox 948 612 1003 694; x_wconf 91' lang='lat' dir='ltr'><strong>qui</strong></span> <span class='ocrx_word' id='word_1_12' title='bbox 1019 613 1223 694; x_wconf 89' lang='lat' dir='ltr'><strong>semetipsos</strong></span> 
     </span>
     <span class='ocr_line' id='line_1_3' title="bbox 108 707 1223 792; baseline 0.002 -21"><span class='ocrx_word' id='word_1_13' title='bbox 108 708 214 771; x_wconf 91' lang='lat' dir='ltr'><strong>tutari</strong></span> <span class='ocrx_word' id='word_1_14' title='bbox 231 717 267 771; x_wconf 89' lang='lat' dir='ltr'><strong>et</strong></span> <span class='ocrx_word' id='word_1_15' title='bbox 284 716 478 770; x_wconf 88' lang='lat' dir='ltr'><strong>sustentare</strong></span> <span class='ocrx_word' id='word_1_16' title='bbox 495 716 687 788; x_wconf 90' lang='lat' dir='ltr'><strong>nequeunt:</strong></span> <span class='ocrx_word' id='word_1_17' title='bbox 712 726 732 768; x_wconf 91' lang='lat' dir='ltr'><strong>a</strong></span> <span class='ocrx_word' id='word_1_18' title='bbox 750 707 924 770; x_wconf 88' lang='lat' dir='ltr'><strong>creatione</strong></span> <span class='ocrx_word' id='word_1_19' title='bbox 940 707 1030 769; x_wconf 92' lang='lat' dir='ltr'><strong>enim</strong></span> <span class='ocrx_word' id='word_1_20' title='bbox 1049 717 1114 782; x_wconf 88' lang='lat' dir='ltr'><strong>est,</strong></span> <span class='ocrx_word' id='word_1_21' title='bbox 1132 710 1223 792; x_wconf 92' lang='lat' dir='ltr'><strong>quod</strong></span> 
     </span>
     <span class='ocr_line' id='line_1_4' title="bbox 108 800 1224 875; baseline 0.002 -10"><span class='ocrx_word' id='word_1_22' title='bbox 108 812 228 865; x_wconf 87' lang='lat' dir='ltr'><strong>creata</strong></span> <span class='ocrx_word' id='word_1_23' title='bbox 247 801 492 874; x_wconf 86' lang='lat' dir='ltr'><strong>conservanda,</strong></span> <span class='ocrx_word' id='word_1_24' title='bbox 513 801 749 874; x_wconf 87' lang='lat' dir='ltr'><strong>custodienda,</strong></span> <span class='ocrx_word' id='word_1_25' title='bbox 769 800 924 875; x_wconf 90' lang='lat' dir='ltr'><strong>tutanda,</strong></span> <span class='ocrx_word' id='word_1_26' title='bbox 945 810 981 864; x_wconf 91' lang='lat' dir='ltr'><strong>et</strong></span> <span class='ocrx_word' id='word_1_27' title='bbox 999 803 1224 867; x_wconf 90' lang='lat' dir='ltr'><strong>sustentanda</strong></span> 
     </span>
     <span class='ocr_line' id='line_1_5' title="bbox 108 894 1224 979; baseline 0.001 -19"><span class='ocrx_word' id='word_1_28' title='bbox 108 897 188 969; x_wconf 88' lang='lat' dir='ltr'><strong>sint,</strong></span> <span class='ocrx_word' id='word_1_29' title='bbox 213 896 341 979; x_wconf 87' lang='lat' dir='ltr'><strong>alioqui</strong></span> <span class='ocrx_word' id='word_1_30' title='bbox 364 897 557 958; x_wconf 88' lang='lat' dir='ltr'><strong>universum</strong></span> <span class='ocrx_word' id='word_1_31' title='bbox 576 905 712 972; x_wconf 88' lang='lat' dir='ltr'><strong>rueret;</strong></span> <span class='ocrx_word' id='word_1_32' title='bbox 743 894 803 957; x_wconf 91' lang='lat' dir='ltr'><strong>sed</strong></span> <span class='ocrx_word' id='word_1_33' title='bbox 827 895 905 975; x_wconf 87' lang='lat' dir='ltr'><strong>quia</strong></span> <span class='ocrx_word' id='word_1_34' title='bbox 927 894 959 956; x_wconf 93' lang='lat' dir='ltr'><strong>id</strong></span> <span class='ocrx_word' id='word_1_35' title='bbox 983 895 1181 960; x_wconf 89' lang='lat' dir='ltr'><strong>immediate</strong></span> <span class='ocrx_word' id='word_1_36' title='bbox 1204 918 1224 960; x_wconf 91' lang='lat' dir='ltr'><strong>a</strong></span> 
     </span>
     <span class='ocr_line' id='line_1_6' title="bbox 108 985 1223 1071; baseline 0 -17"><span class='ocrx_word' id='word_1_37' title='bbox 108 990 262 1054; x_wconf 89' lang='lat' dir='ltr'><strong>Domino</strong></span> <span class='ocrx_word' id='word_1_38' title='bbox 281 989 371 1071; x_wconf 89' lang='lat' dir='ltr'><strong>apud</strong></span> <span class='ocrx_word' id='word_1_39' title='bbox 390 989 555 1060; x_wconf 87' lang='lat' dir='ltr'><strong>viventia,</strong></span> <span class='ocrx_word' id='word_1_40' title='bbox 575 989 695 1070; x_wconf 92' lang='lat' dir='ltr'><strong>quibus</strong></span> <span class='ocrx_word' id='word_1_41' title='bbox 714 988 898 1051; x_wconf 86' lang='lat' dir='ltr'><strong>arbitratus</strong></span> <span class='ocrx_word' id='word_1_42' title='bbox 917 985 1053 1051; x_wconf 70' lang='lat' dir='ltr'><strong>relictus</strong></span> <span class='ocrx_word' id='word_1_43' title='bbox 1072 1001 1136 1062; x_wconf 90' lang='lat' dir='ltr'><strong>est,</strong></span> <span class='ocrx_word' id='word_1_44' title='bbox 1154 989 1223 1054; x_wconf 90' lang='lat' dir='ltr'><strong>fieri</strong></span> 
     </span>
     <span class='ocr_line' id='line_1_7' title="bbox 108 1082 1223 1167; baseline -0.001 -18"><span class='ocrx_word' id='word_1_45' title='bbox 108 1104 177 1149; x_wconf 93' lang='lat' dir='ltr'><strong>non</strong></span> <span class='ocrx_word' id='word_1_46' title='bbox 198 1094 328 1167; x_wconf 89' lang='lat' dir='ltr'><strong>potest,</strong></span> <span class='ocrx_word' id='word_1_47' title='bbox 346 1082 384 1146; x_wconf 85' lang='lat' dir='ltr'><strong>fit</strong></span> <span class='ocrx_word' id='word_1_48' title='bbox 402 1083 437 1146; x_wconf 92' lang='lat' dir='ltr'><strong>id</strong></span> <span class='ocrx_word' id='word_1_49' title='bbox 456 1083 606 1146; x_wconf 90' lang='lat' dir='ltr'><strong>mediate</strong></span> <span class='ocrx_word' id='word_1_50' title='bbox 625 1103 685 1165; x_wconf 88' lang='lat' dir='ltr'><strong>per</strong></span> <span class='ocrx_word' id='word_1_51' title='bbox 702 1101 853 1146; x_wconf 90' lang='lat' dir='ltr'><strong>amorem</strong></span> <span class='ocrx_word' id='word_1_52' title='bbox 869 1102 964 1145; x_wconf 88' lang='lat' dir='ltr'><strong>suum</strong></span> <span class='ocrx_word' id='word_1_53' title='bbox 982 1083 1223 1165; x_wconf 89' lang='lat' dir='ltr'><strong>implantatum</strong></span> 
     </span>
     <span class='ocr_line' id='line_1_8' title="bbox 108 1176 1225 1261; baseline 0 -19"><span class='ocrx_word' id='word_1_54' title='bbox 108 1179 274 1261; x_wconf 87' lang='lat' dir='ltr'><strong>patribus,</strong></span> <span class='ocrx_word' id='word_1_55' title='bbox 295 1177 469 1251; x_wconf 89' lang='lat' dir='ltr'><strong>matribus,</strong></span> <span class='ocrx_word' id='word_1_56' title='bbox 489 1176 654 1255; x_wconf 89' lang='lat' dir='ltr'><strong>alumnis;</strong></span> <span class='ocrx_word' id='word_1_57' title='bbox 678 1177 769 1258; x_wconf 92' lang='lat' dir='ltr'><strong>quod</strong></span> <span class='ocrx_word' id='word_1_58' title='bbox 788 1194 884 1239; x_wconf 89' lang='lat' dir='ltr'><strong>amor</strong></span> <span class='ocrx_word' id='word_1_59' title='bbox 906 1176 1040 1240; x_wconf 91' lang='lat' dir='ltr'><strong>illorum</strong></span> <span class='ocrx_word' id='word_1_60' title='bbox 1063 1179 1107 1241; x_wconf 93' lang='lat' dir='ltr'><strong>sit</strong></span> <span class='ocrx_word' id='word_1_61' title='bbox 1128 1198 1225 1242; x_wconf 92' lang='lat' dir='ltr'><strong>amor</strong></span> 
     </span>
     <span class='ocr_line' id='line_1_9' title="bbox 108 1270 1223 1354; baseline 0 -18"><span class='ocrx_word' id='word_1_62' title='bbox 108 1293 126 1336; x_wconf 82' lang='lat' dir='ltr'><strong>a</strong></span> <span class='ocrx_word' id='word_1_63' title='bbox 146 1272 299 1336; x_wconf 91' lang='lat' dir='ltr'><strong>Domino</strong></span> <span class='ocrx_word' id='word_1_64' title='bbox 317 1271 407 1353; x_wconf 91' lang='lat' dir='ltr'><strong>apud</strong></span> <span class='ocrx_word' id='word_1_65' title='bbox 427 1270 515 1345; x_wconf 90' lang='lat' dir='ltr'><strong>illos,</strong></span> <span class='ocrx_word' id='word_1_66' title='bbox 536 1290 604 1333; x_wconf 93' lang='lat' dir='ltr'><strong>non</strong></span> <span class='ocrx_word' id='word_1_67' title='bbox 628 1272 752 1345; x_wconf 91' lang='lat' dir='ltr'><strong>sciunt,</strong></span> <span class='ocrx_word' id='word_1_68' title='bbox 772 1271 849 1352; x_wconf 89' lang='lat' dir='ltr'><strong>quia</strong></span> <span class='ocrx_word' id='word_1_69' title='bbox 869 1290 938 1333; x_wconf 93' lang='lat' dir='ltr'><strong>non</strong></span> <span class='ocrx_word' id='word_1_70' title='bbox 958 1271 1147 1354; x_wconf 89' lang='lat' dir='ltr'><strong>percipiunt</strong></span> <span class='ocrx_word' id='word_1_71' title='bbox 1171 1275 1223 1336; x_wconf 91' lang='lat' dir='ltr'><strong>in·</strong></span> 
     </span>
     <span class='ocr_line' id='line_1_10' title="bbox 108 1363 1223 1448; baseline 0 -19"><span class='ocrx_word' id='word_1_72' title='bbox 108 1366 249 1442; x_wconf 84' lang='lat' dir='ltr'><strong>fluxum,</strong></span> <span class='ocrx_word' id='word_1_73' title='bbox 270 1376 305 1428; x_wconf 94' lang='lat' dir='ltr'><strong>et</strong></span> <span class='ocrx_word' id='word_1_74' title='bbox 325 1366 434 1427; x_wconf 92' lang='lat' dir='ltr'><strong>minus</strong></span> <span class='ocrx_word' id='word_1_75' title='bbox 454 1365 777 1446; x_wconf 90' lang='lat' dir='ltr'><strong>omnipraesentiam</strong></span> <span class='ocrx_word' id='word_1_76' title='bbox 797 1363 946 1427; x_wconf 92' lang='lat' dir='ltr'><strong>Domini.</strong></span> <span class='ocrx_word' id='word_1_77' title='bbox 991 1364 1043 1428; x_wconf 91' lang='lat' dir='ltr'><strong>At</strong></span> <span class='ocrx_word' id='word_1_78' title='bbox 1062 1367 1136 1448; x_wconf 89' lang='lat' dir='ltr'><strong>quis</strong></span> <span class='ocrx_word' id='word_1_79' title='bbox 1155 1386 1223 1430; x_wconf 93' lang='lat' dir='ltr'><strong>non</strong></span> 
     </span>
     <span class='ocr_line' id='line_1_11' title="bbox 108 1458 1223 1542; baseline 0 -18"><span class='ocrx_word' id='word_1_80' title='bbox 108 1461 214 1535; x_wconf 86' lang='lat' dir='ltr'><strong>videt,</strong></span> <span class='ocrx_word' id='word_1_81' title='bbox 231 1459 321 1542; x_wconf 90' lang='lat' dir='ltr'><strong>quod</strong></span> <span class='ocrx_word' id='word_1_82' title='bbox 341 1460 407 1522; x_wconf 91' lang='lat' dir='ltr'><strong>hoc</strong></span> <span class='ocrx_word' id='word_1_83' title='bbox 424 1478 492 1522; x_wconf 92' lang='lat' dir='ltr'><strong>non</strong></span> <span class='ocrx_word' id='word_1_84' title='bbox 512 1469 654 1522; x_wconf 90' lang='lat' dir='ltr'><strong>naturae</strong></span> <span class='ocrx_word' id='word_1_85' title='bbox 671 1460 726 1533; x_wconf 88' lang='lat' dir='ltr'><strong>sit,</strong></span> <span class='ocrx_word' id='word_1_86' title='bbox 743 1459 804 1522; x_wconf 90' lang='lat' dir='ltr'><strong>sed</strong></span> <span class='ocrx_word' id='word_1_87' title='bbox 823 1458 969 1522; x_wconf 89' lang='lat' dir='ltr'><strong>Divinae</strong></span> <span class='ocrx_word' id='word_1_88' title='bbox 985 1459 1223 1524; x_wconf 86' lang='lat' dir='ltr'><strong>Providentiae</strong></span> 
     </span>
     <span class='ocr_line' id='line_1_12' title="bbox 108 1552 1222 1637; baseline 0 -19"><span class='ocrx_word' id='word_1_89' title='bbox 108 1556 285 1637; x_wconf 88' lang='lat' dir='ltr'><strong>operantis</strong></span> <span class='ocrx_word' id='word_1_90' title='bbox 304 1555 338 1616; x_wconf 94' lang='lat' dir='ltr'><strong>in</strong></span> <span class='ocrx_word' id='word_1_91' title='bbox 357 1563 480 1616; x_wconf 92' lang='lat' dir='ltr'><strong>natura</strong></span> <span class='ocrx_word' id='word_1_92' title='bbox 499 1573 559 1635; x_wconf 88' lang='lat' dir='ltr'><strong>per</strong></span> <span class='ocrx_word' id='word_1_93' title='bbox 578 1563 755 1630; x_wconf 89' lang='lat' dir='ltr'><strong>naturam;</strong></span> <span class='ocrx_word' id='word_1_94' title='bbox 779 1561 814 1615; x_wconf 89' lang='lat' dir='ltr'><strong>et</strong></span> <span class='ocrx_word' id='word_1_95' title='bbox 833 1553 924 1633; x_wconf 92' lang='lat' dir='ltr'><strong>quod</strong></span> <span class='ocrx_word' id='word_1_96' title='bbox 942 1552 1012 1616; x_wconf 92' lang='lat' dir='ltr'><strong>tale</strong></span> <span class='ocrx_word' id='word_1_97' title='bbox 1031 1555 1222 1618; x_wconf 90' lang='lat' dir='ltr'><strong>universale</strong></span> 
     </span>
     <span class='ocr_line' id='line_1_13' title="bbox 108 1646 1221 1729; baseline -0.002 -16"><span class='ocrx_word' id='word_1_98' title='bbox 108 1668 175 1713; x_wconf 90' lang='lat' dir='ltr'><strong>non</strong></span> <span class='ocrx_word' id='word_1_99' title='bbox 188 1649 262 1711; x_wconf 89' lang='lat' dir='ltr'><strong>dari</strong></span> <span class='ocrx_word' id='word_1_100' title='bbox 281 1648 402 1729; x_wconf 88' lang='lat' dir='ltr'><strong>possit,</strong></span> <span class='ocrx_word' id='word_1_101' title='bbox 417 1647 480 1708; x_wconf 92' lang='lat' dir='ltr'><strong>nisi</strong></span> <span class='ocrx_word' id='word_1_102' title='bbox 499 1667 519 1710; x_wconf 92' lang='lat' dir='ltr'><strong>a</strong></span> <span class='ocrx_word' id='word_1_103' title='bbox 535 1647 611 1709; x_wconf 93' lang='lat' dir='ltr'><strong>Deo</strong></span> <span class='ocrx_word' id='word_1_104' title='bbox 624 1666 684 1728; x_wconf 88' lang='lat' dir='ltr'><strong>per</strong></span> <span class='ocrx_word' id='word_1_105' title='bbox 696 1646 905 1728; x_wconf 90' lang='lat' dir='ltr'><strong>spiritualem</strong></span> <span class='ocrx_word' id='word_1_106' title='bbox 918 1646 1088 1728; x_wconf 90' lang='lat' dir='ltr'><strong>quendam</strong></span> <span class='ocrx_word' id='word_1_107' title='bbox 1101 1647 1221 1724; x_wconf 91' lang='lat' dir='ltr'><strong>solem,</strong></span> 
     </span>
     <span class='ocr_line' id='line_1_14' title="bbox 108 1739 1222 1826; baseline 0.001 -20"><span class='ocrx_word' id='word_1_108' title='bbox 108 1744 162 1826; x_wconf 91' lang='lat' dir='ltr'><strong>qui</strong></span> <span class='ocrx_word' id='word_1_109' title='bbox 186 1743 221 1805; x_wconf 91' lang='lat' dir='ltr'><strong>in</strong></span> <span class='ocrx_word' id='word_1_110' title='bbox 244 1752 365 1805; x_wconf 90' lang='lat' dir='ltr'><strong>centro</strong></span> <span class='ocrx_word' id='word_1_111' title='bbox 384 1741 530 1804; x_wconf 87' lang='lat' dir='ltr'><strong>universi</strong></span> <span class='ocrx_word' id='word_1_112' title='bbox 552 1751 618 1815; x_wconf 90' lang='lat' dir='ltr'><strong>est,</strong></span> <span class='ocrx_word' id='word_1_113' title='bbox 639 1750 674 1804; x_wconf 90' lang='lat' dir='ltr'><strong>et</strong></span> <span class='ocrx_word' id='word_1_114' title='bbox 698 1739 790 1821; x_wconf 90' lang='lat' dir='ltr'><strong>cujus</strong></span> <span class='ocrx_word' id='word_1_115' title='bbox 813 1742 977 1823; x_wconf 89' lang='lat' dir='ltr'><strong>operatio,</strong></span> <span class='ocrx_word' id='word_1_116' title='bbox 998 1742 1076 1823; x_wconf 90' lang='lat' dir='ltr'><strong>quia</strong></span> <span class='ocrx_word' id='word_1_117' title='bbox 1094 1742 1222 1825; x_wconf 89' lang='lat' dir='ltr'><strong>absque</strong></span> 
     </span>
     <span class='ocr_line' id='line_1_15' title="bbox 108 1835 1222 1919; baseline -0.001 -18"><span class='ocrx_word' id='word_1_118' title='bbox 108 1837 223 1919; x_wconf 88' lang='lat' dir='ltr'><strong>spatio</strong></span> <span class='ocrx_word' id='word_1_119' title='bbox 238 1846 274 1898; x_wconf 93' lang='lat' dir='ltr'><strong>et</strong></span> <span class='ocrx_word' id='word_1_120' title='bbox 292 1846 458 1917; x_wconf 91' lang='lat' dir='ltr'><strong>tempore,</strong></span> <span class='ocrx_word' id='word_1_121' title='bbox 476 1835 609 1898; x_wconf 90' lang='lat' dir='ltr'><strong>instans</strong></span> <span class='ocrx_word' id='word_1_122' title='bbox 625 1845 660 1899; x_wconf 90' lang='lat' dir='ltr'><strong>et</strong></span> <span class='ocrx_word' id='word_1_123' title='bbox 677 1854 838 1915; x_wconf 88' lang='lat' dir='ltr'><strong>praesens</strong></span> <span class='ocrx_word' id='word_1_124' title='bbox 855 1844 908 1897; x_wconf 90' lang='lat' dir='ltr'><strong>est</strong></span> <span class='ocrx_word' id='word_1_125' title='bbox 925 1854 946 1896; x_wconf 93' lang='lat' dir='ltr'><strong>a</strong></span> <span class='ocrx_word' id='word_1_126' title='bbox 961 1836 1077 1916; x_wconf 91' lang='lat' dir='ltr'><strong>primis</strong></span> <span class='ocrx_word' id='word_1_127' title='bbox 1092 1835 1125 1899; x_wconf 93' lang='lat' dir='ltr'><strong>in</strong></span> <span class='ocrx_word' id='word_1_128' title='bbox 1143 1837 1222 1900; x_wconf 90' lang='lat' dir='ltr'><strong>uiti·</strong></span> 
     </span>
     <span class='ocr_line' id='line_1_16' title="bbox 108 1928 1222 2011; baseline -0.001 -16"><span class='ocrx_word' id='word_1_129' title='bbox 108 1932 195 1996; x_wconf 89' lang='lat' dir='ltr'><strong>mis?</strong></span> <span class='ocrx_word' id='word_1_130' title='bbox 249 1929 433 2009; x_wconf 82' lang='lat' dir='ltr'><strong>Quomodo</strong></span> <span class='ocrx_word' id='word_1_131' title='bbox 462 1939 578 1992; x_wconf 90' lang='lat' dir='ltr'><strong>autem</strong></span> <span class='ocrx_word' id='word_1_132' title='bbox 609 1929 733 1992; x_wconf 90' lang='lat' dir='ltr'><strong>Divina</strong></span> <span class='ocrx_word' id='word_1_133' title='bbox 763 1928 821 1990; x_wconf 89' lang='lat' dir='ltr'><strong>illa</strong></span> <span class='ocrx_word' id='word_1_134' title='bbox 850 1930 1016 2010; x_wconf 90' lang='lat' dir='ltr'><strong>operatio,</strong></span> <span class='ocrx_word' id='word_1_135' title='bbox 1046 1949 1132 2011; x_wconf 90' lang='lat' dir='ltr'><strong>quae</strong></span> <span class='ocrx_word' id='word_1_136' title='bbox 1168 1940 1222 1994; x_wconf 90' lang='lat' dir='ltr'><strong>est</strong></span> 
     </span>
     <span class='ocr_line' id='line_1_17' title="bbox 108 2023 1222 2105; baseline -0.001 -16"><span class='ocrx_word' id='word_1_137' title='bbox 108 2026 233 2089; x_wconf 91' lang='lat' dir='ltr'><strong>Divina</strong></span> <span class='ocrx_word' id='word_1_138' title='bbox 256 2024 395 2087; x_wconf 91' lang='lat' dir='ltr'><strong>Domini</strong></span> <span class='ocrx_word' id='word_1_139' title='bbox 420 2024 649 2095; x_wconf 89' lang='lat' dir='ltr'><strong>Providentia,</strong></span> <span class='ocrx_word' id='word_1_140' title='bbox 669 2023 713 2085; x_wconf 91' lang='lat' dir='ltr'><strong>ab</strong></span> <span class='ocrx_word' id='word_1_141' title='bbox 735 2023 893 2085; x_wconf 89' lang='lat' dir='ltr'><strong>animatis</strong></span> <span class='ocrx_word' id='word_1_142' title='bbox 916 2023 1086 2105; x_wconf 86' lang='lat' dir='ltr'><strong>recipitur,</strong></span> <span class='ocrx_word' id='word_1_143' title='bbox 1110 2025 1144 2087; x_wconf 92' lang='lat' dir='ltr'><strong>in</strong></span> <span class='ocrx_word' id='word_1_144' title='bbox 1168 2045 1222 2088; x_wconf 91' lang='lat' dir='ltr'><strong>se·</strong></span> 
     </span>
     <span class='ocr_line' id='line_1_18' title="bbox 108 2117 1222 2202; baseline 0.001 -19"><span class='ocrx_word' id='word_1_145' title='bbox 108 2121 291 2202; x_wconf 88' lang='lat' dir='ltr'><strong>quentibus</strong></span> <span class='ocrx_word' id='word_1_146' title='bbox 321 2119 463 2181; x_wconf 88' lang='lat' dir='ltr'><strong>dicetur.</strong></span> <span class='ocrx_word' id='word_1_147' title='bbox 508 2117 610 2197; x_wconf 82' lang='lat' dir='ltr'><strong>Quod</strong></span> <span class='ocrx_word' id='word_1_148' title='bbox 634 2127 763 2179; x_wconf 91' lang='lat' dir='ltr'><strong>matres</strong></span> <span class='ocrx_word' id='word_1_149' title='bbox 792 2126 827 2180; x_wconf 89' lang='lat' dir='ltr'><strong>et</strong></span> <span class='ocrx_word' id='word_1_150' title='bbox 857 2127 972 2197; x_wconf 88' lang='lat' dir='ltr'><strong>patres</strong></span> <span class='ocrx_word' id='word_1_151' title='bbox 1001 2126 1158 2182; x_wconf 88' lang='lat' dir='ltr'><strong>tutentur</strong></span> <span class='ocrx_word' id='word_1_152' title='bbox 1186 2130 1222 2184; x_wconf 90' lang='lat' dir='ltr'><strong>et</strong></span> 
     </span>
     <span class='ocr_line' id='line_1_19' title="bbox 108 2211 1222 2293; baseline 0 -16"><span class='ocrx_word' id='word_1_153' title='bbox 108 2223 313 2278; x_wconf 83' lang='lat' dir='ltr'><strong>sustentent</strong></span> <span class='ocrx_word' id='word_1_154' title='bbox 326 2212 485 2286; x_wconf 83' lang='lat' dir='ltr'><strong>infantes,</strong></span> <span class='ocrx_word' id='word_1_155' title='bbox 499 2213 577 2293; x_wconf 91' lang='lat' dir='ltr'><strong>quia</strong></span> <span class='ocrx_word' id='word_1_156' title='bbox 590 2211 623 2275; x_wconf 94' lang='lat' dir='ltr'><strong>hi</strong></span> <span class='ocrx_word' id='word_1_157' title='bbox 640 2212 846 2291; x_wconf 90' lang='lat' dir='ltr'><strong>semetipsos</strong></span> <span class='ocrx_word' id='word_1_158' title='bbox 860 2212 1013 2275; x_wconf 88' lang='lat' dir='ltr'><strong>tutariet</strong></span> <span class='ocrx_word' id='word_1_159' title='bbox 1028 2222 1222 2277; x_wconf 90' lang='lat' dir='ltr'><strong>sustentare</strong></span> 
     </span>
     <span class='ocr_line' id='line_1_20' title="bbox 108 2305 1221 2391; baseline 0 -20"><span class='ocrx_word' id='word_1_160' title='bbox 108 2318 293 2391; x_wconf 88' lang='lat' dir='ltr'><strong>nequeunt,</strong></span> <span class='ocrx_word' id='word_1_161' title='bbox 311 2326 378 2369; x_wconf 93' lang='lat' dir='ltr'><strong>non</strong></span> <span class='ocrx_word' id='word_1_162' title='bbox 398 2316 452 2369; x_wconf 90' lang='lat' dir='ltr'><strong>est</strong></span> <span class='ocrx_word' id='word_1_163' title='bbox 471 2325 572 2368; x_wconf 90' lang='lat' dir='ltr'><strong>causa</strong></span> <span class='ocrx_word' id='word_1_164' title='bbox 591 2305 679 2368; x_wconf 91' lang='lat' dir='ltr'><strong>illius</strong></span> <span class='ocrx_word' id='word_1_165' title='bbox 695 2306 830 2378; x_wconf 90' lang='lat' dir='ltr'><strong>amoris,</strong></span> <span class='ocrx_word' id='word_1_166' title='bbox 847 2307 908 2369; x_wconf 89' lang='lat' dir='ltr'><strong>sed</strong></span> <span class='ocrx_word' id='word_1_167' title='bbox 926 2315 980 2370; x_wconf 92' lang='lat' dir='ltr'><strong>est</strong></span> <span class='ocrx_word' id='word_1_168' title='bbox 1000 2326 1101 2370; x_wconf 89' lang='lat' dir='ltr'><strong>causa</strong></span> <span class='ocrx_word' id='word_1_169' title='bbox 1115 2310 1221 2371; x_wconf 91' lang='lat' dir='ltr'><strong>ratio-</strong></span> 
     </span>
     <span class='ocr_line' id='line_1_21' title="bbox 108 2397 1221 2479; baseline 0 -13"><span class='ocrx_word' id='word_1_170' title='bbox 108 2401 196 2466; x_wconf 91' lang='lat' dir='ltr'><strong>nalis</strong></span> <span class='ocrx_word' id='word_1_171' title='bbox 216 2421 261 2465; x_wconf 85' lang='lat' dir='ltr'><strong>ex</strong></span> <span class='ocrx_word' id='word_1_172' title='bbox 286 2420 401 2463; x_wconf 91' lang='lat' dir='ltr'><strong>amore</strong></span> <span class='ocrx_word' id='word_1_173' title='bbox 420 2399 480 2462; x_wconf 92' lang='lat' dir='ltr'><strong>illo</strong></span> <span class='ocrx_word' id='word_1_174' title='bbox 499 2400 672 2462; x_wconf 90' lang='lat' dir='ltr'><strong>incidente</strong></span> <span class='ocrx_word' id='word_1_175' title='bbox 696 2399 730 2461; x_wconf 93' lang='lat' dir='ltr'><strong>in</strong></span> <span class='ocrx_word' id='word_1_176' title='bbox 753 2397 985 2479; x_wconf 65' lang='lat' dir='ltr'><strong>intellectum</strong></span> <span class='ocrx_word' id='word_1_177' title='bbox 1008 2400 1112 2464; x_wconf 92' lang='lat' dir='ltr'><strong>homo</strong></span> <span class='ocrx_word' id='word_1_178' title='bbox 1131 2404 1221 2466; x_wconf 92' lang='lat' dir='ltr'><strong>enim</strong></span> 
     </span>
     <span class='ocr_line' id='line_1_22' title="bbox 108 2494 1221 2576; baseline 0.001 -16"><span class='ocrx_word' id='word_1_179' title='bbox 108 2517 154 2560; x_wconf 86' lang='lat' dir='ltr'><strong>ex</strong></span> <span class='ocrx_word' id='word_1_180' title='bbox 177 2496 252 2559; x_wconf 90' lang='lat' dir='ltr'><strong>sola</strong></span> <span class='ocrx_word' id='word_1_181' title='bbox 276 2495 340 2558; x_wconf 92' lang='lat' dir='ltr'><strong>hac</strong></span> <span class='ocrx_word' id='word_1_182' title='bbox 364 2514 477 2567; x_wconf 88' lang='lat' dir='ltr'><strong>causa,</strong></span> <span class='ocrx_word' id='word_1_183' title='bbox 501 2494 630 2575; x_wconf 89' lang='lat' dir='ltr'><strong>absque</strong></span> <span class='ocrx_word' id='word_1_184' title='bbox 648 2512 764 2555; x_wconf 88' lang='lat' dir='ltr'><strong>amore</strong></span> <span class='ocrx_word' id='word_1_185' title='bbox 786 2494 951 2575; x_wconf 92' lang='lat' dir='ltr'><strong>inspirato</strong></span> <span class='ocrx_word' id='word_1_186' title='bbox 973 2504 1009 2558; x_wconf 89' lang='lat' dir='ltr'><strong>et</strong></span> <span class='ocrx_word' id='word_1_187' title='bbox 1032 2495 1221 2576; x_wconf 91' lang='lat' dir='ltr'><strong>inspirante</strong></span> 
     </span>
     <span class='ocr_line' id='line_1_23' title="bbox 108 2587 1221 2673; baseline 0 -19"><span class='ocrx_word' id='word_1_188' title='bbox 108 2590 215 2665; x_wconf 90' lang='lat' dir='ltr'><strong>illam,</strong></span> <span class='ocrx_word' id='word_1_189' title='bbox 235 2600 294 2653; x_wconf 89' lang='lat' dir='ltr'><strong>aut</strong></span> <span class='ocrx_word' id='word_1_190' title='bbox 317 2589 445 2671; x_wconf 85' lang='lat' dir='ltr'><strong>absque</strong></span> <span class='ocrx_word' id='word_1_191' title='bbox 469 2587 546 2669; x_wconf 85' lang='lat' dir='ltr'><strong>lege</strong></span> <span class='ocrx_word' id='word_1_192' title='bbox 569 2596 604 2650; x_wconf 91' lang='lat' dir='ltr'><strong>et</strong></span> <span class='ocrx_word' id='word_1_193' title='bbox 626 2608 737 2669; x_wconf 90' lang='lat' dir='ltr'><strong>poena</strong></span> <span class='ocrx_word' id='word_1_194' title='bbox 761 2597 909 2669; x_wconf 85' lang='lat' dir='ltr'><strong>cogente</strong></span> <span class='ocrx_word' id='word_1_195' title='bbox 927 2587 1032 2665; x_wconf 92' lang='lat' dir='ltr'><strong>illum,</strong></span> <span class='ocrx_word' id='word_1_196' title='bbox 1053 2610 1122 2655; x_wconf 91' lang='lat' dir='ltr'><strong>non</strong></span> <span class='ocrx_word' id='word_1_197' title='bbox 1145 2591 1221 2673; x_wconf 92' lang='lat' dir='ltr'><strong>plus</strong></span> 
     </span>
     <span class='ocr_line' id='line_1_24' title="bbox 108 2684 790 2765; baseline -0.007 -17"><span class='ocrx_word' id='word_1_198' title='bbox 108 2684 295 2749; x_wconf 79' lang='lat' dir='ltr'><strong>infantibus</strong></span> <span class='ocrx_word' id='word_1_199' title='bbox 314 2684 524 2765; x_wconf 92' lang='lat' dir='ltr'><strong>prospiceret</strong></span> <span class='ocrx_word' id='word_1_200' title='bbox 545 2701 645 2763; x_wconf 92' lang='lat' dir='ltr'><strong>quam</strong></span> <span class='ocrx_word' id='word_1_201' title='bbox 665 2691 790 2745; x_wconf 90' lang='lat' dir='ltr'><strong>statua.</strong></span> 
     </span>
    </p>

    <p class='ocr_par' dir='ltr' id='par_1_3' title="bbox 108 2774 1224 4454">
     <span class='ocr_line' id='line_1_25' title="bbox 171 2774 1223 2860; baseline 0.002 -20"><span class='ocrx_word' id='word_1_202' title='bbox 171 2793 272 2860; x_wconf 78' lang='lat'><strong>392.</strong></span> <span class='ocrx_word' id='word_1_203' title='bbox 297 2776 360 2859; x_wconf 92' lang='lat' dir='ltr'><strong>(v.)</strong></span> <span class='ocrx_word' id='word_1_204' title='bbox 387 2775 484 2853; x_wconf 84' lang='lat' dir='ltr'><strong>Quod</strong></span> <span class='ocrx_word' id='word_1_205' title='bbox 500 2775 580 2838; x_wconf 81' lang='lat' dir='ltr'><strong>haec</strong></span> <span class='ocrx_word' id='word_1_206' title='bbox 600 2775 747 2856; x_wconf 78' lang='lat' dir='ltr'><strong>sphaera</strong></span> <span class='ocrx_word' id='word_1_207' title='bbox 764 2774 890 2857; x_wconf 69' lang='lat' dir='ltr'><strong>affictis!</strong></span> <span class='ocrx_word' id='word_1_208' title='bbox 911 2784 979 2839; x_wconf 85' lang='lat' dir='ltr'><strong>tam</strong></span> <span class='ocrx_word' id='word_1_209' title='bbox 1001 2775 1106 2841; x_wconf 83' lang='lat' dir='ltr'><strong>malos</strong></span> <span class='ocrx_word' id='word_1_210' title='bbox 1122 2799 1223 2860; x_wconf 89' lang='lat' dir='ltr'><strong>quam</strong></span> 
     </span>
     <span class='ocr_line' id='line_1_26' title="bbox 108 2867 1223 2951; baseline 0.002 -17"><span class='ocrx_word' id='word_1_211' title='bbox 108 2870 219 2943; x_wconf 80' lang='lat' dir='ltr'><strong>bonos,</strong></span> <span class='ocrx_word' id='word_1_212' title='bbox 238 2891 277 2933; x_wconf 84' lang='lat' dir='ltr'><strong>ac</strong></span> <span class='ocrx_word' id='word_1_213' title='bbox 295 2870 453 2951; x_wconf 84' lang='lat' dir='ltr'><strong>disponat</strong></span> <span class='ocrx_word' id='word_1_214' title='bbox 467 2869 715 2950; x_wconf 82' lang='lat' dir='ltr'><strong>unumquemvis</strong></span> <span class='ocrx_word' id='word_1_215' title='bbox 731 2867 780 2931; x_wconf 84' lang='lat' dir='ltr'><strong>ad</strong></span> <span class='ocrx_word' id='word_1_216' title='bbox 794 2867 983 2944; x_wconf 85' lang='lat' dir='ltr'><strong>amandum,</strong></span> <span class='ocrx_word' id='word_1_217' title='bbox 1000 2871 1175 2935; x_wconf 84' lang='lat' dir='ltr'><strong>tutandum</strong></span> <span class='ocrx_word' id='word_1_218' title='bbox 1189 2882 1223 2936; x_wconf 84' lang='lat' dir='ltr'><strong>et</strong></span> 
     </span>
     <span class='ocr_line' id='line_1_27' title="bbox 108 2961 1220 3045; baseline 0 -16"><span class='ocrx_word' id='word_1_219' title='bbox 108 2963 362 3029; x_wconf 81' lang='lat' dir='ltr'><strong>sustentandum</strong></span> <span class='ocrx_word' id='word_1_220' title='bbox 383 2984 480 3026; x_wconf 87' lang='lat' dir='ltr'><strong>suum</strong></span> <span class='ocrx_word' id='word_1_221' title='bbox 497 2961 699 3044; x_wconf 59' lang='lat' dir='ltr'><strong>progentem,</strong></span> <span class='ocrx_word' id='word_1_222' title='bbox 722 2983 765 3024; x_wconf 77' lang='lat' dir='ltr'><strong>ex</strong></span> <span class='ocrx_word' id='word_1_223' title='bbox 788 2962 931 3043; x_wconf 75' lang='lat' dir='ltr'><strong>proprio</strong></span> <span class='ocrx_word' id='word_1_224' title='bbox 951 2963 1220 3045; x_wconf 88' lang='lat' dir='ltr'><strong>amore.-Qu0d</strong></span> 
     </span>
     <span class='ocr_line' id='line_1_28' title="bbox 108 3056 1221 3142; baseline 0.001 -20"><span class='ocrx_word' id='word_1_225' title='bbox 108 3079 204 3122; x_wconf 86' lang='lat' dir='ltr'><strong>amor</strong></span> <span class='ocrx_word' id='word_1_226' title='bbox 227 3059 393 3121; x_wconf 83' lang='lat' dir='ltr'><strong>infantum</strong></span> <span class='ocrx_word' id='word_1_227' title='bbox 423 3078 482 3120; x_wconf 89' lang='lat' dir='ltr'><strong>seu</strong></span> <span class='ocrx_word' id='word_1_228' title='bbox 509 3068 628 3139; x_wconf 86' lang='lat' dir='ltr'><strong>storge</strong></span> <span class='ocrx_word' id='word_1_229' title='bbox 657 3058 703 3120; x_wconf 88' lang='lat' dir='ltr'><strong>sit</strong></span> <span class='ocrx_word' id='word_1_230' title='bbox 733 3077 840 3138; x_wconf 91' lang='lat' dir='ltr'><strong>aeque</strong></span> <span class='ocrx_word' id='word_1_231' title='bbox 873 3056 963 3137; x_wconf 93' lang='lat' dir='ltr'><strong>apud</strong></span> <span class='ocrx_word' id='word_1_232' title='bbox 987 3057 1096 3120; x_wconf 92' lang='lat' dir='ltr'><strong>malos</strong></span> <span class='ocrx_word' id='word_1_233' title='bbox 1119 3079 1221 3142; x_wconf 87' lang='lat' dir='ltr'><strong>quam</strong></span> 
     </span>
     <span class='ocr_line' id='line_1_29' title="bbox 108 3150 1221 3236; baseline 0 -19"><span class='ocrx_word' id='word_1_234' title='bbox 108 3152 198 3236; x_wconf 88' lang='lat' dir='ltr'><strong>apud</strong></span> <span class='ocrx_word' id='word_1_235' title='bbox 221 3153 342 3225; x_wconf 91' lang='lat' dir='ltr'><strong>bonos,</strong></span> <span class='ocrx_word' id='word_1_236' title='bbox 366 3162 516 3215; x_wconf 86' lang='lat' dir='ltr'><strong>testatur</strong></span> <span class='ocrx_word' id='word_1_237' title='bbox 538 3151 770 3234; x_wconf 82' lang='lat' dir='ltr'><strong>experientia3</strong></span> <span class='ocrx_word' id='word_1_238' title='bbox 800 3150 956 3213; x_wconf 90' lang='lat' dir='ltr'><strong>similiter</strong></span> <span class='ocrx_word' id='word_1_239' title='bbox 978 3153 1067 3232; x_wconf 91' lang='lat' dir='ltr'><strong>apud</strong></span> <span class='ocrx_word' id='word_1_240' title='bbox 1091 3152 1221 3219; x_wconf 90' lang='lat' dir='ltr'><strong>bestias</strong></span> 
     </span>
     <span class='ocr_line' id='line_1_30' title="bbox 108 3243 1221 3329; baseline 0.001 -18"><span class='ocrx_word' id='word_1_241' title='bbox 108 3249 211 3311; x_wconf 92' lang='lat' dir='ltr'><strong>mites</strong></span> <span class='ocrx_word' id='word_1_242' title='bbox 229 3256 265 3308; x_wconf 92' lang='lat' dir='ltr'><strong>et</strong></span> <span class='ocrx_word' id='word_1_243' title='bbox 285 3246 457 3322; x_wconf 86' lang='lat' dir='ltr'><strong>immites;</strong></span> <span class='ocrx_word' id='word_1_244' title='bbox 481 3245 585 3308; x_wconf 91' lang='lat' dir='ltr'><strong>immo</strong></span> <span class='ocrx_word' id='word_1_245' title='bbox 604 3245 695 3329; x_wconf 92' lang='lat' dir='ltr'><strong>quod</strong></span> <span class='ocrx_word' id='word_1_246' title='bbox 713 3244 802 3326; x_wconf 85' lang='lat' dir='ltr'><strong>apud</strong></span> <span class='ocrx_word' id='word_1_247' title='bbox 822 3243 977 3308; x_wconf 90' lang='lat' dir='ltr'><strong>homines</strong></span> <span class='ocrx_word' id='word_1_248' title='bbox 996 3245 1115 3322; x_wconf 91' lang='lat' dir='ltr'><strong>malos,</strong></span> <span class='ocrx_word' id='word_1_249' title='bbox 1132 3249 1221 3312; x_wconf 91' lang='lat' dir='ltr'><strong>sicut</strong></span> 
     </span>
     <span class='ocr_line' id='line_1_31' title="bbox 108 3337 1220 3425; baseline 0.003 -21"><span class='ocrx_word' id='word_1_250' title='bbox 108 3341 197 3425; x_wconf 84' lang='lat' dir='ltr'><strong>apud</strong></span> <span class='ocrx_word' id='word_1_251' title='bbox 218 3339 347 3403; x_wconf 91' lang='lat' dir='ltr'><strong>bestias</strong></span> <span class='ocrx_word' id='word_1_252' title='bbox 365 3340 524 3412; x_wconf 88' lang='lat' dir='ltr'><strong>immites,</strong></span> <span class='ocrx_word' id='word_1_253' title='bbox 544 3339 749 3421; x_wconf 91' lang='lat' dir='ltr'><strong>quandoque</strong></span> <span class='ocrx_word' id='word_1_254' title='bbox 768 3339 812 3403; x_wconf 94' lang='lat' dir='ltr'><strong>sit</strong></span> <span class='ocrx_word' id='word_1_255' title='bbox 831 3337 949 3401; x_wconf 78' lang='lat' dir='ltr'><strong>fortior</strong></span> <span class='ocrx_word' id='word_1_256' title='bbox 967 3348 1003 3402; x_wconf 90' lang='lat' dir='ltr'><strong>et</strong></span> <span class='ocrx_word' id='word_1_257' title='bbox 1026 3341 1220 3408; x_wconf 88' lang='lat' dir='ltr'><strong>ardentior:</strong></span> 
     </span>
     <span class='ocr_line' id='line_1_32' title="bbox 108 3431 1221 3516; baseline -0.001 -17"><span class='ocrx_word' id='word_1_258' title='bbox 108 3444 294 3506; x_wconf 86' lang='lat' dir='ltr'><strong>causaest,</strong></span> <span class='ocrx_word' id='word_1_259' title='bbox 314 3435 391 3516; x_wconf 90' lang='lat' dir='ltr'><strong>quia</strong></span> <span class='ocrx_word' id='word_1_260' title='bbox 410 3434 520 3496; x_wconf 91' lang='lat' dir='ltr'><strong>omnis</strong></span> <span class='ocrx_word' id='word_1_261' title='bbox 538 3452 633 3496; x_wconf 93' lang='lat' dir='ltr'><strong>amor</strong></span> <span class='ocrx_word' id='word_1_262' title='bbox 652 3432 841 3514; x_wconf 92' lang='lat' dir='ltr'><strong>procedens</strong></span> <span class='ocrx_word' id='word_1_263' title='bbox 860 3452 881 3495; x_wconf 93' lang='lat' dir='ltr'><strong>a</strong></span> <span class='ocrx_word' id='word_1_264' title='bbox 899 3431 1049 3496; x_wconf 90' lang='lat' dir='ltr'><strong>Domino</strong></span> <span class='ocrx_word' id='word_1_265' title='bbox 1067 3453 1106 3496; x_wconf 94' lang='lat' dir='ltr'><strong>ac</strong></span> <span class='ocrx_word' id='word_1_266' title='bbox 1125 3435 1221 3499; x_wconf 88' lang='lat' dir='ltr'><strong>influ-</strong></span> 
     </span>
     <span class='ocr_line' id='line_1_33' title="bbox 108 3524 1221 3610; baseline 0 -18"><span class='ocrx_word' id='word_1_267' title='bbox 108 3548 169 3593; x_wconf 90' lang='lat' dir='ltr'><strong>ens</strong></span> <span class='ocrx_word' id='word_1_268' title='bbox 185 3528 330 3590; x_wconf 90' lang='lat' dir='ltr'><strong>vertitur</strong></span> <span class='ocrx_word' id='word_1_269' title='bbox 348 3527 380 3589; x_wconf 93' lang='lat' dir='ltr'><strong>in</strong></span> <span class='ocrx_word' id='word_1_270' title='bbox 397 3524 550 3606; x_wconf 72' lang='lat' dir='ltr'><strong>subjedto</strong></span> <span class='ocrx_word' id='word_1_271' title='bbox 566 3527 599 3589; x_wconf 92' lang='lat' dir='ltr'><strong>in</strong></span> <span class='ocrx_word' id='word_1_272' title='bbox 615 3545 766 3589; x_wconf 88' lang='lat' dir='ltr'><strong>amorem</strong></span> <span class='ocrx_word' id='word_1_273' title='bbox 782 3525 852 3605; x_wconf 91' lang='lat' dir='ltr'><strong>ejus</strong></span> <span class='ocrx_word' id='word_1_274' title='bbox 869 3526 984 3602; x_wconf 91' lang='lat' dir='ltr'><strong>vitae;</strong></span> <span class='ocrx_word' id='word_1_275' title='bbox 1008 3528 1221 3610; x_wconf 90' lang='lat' dir='ltr'><strong>unumquod-</strong></span> 
     </span>
     <span class='ocr_line' id='line_1_34' title="bbox 108 3618 1220 3704; baseline 0.002 -19"><span class='ocrx_word' id='word_1_276' title='bbox 108 3623 159 3685; x_wconf 86' lang='lat' dir='ltr'><strong>vis</strong></span> <span class='ocrx_word' id='word_1_277' title='bbox 174 3622 267 3684; x_wconf 88' lang='lat' dir='ltr'><strong>enim</strong></span> <span class='ocrx_word' id='word_1_278' title='bbox 283 3618 469 3701; x_wconf 77' lang='lat' dir='ltr'><strong>subjeetum</strong></span> <span class='ocrx_word' id='word_1_279' title='bbox 486 3621 673 3685; x_wconf 89' lang='lat' dir='ltr'><strong>animatum</strong></span> <span class='ocrx_word' id='word_1_280' title='bbox 691 3639 759 3682; x_wconf 92' lang='lat' dir='ltr'><strong>non</strong></span> <span class='ocrx_word' id='word_1_281' title='bbox 776 3620 882 3682; x_wconf 92' lang='lat' dir='ltr'><strong>sentit</strong></span> <span class='ocrx_word' id='word_1_282' title='bbox 898 3619 998 3682; x_wconf 90' lang='lat' dir='ltr'><strong>aliter</strong></span> <span class='ocrx_word' id='word_1_283' title='bbox 1013 3640 1113 3703; x_wconf 91' lang='lat' dir='ltr'><strong>quam</strong></span> <span class='ocrx_word' id='word_1_284' title='bbox 1130 3622 1220 3704; x_wconf 94' lang='lat' dir='ltr'><strong>quod</strong></span> 
     </span>
     <span class='ocr_line' id='line_1_35' title="bbox 108 3712 1220 3796; baseline 0 -16"><span class='ocrx_word' id='word_1_285' title='bbox 108 3737 153 3780; x_wconf 87' lang='lat' dir='ltr'><strong>ex</strong></span> <span class='ocrx_word' id='word_1_286' title='bbox 183 3736 221 3777; x_wconf 89' lang='lat' dir='ltr'><strong>se</strong></span> <span class='ocrx_word' id='word_1_287' title='bbox 251 3726 356 3789; x_wconf 88' lang='lat' dir='ltr'><strong>amet,</strong></span> <span class='ocrx_word' id='word_1_288' title='bbox 378 3734 444 3778; x_wconf 92' lang='lat' dir='ltr'><strong>non</strong></span> <span class='ocrx_word' id='word_1_289' title='bbox 468 3715 557 3778; x_wconf 89' lang='lat' dir='ltr'><strong>enim</strong></span> <span class='ocrx_word' id='word_1_290' title='bbox 578 3714 722 3796; x_wconf 90' lang='lat' dir='ltr'><strong>percipit</strong></span> <span class='ocrx_word' id='word_1_291' title='bbox 745 3712 930 3792; x_wconf 84' lang='lat' dir='ltr'><strong>influxum;</strong></span> <span class='ocrx_word' id='word_1_292' title='bbox 957 3723 993 3778; x_wconf 93' lang='lat' dir='ltr'><strong>et</strong></span> <span class='ocrx_word' id='word_1_293' title='bbox 1016 3715 1096 3778; x_wconf 91' lang='lat' dir='ltr'><strong>dum</strong></span> <span class='ocrx_word' id='word_1_294' title='bbox 1115 3717 1220 3780; x_wconf 85' lang='lat' dir='ltr'><strong>etiam</strong></span> 
     </span>
     <span class='ocr_line' id='line_1_36' title="bbox 108 3807 1218 3891; baseline 0 -18"><span class='ocrx_word' id='word_1_295' title='bbox 108 3808 290 3874; x_wconf 68' lang='lat' dir='ltr'><strong>actualiter</strong></span> <span class='ocrx_word' id='word_1_296' title='bbox 312 3829 349 3871; x_wconf 90' lang='lat' dir='ltr'><strong>se</strong></span> <span class='ocrx_word' id='word_1_297' title='bbox 371 3817 476 3882; x_wconf 91' lang='lat' dir='ltr'><strong>amat,</strong></span> <span class='ocrx_word' id='word_1_298' title='bbox 496 3807 577 3870; x_wconf 83' lang='lat' dir='ltr'><strong>lacit</strong></span> <span class='ocrx_word' id='word_1_299' title='bbox 600 3825 750 3871; x_wconf 91' lang='lat' dir='ltr'><strong>amorem</strong></span> <span class='ocrx_word' id='word_1_300' title='bbox 774 3807 941 3870; x_wconf 83' lang='lat' dir='ltr'><strong>infantum</strong></span> <span class='ocrx_word' id='word_1_301' title='bbox 964 3808 1015 3871; x_wconf 91' lang='lat' dir='ltr'><strong>sui</strong></span> <span class='ocrx_word' id='word_1_302' title='bbox 1037 3811 1218 3891; x_wconf 87' lang='lat' dir='ltr'><strong>proprium,</strong></span> 
     </span>
     <span class='ocr_line' id='line_1_37' title="bbox 111 3900 1221 3985; baseline -0.001 -18"><span class='ocrx_word' id='word_1_303' title='bbox 111 3924 188 3967; x_wconf 90' lang='lat' dir='ltr'><strong>narn</strong></span> <span class='ocrx_word' id='word_1_304' title='bbox 206 3914 371 3985; x_wconf 92' lang='lat' dir='ltr'><strong>tanquam</strong></span> <span class='ocrx_word' id='word_1_305' title='bbox 387 3902 482 3965; x_wconf 89' lang='lat' dir='ltr'><strong>videt</strong></span> <span class='ocrx_word' id='word_1_306' title='bbox 499 3922 536 3965; x_wconf 90' lang='lat' dir='ltr'><strong>se</strong></span> <span class='ocrx_word' id='word_1_307' title='bbox 555 3903 588 3964; x_wconf 96' lang='lat' dir='ltr'><strong>in</strong></span> <span class='ocrx_word' id='word_1_308' title='bbox 604 3901 671 3965; x_wconf 91' lang='lat' dir='ltr'><strong>illis</strong></span> <span class='ocrx_word' id='word_1_309' title='bbox 687 3911 723 3966; x_wconf 92' lang='lat' dir='ltr'><strong>et</strong></span> <span class='ocrx_word' id='word_1_310' title='bbox 742 3900 821 3963; x_wconf 91' lang='lat' dir='ltr'><strong>illos</strong></span> <span class='ocrx_word' id='word_1_311' title='bbox 839 3902 873 3964; x_wconf 93' lang='lat' dir='ltr'><strong>in</strong></span> <span class='ocrx_word' id='word_1_312' title='bbox 890 3922 937 3975; x_wconf 92' lang='lat' dir='ltr'><strong>se,</strong></span> <span class='ocrx_word' id='word_1_313' title='bbox 954 3911 990 3964; x_wconf 90' lang='lat' dir='ltr'><strong>et</strong></span> <span class='ocrx_word' id='word_1_314' title='bbox 1009 3922 1046 3964; x_wconf 90' lang='lat' dir='ltr'><strong>se</strong></span> <span class='ocrx_word' id='word_1_315' title='bbox 1062 3902 1221 3966; x_wconf 93' lang='lat' dir='ltr'><strong>cumillis</strong></span> 
     </span>
     <span class='ocr_line' id='line_1_38' title="bbox 110 3994 1221 4080; baseline 0 -19"><span class='ocrx_word' id='word_1_316' title='bbox 110 4000 158 4063; x_wconf 91' lang='lat' dir='ltr'><strong>ita</strong></span> <span class='ocrx_word' id='word_1_317' title='bbox 180 4000 323 4061; x_wconf 86' lang='lat' dir='ltr'><strong>unitum.</strong></span> <span class='ocrx_word' id='word_1_318' title='bbox 369 3997 453 4060; x_wconf 92' lang='lat' dir='ltr'><strong>Inde</strong></span> <span class='ocrx_word' id='word_1_319' title='bbox 472 3997 576 4060; x_wconf 89' lang='lat' dir='ltr'><strong>etiam</strong></span> <span class='ocrx_word' id='word_1_320' title='bbox 599 4006 652 4061; x_wconf 91' lang='lat' dir='ltr'><strong>est</strong></span> <span class='ocrx_word' id='word_1_321' title='bbox 676 3996 767 4080; x_wconf 92' lang='lat' dir='ltr'><strong>quod</strong></span> <span class='ocrx_word' id='word_1_322' title='bbox 790 3994 849 4059; x_wconf 90' lang='lat' dir='ltr'><strong>ille</strong></span> <span class='ocrx_word' id='word_1_323' title='bbox 871 4014 966 4058; x_wconf 93' lang='lat' dir='ltr'><strong>amor</strong></span> <span class='ocrx_word' id='word_1_324' title='bbox 983 3994 1073 4075; x_wconf 89' lang='lat' dir='ltr'><strong>apud</strong></span> <span class='ocrx_word' id='word_1_325' title='bbox 1092 3994 1221 4061; x_wconf 88' lang='lat' dir='ltr'><strong>bestias</strong></span> 
     </span>
     <span class='ocr_line' id='line_1_39' title="bbox 110 4089 1222 4173; baseline 0.001 -18"><span class='ocrx_word' id='word_1_326' title='bbox 110 4093 260 4157; x_wconf 90' lang='lat' dir='ltr'><strong>immites</strong></span> <span class='ocrx_word' id='word_1_327' title='bbox 282 4093 327 4155; x_wconf 89' lang='lat' dir='ltr'><strong>sit</strong></span> <span class='ocrx_word' id='word_1_328' title='bbox 349 4091 508 4166; x_wconf 89' lang='lat' dir='ltr'><strong>atrocior,</strong></span> <span class='ocrx_word' id='word_1_329' title='bbox 528 4100 565 4153; x_wconf 89' lang='lat' dir='ltr'><strong>ut</strong></span> <span class='ocrx_word' id='word_1_330' title='bbox 588 4091 677 4173; x_wconf 92' lang='lat' dir='ltr'><strong>apud</strong></span> <span class='ocrx_word' id='word_1_331' title='bbox 700 4090 818 4155; x_wconf 91' lang='lat' dir='ltr'><strong>leones</strong></span> <span class='ocrx_word' id='word_1_332' title='bbox 840 4099 876 4154; x_wconf 89' lang='lat' dir='ltr'><strong>et</strong></span> <span class='ocrx_word' id='word_1_333' title='bbox 900 4089 1047 4166; x_wconf 88' lang='lat' dir='ltr'><strong>leaenas,</strong></span> <span class='ocrx_word' id='word_1_334' title='bbox 1067 4110 1162 4153; x_wconf 93' lang='lat' dir='ltr'><strong>ursos</strong></span> <span class='ocrx_word' id='word_1_335' title='bbox 1184 4102 1222 4156; x_wconf 89' lang='lat' dir='ltr'><strong>et</strong></span> 
     </span>
     <span class='ocr_line' id='line_1_40' title="bbox 111 4183 1222 4268; baseline -0.002 -17"><span class='ocrx_word' id='word_1_336' title='bbox 111 4208 217 4262; x_wconf 91' lang='lat' dir='ltr'><strong>ursas,</strong></span> <span class='ocrx_word' id='word_1_337' title='bbox 241 4184 425 4267; x_wconf 90' lang='lat' dir='ltr'><strong>leopardos</strong></span> <span class='ocrx_word' id='word_1_338' title='bbox 447 4194 483 4249; x_wconf 90' lang='lat' dir='ltr'><strong>et</strong></span> <span class='ocrx_word' id='word_1_339' title='bbox 507 4185 697 4268; x_wconf 88' lang='lat' dir='ltr'><strong>leopardas,</strong></span> <span class='ocrx_word' id='word_1_340' title='bbox 722 4183 821 4267; x_wconf 90' lang='lat' dir='ltr'><strong>lupos</strong></span> <span class='ocrx_word' id='word_1_341' title='bbox 843 4193 880 4248; x_wconf 91' lang='lat' dir='ltr'><strong>et</strong></span> <span class='ocrx_word' id='word_1_342' title='bbox 902 4183 1010 4265; x_wconf 88' lang='lat' dir='ltr'><strong>lupas,</strong></span> <span class='ocrx_word' id='word_1_343' title='bbox 1034 4192 1070 4247; x_wconf 92' lang='lat' dir='ltr'><strong>et</strong></span> <span class='ocrx_word' id='word_1_344' title='bbox 1092 4184 1222 4249; x_wconf 87' lang='lat' dir='ltr'><strong>similes</strong></span> 
     </span>
     <span class='ocr_line' id='line_1_41' title="bbox 110 4271 1224 4363; baseline -0.002 -18"><span class='ocrx_word' id='word_1_345' title='bbox 110 4281 204 4353; x_wconf 87' lang='lat' dir='ltr'><strong>alias,</strong></span> <span class='ocrx_word' id='word_1_346' title='bbox 216 4294 318 4363; x_wconf 89' lang='lat' dir='ltr'><strong>quam</strong></span> <span class='ocrx_word' id='word_1_347' title='bbox 329 4280 417 4360; x_wconf 90' lang='lat' dir='ltr'><strong>apud</strong></span> <span class='ocrx_word' id='word_1_348' title='bbox 428 4300 544 4362; x_wconf 92' lang='lat' dir='ltr'><strong>equos,</strong></span> <span class='ocrx_word' id='word_1_349' title='bbox 558 4298 688 4353; x_wconf 88' lang='lat' dir='ltr'><strong>cervos,</strong></span> <span class='ocrx_word' id='word_1_350' title='bbox 700 4277 823 4354; x_wconf 92' lang='lat' dir='ltr'><strong>hircos,</strong></span> <span class='ocrx_word' id='word_1_351' title='bbox 837 4298 919 4341; x_wconf 89' lang='lat' dir='ltr'><strong>oves</strong></span> <span class='ocrx_word' id='word_1_352' title='bbox 931 4297 939 4356; x_wconf 91' lang='grc'><strong>;</strong></span> <span class='ocrx_word' id='word_1_353' title='bbox 958 4271 1133 4352; x_wconf 85' lang='lat' dir='ltr'><strong>causaest,</strong></span> <span class='ocrx_word' id='word_1_354' title='bbox 1146 4280 1224 4362; x_wconf 89' lang='lat' dir='ltr'><strong>quia</strong></span> 
     </span>
     <span class='ocr_line' id='line_1_42' title="bbox 111 4371 1224 4454; baseline -0.003 -14"><span class='ocrx_word' id='word_1_355' title='bbox 111 4376 300 4440; x_wconf 89' lang='lat' dir='ltr'><strong>immitibus</strong></span> <span class='ocrx_word' id='word_1_356' title='bbox 323 4372 390 4436; x_wconf 92' lang='lat' dir='ltr'><strong>illis</strong></span> <span class='ocrx_word' id='word_1_357' title='bbox 412 4373 532 4437; x_wconf 91' lang='lat' dir='ltr'><strong>bestiis</strong></span> <span class='ocrx_word' id='word_1_358' title='bbox 555 4382 608 4437; x_wconf 91' lang='lat' dir='ltr'><strong>est</strong></span> <span class='ocrx_word' id='word_1_359' title='bbox 630 4372 815 4436; x_wconf 91' lang='lat' dir='ltr'><strong>dominium</strong></span> <span class='ocrx_word' id='word_1_360' title='bbox 834 4391 935 4454; x_wconf 89' lang='lat' dir='ltr'><strong>super</strong></span> <span class='ocrx_word' id='word_1_361' title='bbox 958 4371 1068 4449; x_wconf 92' lang='lat' dir='ltr'><strong>mites,</strong></span> <span class='ocrx_word' id='word_1_362' title='bbox 1085 4380 1121 4434; x_wconf 91' lang='lat' dir='ltr'><strong>et</strong></span> <span class='ocrx_word' id='word_1_363' title='bbox 1144 4373 1224 4437; x_wconf 91' lang='lat' dir='ltr'><strong>inde</strong></span> 
     </span>
    </p>
   </div>
   <div class='ocr_carea' id='block_1_3' title="bbox 0 0 1397 5026">
    <p class='ocr_par' dir='ltr' id='par_1_4' title="bbox 0 0 1397 5026">
     <span class='ocr_line' id='line_1_43' title="bbox 0 0 1397 5026; baseline 0 0"><span class='ocrx_word' id='word_1_364' title='bbox 0 0 1397 5026; x_wconf 95' lang='lat' dir='ltr'><strong> </strong></span> 
     </span>
    </p>
   </div>
  </div>
 </body>
</html>
