2782 5026
336 480 387 532 oa
409 476 546 531 suone
573 476 880 529 sommum—u.
899 463 949 546 89.
1167 463 1206 545 85

80 668 158 713 num
170 649 306 714 Verum
320 658 358 715 ut
371 670 473 714 unum
487 651 676 732 procedant
692 671 713 714 a
729 649 898 715 Domino:
925 648 998 734 (iii.)
1019 647 1121 733 Quod
1137 653 1204 716 hoc

82 764 181 809 unum
199 745 234 809 in
253 746 404 828 quadam
426 747 574 828 imagine
593 746 638 810 sit
660 746 695 809 in
718 747 811 809 omni
829 754 968 810 creato:
1002 746 1077 830 (iv.)
1103 746 1207 830 Quod

84 836 213 904 Bonum
235 861 308 904 non
331 842 377 905 sit
400 841 527 905 bonum
551 842 614 905 nisi
635 852 802 924 quantum
825 843 957 906 unitum
981 851 1034 905 est
1055 863 1148 916 vero,
1169 854 1206 907 et

87 935 169 1013 quod
182 933 315 999 Verum
333 955 401 999 non
418 936 462 1000 sit
477 957 594 1000 verum
611 937 674 999 nisi
691 945 856 1019 quantum
873 938 1005 1000 unitum
1018 946 1072 1001 est
1088 938 1203 1001 bono:

91 1026 143 1112 (v.)
168 1028 270 1111 Quod
290 1030 459 1093 Dominus
482 1050 552 1093 non
575 1032 735 1112 patiatur,
756 1039 793 1094 ut
817 1031 944 1114 aliquid
967 1032 1013 1095 sit
1035 1033 1204 1112 divisum;

91 1140 183 1202 quare
205 1124 312 1188 homo
334 1125 478 1189 velerit
508 1127 543 1188 in
572 1126 666 1189 bono
696 1136 732 1190 et
762 1126 861 1189 simul
880 1145 974 1204 vero,
993 1127 1049 1190 vel
1079 1128 1142 1190 erit
1172 1127 1206 1189 in

93 1220 171 1284 nalo
189 1230 226 1284 et
244 1220 345 1284 simul
364 1219 459 1283 salso.
504 1220 645 1285 Praeter
667 1221 774 1302 plura.

144 1314 216 1380 88.
240 1313 317 1398 (iii.)
344 1314 442 1392 Quod
453 1316 551 1379 detur
561 1337 676 1380 verum
692 1314 778 1391 boni,
795 1326 828 1380 et
844 1337 887 1378 ex
900 1314 960 1378 lroc
974 1313 1092 1379 bonum
1106 1315 1182 1379 veri
1188 1338 1204 1389 ,·

88 1427 138 1472 seu
153 1431 268 1473 verum
286 1431 329 1472 ex
346 1410 436 1485 bono,
456 1431 495 1473 ac
512 1407 630 1473 bonum
648 1431 691 1474 ex
716 1410 774 1473 illo
791 1432 894 1485 vero,·
924 1421 956 1474 et
973 1411 1063 1493 quod
1077 1409 1203 1473 duobus

86 1501 154 1567 illis
175 1525 197 1568 a
214 1504 378 1568 creatione
395 1503 501 1568 insita
518 1504 566 1568 sit
587 1505 758 1590 inclinattjo
775 1505 825 1568 ad
838 1526 875 1568 se
891 1504 1152 1589 conjungendum
1169 1504 1205 1568 in

78 1598 428 1663 utrum-Necessum
447 1608 500 1662 est
520 1609 557 1662 ut
577 1599 620 1663 de
639 1599 692 1662 his
709 1598 821 1682 aliqua
836 1596 997 1662 distincta
1015 1599 1093 1662 idea
1107 1619 1203 1663 com·

71 1703 227 1772 paretur,
248 1694 327 1776 quia
344 1694 423 1757 inde
443 1693 618 1776 dependet
641 1695 795 1775 cognitio
814 1693 857 1757 de
880 1694 1054 1758 essentiali
1073 1695 1205 1776 origine

66 1790 205 1852 amoris
222 1787 445 1869 conjugialis3
469 1801 524 1852 est
543 1790 645 1864 enim,
666 1799 704 1852 ut
723 1789 884 1872 sequitur,
904 1809 1020 1852 verum
1040 1789 1121 1852 boni
1144 1809 1204 1852 seu

63 1902 196 1946 rerum
214 1904 261 1947 ex
280 1883 373 1946 bono
392 1884 627 1959 masculinum,
645 1894 681 1947 et
700 1884 827 1947 bonum
845 1884 916 1946 veri
934 1904 994 1946 seu
1010 1884 1137 1946 bonum
1157 1904 1203 1946 ex

59 1978 146 2039 illo
161 1997 240 2042 vero
257 1979 457 2042 femininum
471 2000 478 2057 ;
502 1979 563 2041 sed
579 1978 824 2060 comprehendi
841 1988 958 2060 potest
977 1978 1043 2041 hoc
1060 1979 1205 2041 distinc-

58 2073 162 2147 tius,
180 2074 206 2136 si
225 2094 287 2156 pro
298 2074 392 2137 bono
410 2074 534 2137 dicitur
553 2094 659 2150 amor,
679 2082 716 2138 et
739 2093 801 2155 pro
819 2093 901 2136 vero
920 2074 1099 2154 sapientia,
1117 2093 1205 2156 quae

58 2167 174 2247 quod
195 2187 297 2231 unum
320 2168 412 2231 idem
435 2169 515 2244 sint,
536 2169 693 2231 videatur
716 2188 817 2249 supra
841 2167 889 2249 (n.
913 2166 981 2250 84).
1026 2166 1205 2249 Sapientia

59 2279 158 2322 non
180 2272 295 2344 potest
322 2264 413 2344 apud
442 2263 617 2326 hominem
647 2264 810 2338 existere,
832 2281 933 2346 quam
963 2282 1024 2343 per
1052 2282 1204 2326 amorem

62 2356 255 2436 sapiendi;
283 2359 311 2420 si
335 2358 389 2422 hic
412 2378 508 2422 amor
526 2359 687 2434 aufertur,
708 2359 813 2422 homo
832 2378 969 2440 prorsus
993 2377 1061 2420 non
1086 2368 1204 2438 potest

65 2466 219 2530 sapere;
237 2454 408 2534 sapientia
424 2474 469 2516 ex
485 2454 551 2517 hoc
567 2473 683 2517 amore
697 2453 902 2534 intelligitur
918 2474 979 2535 per
993 2471 1110 2516 verum
1122 2452 1204 2516 boni

70 2559 265 2611 seuverum
277 2569 323 2611 ex
335 2548 428 2612 bono
441 2569 449 2626 ;
468 2558 503 2612 at
518 2549 598 2611 dum
611 2549 716 2612 homo
727 2549 790 2612 sibi
803 2570 848 2611 ex
860 2548 920 2611 illo
934 2567 1049 2611 amore
1062 2567 1203 2629 compa·

73 2640 174 2703 ravit
187 2644 399 2724 sapientiam,
416 2664 455 2707 ac
472 2643 564 2706 illam
581 2653 675 2707 amat
695 2645 728 2707 in
746 2664 793 2718 se,
811 2663 870 2707 seu
888 2664 926 2706 se
941 2652 1081 2725 propter
1096 2642 1202 2719 illam,

78 2738 171 2796 tunc
188 2737 310 2802 format
333 2748 496 2813 amo'rem,
520 2741 577 2820 qui
601 2748 655 2801 est
679 2759 774 2801 amor
793 2738 993 2819 sapientiae,
1013 2747 1049 2801 et
1072 2737 1203 2800 intelli·

83 2823 179 2899 gitur
194 2850 249 2912 per
264 2833 394 2896 bonum
411 2834 481 2896 veri
500 2854 560 2897 seu
576 2834 704 2897 bonum
723 2854 768 2896 ex
788 2832 848 2896 illo
863 2852 966 2895 vero:
991 2842 1071 2895 sunt
1086 2833 1202 2915 itaque

88 2913 161 2983 d¹10
177 2945 304 2991 amores
327 2928 418 3009 apud
441 2928 560 3003 virum,
580 2948 724 3010 quorum
747 2948 843 3000 unus,
868 2927 924 3009 qui
946 2937 999 2990 est
1023 2928 1123 3008 prior,
1148 2937 1202 2991 est

93 3026 181 3080 amor
196 3023 361 3104 sapiendi,
382 3032 418 3086 et
441 3022 539 3098 alter,
560 3024 617 3105 qui
639 3033 693 3087 est
717 3023 896 3104 posterior,
916 3032 970 3086 est
993 3041 1089 3086 amor
1111 3023 1203 3104 sapi·

97 3111 214 3193 entiae;
235 3127 272 3182 at
288 3116 344 3181 hic
361 3137 466 3193 amor,
484 3118 512 3180 si
527 3128 645 3181 manet
663 3118 752 3199 apud
768 3118 887 3191 virum,
901 3126 955 3181 est
972 3136 1067 3180 amor
1079 3116 1200 3189 malus,

101 3206 135 3260 et
153 3222 281 3275 vocatur
303 3211 411 3276 fastus
433 3233 493 3275 seu
517 3232 613 3275 amor
631 3213 786 3294 propriae
809 3211 1087 3292 intelligentiae3
1109 3211 1202 3294 quod

103 3287 150 3356 hic
167 3320 252 3370 amor
273 3307 474 3387 desumptus
496 3307 541 3371 sit
571 3327 592 3369 a
614 3309 697 3380 viro,
722 3327 766 3369 ne
789 3307 912 3387 perdat
934 3325 1022 3381 eum,
1046 3315 1082 3370 et
1105 3316 1201 3369 tran·

107 3391 225 3473 Scriptus
237 3402 282 3465 sit
299 3401 333 3463 in
351 3402 536 3476 mulierem,
555 3411 592 3464 ut
608 3401 668 3464 fiat
684 3420 779 3464 amor
791 3400 1003 3482 coniugialis,
1017 3401 1072 3483 qui
1087 3401 1202 3464 redin-

109 3483 198 3563 tegrat
224 3494 332 3570 illum,
364 3516 385 3558 a
418 3497 592 3559 creatione
622 3496 793 3577 provisum
823 3497 879 3570 sit,
910 3497 945 3558 in
978 3496 1201 3578 sequentibus

109 3581 344 3653 confirmabitur.
388 3590 529 3673 Aliquid
546 3591 589 3654 de
605 3591 692 3653 binis
708 3590 774 3653 illis
789 3590 972 3666 amoribus,
990 3599 1025 3654 et
1045 3591 1088 3654 de
1107 3600 1201 3653 tran-

110 3675 263 3759 scriptione
286 3686 486 3766 posterioris
508 3687 542 3748 in
564 3686 752 3760 mulierem,
776 3686 932 3748 videatur
954 3704 1056 3765 supra
1080 3683 1128 3765 (n.
1149 3700 1201 3763 32,

112 3775 148 3842 ³³,
162 3787 191 3840 et
207 3780 239 3843 in
258 3778 567 3856 Praeliminaribus,
588 3799 620 3842 n.
644 3778 712 3861 20).
758 3778 793 3843 Si
818 3799 902 3860 ergo
925 3799 987 3861 pro
1009 3799 1125 3844 amore
1148 3780 1201 3840 in·

111 3859 247 3966 telligitur
264 3874 405 3948 bonum,
426 3882 461 3937 et
490 3894 552 3955 pro
582 3875 751 3955 sapientia
773 3893 901 3949 verum,
922 3885 1004 3938 tunc
1034 3895 1079 3937 ex
1110 3891 1200 3935 nunc

111 3949 184 4028 (ldis
199 3979 349 4044 constat,
366 3970 457 4052 quod
473 3970 574 4033 detur
589 3989 706 4032 verum
722 3970 803 4033 boni
821 3989 880 4031 seu
896 3989 1013 4032 verum
1031 3990 1076 4033 ex
1095 3968 1199 4044 bono,

111 4054 137 4108 ⁸¹
150 4073 186 4124 tx
202 4063 268 4128 hoc
285 4064 416 4127 bonum
434 4065 506 4128 veri
524 4084 582 4127 seu
601 4063 730 4127 bonum
750 4084 795 4126 ex
814 4062 875 4127 illo
893 4084 985 4127 vero.

157 4148 218 4236 89.
247 4157 350 4241 Quod
370 4157 437 4221 illis
451 4159 586 4222 >duobus
609 4179 630 4221 a
648 4159 821 4222 creatione
840 4158 943 4221 insita
961 4158 1006 4221 sit
1024 4156 1201 4220 inclinatio

113 4236 144 4298 ld
155 4262 185 4311 te
199 4253 473 4335 conjungendum
488 4253 520 4316 in
537 4272 651 4328 unum,
665 4262 718 4316 est
735 4254 813 4335 quia
828 4271 931 4314 unum
946 4252 1129 4315 formatum
1146 4260 1203 4315 est

115 4346 147 4394 ἐκ
167 4343 284 4427 altero;
318 4348 488 4429 sapientia
515 4368 562 4411 ex
591 4366 707 4411 amore
730 4346 894 4428 sapiendi,
918 4367 978 4409 seu
1006 4366 1123 4409 verum
1154 4367 1200 4409 ex

115 4419 200 4517 b0¹¹05
222 4462 260 4506 ac
282 4463 380 4507 amor
403 4442 592 4523 sapientiae
621 4463 667 4506 ex
696 4441 755 4505 illa
784 4441 964 4522 sapientia,
982 4461 1042 4504 seu
1070 4440 1199 4505 bonum
