2850 5026
153 441 216 507 314
496 431 680 485 naucum
702 430 930 482 snrmurms

149 609 275 675 cohors
290 609 458 672 damnosa
474 607 647 689 persistat,
664 625 710 668 ex
727 605 934 668 necessitate
951 602 1161 684 delegantur
1173 602 1269 667 simul

148 707 183 769 in
202 703 380 775 infernum,
398 722 438 766 ac
457 703 503 764 ibi
522 711 621 782 pater
638 710 720 763 ante
739 698 865 763 liberos
881 697 1067 762 includitur
1083 699 1269 773 custodiae,

148 817 189 861 ac
209 796 306 860 liberi
325 807 538 877 separantur,
558 806 594 859 et
613 795 755 877 quisque
774 795 978 858 amandatur
996 793 1040 857 ad
1057 793 1175 857 locum
1192 814 1271 858 suae

149 893 252 955 vitae.

212 997 313 1067 4⁰7.
344 984 408 1047 His
427 982 584 1062 adjiciam
600 985 665 1048 hoc
690 983 867 1062 mirabile;
891 983 982 1067 quod
1005 985 1039 1047 in
1058 985 1191 1048 mundo
1205 985 1273 1066 spi·

150 1080 262 1144 rituali
281 1081 422 1143 viderim
442 1093 569 1162 patres,
586 1083 642 1162 qui
664 1102 710 1144 ex
730 1081 821 1155 odio,
840 1090 875 1143 et
894 1081 981 1142 sicut
996 1079 1109 1142 lurore
1125 1099 1273 1160 aspexe-

148 1186 226 1239 rant
250 1176 399 1240 inlantes
422 1178 529 1239 oculis
548 1176 684 1240 illorum
706 1176 855 1249 oblatos,
876 1187 911 1240 et
931 1187 1003 1240 tam
1021 1174 1127 1240 feroci
1147 1177 1272 1249 animo,

150 1282 187 1334 ut
210 1272 237 1333 si
261 1282 413 1351 possent,
434 1273 511 1333 illos
530 1292 653 1335 necare
671 1271 822 1348 vellent;
846 1281 901 1335 ast
920 1282 956 1334 ut
976 1273 1122 1353 primum
1142 1270 1210 1334 illis
1228 1292 1273 1335 ex

150 1367 298 1428 mentito
314 1363 442 1429 dictum
461 1376 526 1439 est,
544 1367 634 1448 quod
653 1367 757 1447 ipsius
773 1366 920 1429 infantes
936 1376 1063 1438 essent,
1080 1366 1175 1430 illico
1192 1377 1273 1430 tunc

150 1461 292 1525 recessit
311 1460 400 1524 suror
423 1472 458 1524 et
482 1461 652 1535 ferocitas,
673 1481 713 1524 ac
736 1461 815 1524 illos
831 1461 965 1544 perdite
983 1461 1161 1525 amabant.
1207 1460 1273 1524 Hic

150 1575 246 1618 amor
264 1566 300 1618 et
319 1555 401 1618 illud
422 1556 538 1618 odium
556 1556 655 1618 simul
678 1567 731 1619 est
751 1555 827 1628 illis,
847 1557 903 1637 qui
925 1557 960 1618 in
983 1556 1112 1618 mundo
1130 1556 1274 1619 interius

149 1649 261 1713 dolosi
280 1650 424 1724 fuerant,
444 1671 483 1713 ac
500 1650 746 1714 infestaverant
767 1653 916 1714 animum
933 1662 1054 1714 contra
1073 1651 1273 1714 Dominum.

212 1742 318 1855 408.
342 1744 455 1826 (xvii.)
483 1744 579 1822 Quod
593 1744 650 1807 ille
667 1766 762 1808 amor
776 1745 872 1826 apud
882 1744 1080 1826 spirituales
1096 1745 1144 1807 sit
1159 1744 1203 1807 ab
1221 1745 1274 1807 in·

150 1840 272 1903 teriori
294 1860 351 1902 seu
373 1840 496 1920 priori,
521 1839 617 1920 apud
634 1840 807 1903 naturales
830 1851 941 1903 autem
969 1839 1011 1902 ab
1032 1840 1199 1903 exteriori
1217 1859 1274 1903 seu

146 1934 548 2015 posterrorr‘.-Cogitare
566 1945 602 1998 et
625 1935 831 1998 concludere
854 1956 899 1998 ex
923 1936 1075 1998 interiori
1099 1945 1136 1998 et
1160 1935 1262 2015 priori

150 2040 204 2092 est
223 2050 268 2093 ex
288 2029 409 2092 finibus
428 2040 463 2092 et
482 2031 593 2092 causis
612 2030 656 2092 ad
675 2027 826 2105 effeetus,
845 2040 881 2093 at
901 2032 1055 2111 cogitare
1074 2041 1111 2092 et
1131 2028 1265 2093 conclu·

150 2127 231 2189 dere
245 2126 289 2188 ab
298 2126 459 2188 exteriori
471 2146 529 2187 seu
540 2126 731 2205 posteriori,
743 2135 796 2188 est
807 2146 851 2188 ex
863 2124 1037 2189 effectibus
1051 2125 1093 2188 ad
1106 2145 1228 2188 causas
1239 2133 1276 2188 et

150 2218 255 2298 fines;
278 2219 363 2282 haec
383 2221 577 2301 progressio
595 2230 649 2283 est
673 2231 795 2282 contra
817 2222 984 2292 ordinem,
1004 2219 1063 2283 illa
1082 2231 1200 2283 autem
1220 2229 1275 2281 est

149 2316 337 2378 secundum
356 2316 534 2390 ordinem;
560 2334 638 2377 nam
658 2316 812 2396 cogitare
831 2326 866 2378 et
887 2315 1092 2378 concludere
1112 2335 1133 2377 a
1151 2314 1274 2376 finibus

149 2420 186 2473 et
205 2412 327 2484 causis,
349 2420 402 2473 est
422 2431 441 2472 a
461 2410 559 2472 bonis
578 2420 613 2472 et
633 2410 722 2471 veris
741 2411 774 2473 in
793 2412 964 2492 superiore
984 2412 1127 2491 regione
1147 2410 1274 2472 mentis

149 2504 347 2588 perspectis,
361 2507 404 2567 ad
418 2503 556 2568 effectus
569 2506 601 2567 in
614 2505 769 2568 inferiore
782 2528 790 2581 ;
810 2507 884 2586 ipsa
895 2506 1110 2568 rationalitas
1124 2504 1276 2568 humana

149 2621 171 2664 a
188 2601 363 2664 creatione
379 2600 458 2662 talis
475 2611 548 2662 est:
573 2610 609 2662 at
628 2601 781 2680 cogitare
800 2611 835 2663 et
855 2600 1059 2663 concludere
1080 2600 1125 2662 ab
1145 2597 1273 2663 effecti·

149 2696 223 2769 bus,
241 2705 293 2758 est
312 2697 356 2756 ab
374 2694 528 2756 inferiore
548 2696 686 2775 regione
703 2696 838 2768 mentis,
857 2696 912 2757 ubi
932 2695 1102 2757 sensualia
1119 2695 1274 2775 corporis

149 2809 227 2852 cum
250 2790 318 2851 suis
341 2791 548 2869 apparentiis
571 2800 606 2851 et
633 2789 774 2853 fallaciis
797 2800 887 2864 sunt,
912 2791 1069 2871 augurari
1092 2810 1216 2852 causas
1238 2799 1273 2853 et

150 2882 244 2957 fines,
265 2885 355 2964 quod
379 2885 412 2945 in
432 2905 468 2946 se
488 2904 556 2947 non
575 2884 665 2947 aliud
685 2895 738 2947 est
762 2904 863 2966 quam
882 2884 1082 2948 confirmare
1101 2885 1273 2949 falsitates

149 2986 185 3040 et
209 2980 514 3058 concupiscentias,
535 2990 570 3041 et
593 2979 655 3041 has
678 2990 757 3060 post
780 2978 1074 3042 confirmationem
1094 2981 1213 3043 videre
1237 2990 1272 3043 et

149 3071 288 3135 credere
311 3093 386 3134 esse
406 3075 594 3153 sapientiae
614 3075 789 3146 veritates,
807 3085 842 3137 et
865 3073 962 3155 hujus
986 3075 1110 3137 amoris
1134 3076 1272 3138 bonita-

149 3175 213 3229 tes.
258 3166 374 3230 Simile
398 3179 451 3230 est
476 3188 551 3231 cum
575 3188 690 3231 amore
714 3169 881 3231 infantum
908 3180 944 3233 et
975 3170 1158 3232 liberorum
1182 3170 1272 3251 apud

149 3262 341 3343 spirituales
361 3274 395 3325 et
416 3264 608 3340 naturales;
632 3264 826 3344 spirituales
849 3274 967 3327 amant
990 3264 1066 3327 illos
1086 3286 1130 3327 ex
1158 3267 1270 3347 priori,

149 3357 195 3420 ita
219 3359 405 3420 secundum
430 3360 607 3437 ordinem;
639 3360 812 3422 naturales
836 3371 952 3422 autem
976 3370 1094 3422 amant
1119 3359 1198 3423 illos
1226 3382 1271 3424 ex

149 3454 340 3533 posteriori,
362 3455 410 3515 ita
434 3467 555 3517 contra
579 3455 744 3517 ordinem.
791 3454 888 3518 Haec
907 3453 1055 3518 adducta
1078 3466 1160 3519 sunt
1183 3458 1270 3520 dun·

150 3557 251 3610 taxat
270 3548 314 3609 ad
334 3548 629 3612 confirmationem
646 3549 779 3612 articuli
796 3550 1045 3631 praecedentis.

212 3656 319 3724 409·
345 3641 468 3724 (xviii.)
497 3643 592 3721 Quod
610 3644 686 3707 inde
707 3644 763 3716 sit,
788 3644 877 3725 quod
902 3643 958 3705 ille
979 3665 1074 3706 amor
1104 3645 1152 3708 sit
1179 3644 1275 3726 apud

148 3741 298 3820 consirges
322 3738 381 3818 qui
405 3759 439 3800 sc
462 3748 572 3800 mutrro
593 3749 709 3801 amant
730 3749 761 3800 et
783 3759 907 3819 quoque
929 3737 1023 3818 apud
1040 3740 1191 3821 conjuges
1214 3739 1273 3822 qui

149 3853 185 3894 se
201 3844 346 3913 prorsus
370 3855 432 3895 non
455 3844 593 3907 arriana·
621 3835 763 3916 proinde
786 3835 875 3915 apud
900 3835 1074 3897 naturales
1097 3856 1206 3916 aeque
1230 3855 1269 3899 ac

149 3929 239 4010 apud
274 3929 491 4010 spirituales;
526 3931 577 3992 his
607 3941 724 3992 autem
754 3941 808 3992 est
839 3949 934 3991 amor
964 3929 1176 4010 conjugialis,
1202 3931 1268 3994 illis

148 4043 230 4086 vero
251 4044 319 4086 non
338 4035 402 4097 est,
425 4026 486 4087 nisi
506 4044 675 4106 apparens
695 4036 729 4088 et
753 4024 994 4087 simulatorius.
1041 4023 1142 4105 Quod
1163 4047 1268 4108 usque

148 4139 244 4182 amor
262 4120 432 4182 infantum
455 4130 489 4182 et
512 4141 606 4183 amor
625 4119 825 4200 coniugialis
844 4140 945 4182 unum
967 4130 1087 4201 agant,
1113 4130 1166 4182 est
1190 4121 1268 4201 quia
1327 4144 1332 4161 ·

150 4216 243 4277 omni
262 4215 407 4277 feminae
427 4236 446 4276 a
466 4217 640 4278 creatione
658 4215 882 4295 implantatus
902 4225 955 4278 est
976 4235 1072 4277 amor
1091 4214 1267 4297 conjugia·

148 4307 200 4381 lis,
225 4319 261 4372 et
292 4311 390 4372 simul
414 4331 489 4372 cum
518 4310 577 4372 illo
606 4329 701 4372 amor
724 4311 937 4390 procreandi,
961 4311 1017 4392 qui
1046 4310 1079 4372 in
1110 4310 1267 4373 sobolem

148 4417 364 4486 procreatam
383 4405 631 4468 determinatur
649 4414 685 4467 et
704 4404 856 4481 confluit,
873 4426 913 4469 ac
933 4427 952 4469 a
976 4406 1108 4469 seminis
1127 4407 1269 4471 insertur
