<?xml version="1.0" encoding="UTF-8"?>
<!DOCTYPE html PUBLIC "-//W3C//DTD XHTML 1.0 Transitional//EN"
    "http://www.w3.org/TR/xhtml1/DTD/xhtml1-transitional.dtd">
<html xmlns="http://www.w3.org/1999/xhtml" xml:lang="en" lang="en">
 <head>
  <title>
</title>
<meta http-equiv="Content-Type" content="text/html;charset=utf-8" />
  <meta name='ocr-system' content='tesseract 3.04.00' />
  <meta name='ocr-capabilities' content='ocr_page ocr_carea ocr_par ocr_line ocrx_word'/>
</head>
<body>
  <div class='ocr_page' id='page_1' title='image "./deliciaesapient00swedgoog_0074.png"; bbox 0 0 2850 5026; ppageno 0'>
   <div class='ocr_carea' id='block_1_1' title="bbox 377 419 1244 503">
    <p class='ocr_par' dir='ltr' id='par_1_1' title="bbox 377 419 1244 503">
     <span class='ocr_line' id='line_1_1' title="bbox 377 419 1244 503; baseline 0 -17"><span class='ocrx_word' id='word_1_1' title='bbox 377 435 428 486; x_wconf 76' lang='lat' dir='ltr'>ns</span> <span class='ocrx_word' id='word_1_2' title='bbox 451 433 587 486; x_wconf 79' lang='lat' dir='ltr'>sunna</span> <span class='ocrx_word' id='word_1_3' title='bbox 609 433 928 500; x_wconf 68' lang='lat' dir='ltr'>comnenus—v.</span> <span class='ocrx_word' id='word_1_4' title='bbox 947 433 998 502; x_wconf 77' lang='lat'>75.</span> <span class='ocrx_word' id='word_1_5' title='bbox 1194 419 1244 503; x_wconf 79' lang='lat'>65</span> 
     </span>
    </p>
   </div>
   <div class='ocr_carea' id='block_1_2' title="bbox 113 605 1248 4474">
    <p class='ocr_par' dir='ltr' id='par_1_2' title="bbox 127 605 1247 748">
     <span class='ocr_line' id='line_1_2' title="bbox 128 605 1247 677; baseline -0.003 -15"><span class='ocrx_word' id='word_1_6' title='bbox 128 606 204 662; x_wconf 80' lang='lat' dir='ltr'>“Est</span> <span class='ocrx_word' id='word_1_7' title='bbox 215 605 253 662; x_wconf 88' lang='lat' dir='ltr'>ad</span> <span class='ocrx_word' id='word_1_8' title='bbox 271 605 338 660; x_wconf 88' lang='lat' dir='ltr'>illos</span> <span class='ocrx_word' id='word_1_9' title='bbox 353 606 401 660; x_wconf 88' lang='lat' dir='ltr'>via</span> <span class='ocrx_word' id='word_1_10' title='bbox 413 606 523 666; x_wconf 85' lang='lat' dir='ltr'>ardua;</span> <span class='ocrx_word' id='word_1_11' title='bbox 541 615 588 661; x_wconf 93' lang='lat' dir='ltr'>est</span> <span class='ocrx_word' id='word_1_12' title='bbox 606 622 659 676; x_wconf 85' lang='lat' dir='ltr'>per</span> <span class='ocrx_word' id='word_1_13' title='bbox 670 605 776 660; x_wconf 88' lang='lat' dir='ltr'>silvam</span> <span class='ocrx_word' id='word_1_14' title='bbox 789 621 922 676; x_wconf 84' lang='lat' dir='ltr'>opacam,</span> <span class='ocrx_word' id='word_1_15' title='bbox 937 620 1026 677; x_wconf 89' lang='lat' dir='ltr'>quam</span> <span class='ocrx_word' id='word_1_16' title='bbox 1043 619 1132 659; x_wconf 89' lang='lat' dir='ltr'>nemo</span> <span class='ocrx_word' id='word_1_17' title='bbox 1147 612 1247 676; x_wconf 88' lang='lat' dir='ltr'>potest</span> 
     </span>
     <span class='ocr_line' id='line_1_3' title="bbox 127 684 710 748; baseline -0.002 -8"><span class='ocrx_word' id='word_1_18' title='bbox 127 686 260 748; x_wconf 89' lang='lat' dir='ltr'>transire,</span> <span class='ocrx_word' id='word_1_19' title='bbox 274 685 330 740; x_wconf 89' lang='lat' dir='ltr'>nisi</span> <span class='ocrx_word' id='word_1_20' title='bbox 344 687 420 740; x_wconf 88' lang='lat' dir='ltr'>duce</span> <span class='ocrx_word' id='word_1_21' title='bbox 433 686 506 740; x_wconf 89' lang='lat' dir='ltr'>dato</span> <span class='ocrx_word' id='word_1_22' title='bbox 518 700 536 739; x_wconf 90' lang='lat' dir='ltr'>a</span> <span class='ocrx_word' id='word_1_23' title='bbox 550 684 710 740; x_wconf 87' lang='lat' dir='ltr'>Domino.”</span> 
     </span>
    </p>

    <p class='ocr_par' dir='ltr' id='par_1_3' title="bbox 121 761 1248 2102">
     <span class='ocr_line' id='line_1_4' title="bbox 181 761 1248 834; baseline -0.002 -14"><span class='ocrx_word' id='word_1_24' title='bbox 181 764 269 820; x_wconf 83' lang='lat' dir='ltr'>Eram</span> <span class='ocrx_word' id='word_1_25' title='bbox 282 763 312 819; x_wconf 92' lang='lat' dir='ltr'>in</span> <span class='ocrx_word' id='word_1_26' title='bbox 325 764 441 834; x_wconf 87' lang='lat' dir='ltr'>spiritu,</span> <span class='ocrx_word' id='word_1_27' title='bbox 454 775 486 819; x_wconf 88' lang='lat' dir='ltr'>ct</span> <span class='ocrx_word' id='word_1_28' title='bbox 498 764 612 819; x_wconf 85' lang='lat' dir='ltr'>accinxi</span> <span class='ocrx_word' id='word_1_29' title='bbox 627 780 674 818; x_wconf 91' lang='lat' dir='ltr'>me</span> <span class='ocrx_word' id='word_1_30' title='bbox 687 764 761 825; x_wconf 89' lang='lat' dir='ltr'>viae,</span> <span class='ocrx_word' id='word_1_31' title='bbox 774 773 806 818; x_wconf 87' lang='lat' dir='ltr'>et</span> <span class='ocrx_word' id='word_1_32' title='bbox 818 762 1022 818; x_wconf 81' lang='lat' dir='ltr'>convertimus</span> <span class='ocrx_word' id='word_1_33' title='bbox 1035 761 1125 818; x_wconf 77' lang='lat' dir='ltr'>facies</span> <span class='ocrx_word' id='word_1_34' title='bbox 1137 763 1175 817; x_wconf 87' lang='lat' dir='ltr'>ad</span> <span class='ocrx_word' id='word_1_35' title='bbox 1188 763 1248 818; x_wconf 91' lang='lat' dir='ltr'>ori·</span> 
     </span>
     <span class='ocr_line' id='line_1_5' title="bbox 126 842 1248 916; baseline -0.002 -17"><span class='ocrx_word' id='word_1_36' title='bbox 126 854 240 906; x_wconf 77' lang='lat' dir='ltr'>entem:</span> <span class='ocrx_word' id='word_1_37' title='bbox 258 854 290 899; x_wconf 88' lang='lat' dir='ltr'>et</span> <span class='ocrx_word' id='word_1_38' title='bbox 311 844 341 898; x_wconf 91' lang='lat' dir='ltr'>in</span> <span class='ocrx_word' id='word_1_39' title='bbox 363 844 515 916; x_wconf 89' lang='lat' dir='ltr'>pergendo</span> <span class='ocrx_word' id='word_1_40' title='bbox 533 843 595 898; x_wconf 89' lang='lat' dir='ltr'>vidi</span> <span class='ocrx_word' id='word_1_41' title='bbox 616 853 758 905; x_wconf 91' lang='lat' dir='ltr'>montem,</span> <span class='ocrx_word' id='word_1_42' title='bbox 773 842 861 912; x_wconf 91' lang='lat' dir='ltr'>cujus</span> <span class='ocrx_word' id='word_1_43' title='bbox 880 843 1009 897; x_wconf 84' lang='lat' dir='ltr'>altitudo</span> <span class='ocrx_word' id='word_1_44' title='bbox 1030 842 1151 913; x_wconf 83' lang='lat' dir='ltr'>pertigit</span> <span class='ocrx_word' id='word_1_45' title='bbox 1169 843 1248 897; x_wconf 86' lang='lat' dir='ltr'>ultra</span> 
     </span>
     <span class='ocr_line' id='line_1_6' title="bbox 127 920 1247 994; baseline -0.001 -17"><span class='ocrx_word' id='word_1_46' title='bbox 127 923 277 994; x_wconf 78' lang='lat' dir='ltr'>regionem</span> <span class='ocrx_word' id='word_1_47' title='bbox 291 923 424 978; x_wconf 90' lang='lat' dir='ltr'>nubium.</span> <span class='ocrx_word' id='word_1_48' title='bbox 461 923 665 978; x_wconf 81' lang='lat' dir='ltr'>Transivimus</span> <span class='ocrx_word' id='word_1_49' title='bbox 678 923 829 977; x_wconf 89' lang='lat' dir='ltr'>desertum</span> <span class='ocrx_word' id='word_1_50' title='bbox 846 938 996 993; x_wconf 87' lang='lat' dir='ltr'>magnum,</span> <span class='ocrx_word' id='word_1_51' title='bbox 1010 932 1041 976; x_wconf 89' lang='lat' dir='ltr'>et</span> <span class='ocrx_word' id='word_1_52' title='bbox 1056 920 1247 992; x_wconf 83' lang='lat' dir='ltr'>pervenimus</span> 
     </span>
     <span class='ocr_line' id='line_1_7' title="bbox 126 999 1246 1073; baseline -0.001 -17"><span class='ocrx_word' id='word_1_53' title='bbox 126 1001 155 1056; x_wconf 93' lang='lat' dir='ltr'>in</span> <span class='ocrx_word' id='word_1_54' title='bbox 175 1002 281 1057; x_wconf 89' lang='lat' dir='ltr'>silvam</span> <span class='ocrx_word' id='word_1_55' title='bbox 301 1018 339 1057; x_wconf 87' lang='lat' dir='ltr'>ex</span> <span class='ocrx_word' id='word_1_56' title='bbox 356 1001 446 1057; x_wconf 89' lang='lat' dir='ltr'>variis</span> <span class='ocrx_word' id='word_1_57' title='bbox 465 1003 605 1057; x_wconf 89' lang='lat' dir='ltr'>arborum</span> <span class='ocrx_word' id='word_1_58' title='bbox 625 1001 785 1073; x_wconf 84' lang='lat' dir='ltr'>generibus</span> <span class='ocrx_word' id='word_1_59' title='bbox 803 999 1024 1063; x_wconf 63' lang='lat' dir='ltr'>consonanter</span> <span class='ocrx_word' id='word_1_60' title='bbox 1042 1016 1079 1055; x_wconf 84' lang='lat' dir='ltr'>ex</span> <span class='ocrx_word' id='word_1_61' title='bbox 1097 1001 1246 1055; x_wconf 89' lang='lat' dir='ltr'>densitate</span> 
     </span>
     <span class='ocr_line' id='line_1_8' title="bbox 126 1077 1247 1152; baseline 0 -17"><span class='ocrx_word' id='word_1_62' title='bbox 126 1080 241 1136; x_wconf 89' lang='lat' dir='ltr'>illarum</span> <span class='ocrx_word' id='word_1_63' title='bbox 258 1097 392 1151; x_wconf 88' lang='lat' dir='ltr'>opacam,</span> <span class='ocrx_word' id='word_1_64' title='bbox 407 1081 445 1136; x_wconf 92' lang='lat' dir='ltr'>de</span> <span class='ocrx_word' id='word_1_65' title='bbox 459 1097 520 1151; x_wconf 93' lang='lat' dir='ltr'>qua</span> <span class='ocrx_word' id='word_1_66' title='bbox 533 1081 657 1152; x_wconf 78' lang='lat' dir='ltr'>angelus</span> <span class='ocrx_word' id='word_1_67' title='bbox 676 1080 840 1151; x_wconf 84' lang='lat' dir='ltr'>praedixit:</span> <span class='ocrx_word' id='word_1_68' title='bbox 858 1081 911 1135; x_wconf 88' lang='lat' dir='ltr'>sed</span> <span class='ocrx_word' id='word_1_69' title='bbox 928 1091 991 1135; x_wconf 88' lang='lat' dir='ltr'>erat</span> <span class='ocrx_word' id='word_1_70' title='bbox 1006 1079 1083 1134; x_wconf 92' lang='lat' dir='ltr'>silva</span> <span class='ocrx_word' id='word_1_71' title='bbox 1101 1079 1151 1134; x_wconf 92' lang='lat' dir='ltr'>illa</span> <span class='ocrx_word' id='word_1_72' title='bbox 1164 1077 1247 1135; x_wconf 74' lang='lat' dir='ltr'>secta</span> 
     </span>
     <span class='ocr_line' id='line_1_9' title="bbox 126 1159 1246 1231; baseline 0 -17"><span class='ocrx_word' id='word_1_73' title='bbox 126 1160 154 1214; x_wconf 92' lang='lat' dir='ltr'>in</span> <span class='ocrx_word' id='word_1_74' title='bbox 168 1160 267 1229; x_wconf 89' lang='lat' dir='ltr'>plures</span> <span class='ocrx_word' id='word_1_75' title='bbox 277 1161 411 1215; x_wconf 88' lang='lat' dir='ltr'>tramites</span> <span class='ocrx_word' id='word_1_76' title='bbox 420 1170 564 1231; x_wconf 88' lang='lat' dir='ltr'>angustos</span> <span class='ocrx_word' id='word_1_77' title='bbox 576 1178 582 1222; x_wconf 87' lang='lat'>;</span> <span class='ocrx_word' id='word_1_78' title='bbox 601 1170 632 1214; x_wconf 91' lang='lat' dir='ltr'>et</span> <span class='ocrx_word' id='word_1_79' title='bbox 642 1159 717 1214; x_wconf 84' lang='lat' dir='ltr'>dixit</span> <span class='ocrx_word' id='word_1_80' title='bbox 728 1160 859 1229; x_wconf 89' lang='lat' dir='ltr'>angelus,</span> <span class='ocrx_word' id='word_1_81' title='bbox 870 1160 950 1229; x_wconf 92' lang='lat' dir='ltr'>quod</span> <span class='ocrx_word' id='word_1_82' title='bbox 965 1159 1092 1213; x_wconf 89' lang='lat' dir='ltr'>totidem</span> <span class='ocrx_word' id='word_1_83' title='bbox 1106 1159 1246 1230; x_wconf 82' lang='lat' dir='ltr'>ambages</span> 
     </span>
     <span class='ocr_line' id='line_1_10' title="bbox 125 1237 1246 1311; baseline -0.003 -17"><span class='ocrx_word' id='word_1_84' title='bbox 125 1254 257 1294; x_wconf 88' lang='lat' dir='ltr'>errorum</span> <span class='ocrx_word' id='word_1_85' title='bbox 270 1240 340 1303; x_wconf 88' lang='lat' dir='ltr'>sint,</span> <span class='ocrx_word' id='word_1_86' title='bbox 353 1249 385 1294; x_wconf 93' lang='lat' dir='ltr'>et</span> <span class='ocrx_word' id='word_1_87' title='bbox 396 1240 479 1311; x_wconf 91' lang='lat' dir='ltr'>quod</span> <span class='ocrx_word' id='word_1_88' title='bbox 495 1239 551 1296; x_wconf 85' lang='lat' dir='ltr'>nisi</span> <span class='ocrx_word' id='word_1_89' title='bbox 567 1239 738 1310; x_wconf 90' lang='lat' dir='ltr'>aperiantur</span> <span class='ocrx_word' id='word_1_90' title='bbox 752 1238 832 1294; x_wconf 89' lang='lat' dir='ltr'>oculi</span> <span class='ocrx_word' id='word_1_91' title='bbox 848 1254 866 1292; x_wconf 88' lang='lat' dir='ltr'>a</span> <span class='ocrx_word' id='word_1_92' title='bbox 882 1237 1022 1299; x_wconf 91' lang='lat' dir='ltr'>Domino,</span> <span class='ocrx_word' id='word_1_93' title='bbox 1036 1254 1071 1292; x_wconf 91' lang='lat' dir='ltr'>ac</span> <span class='ocrx_word' id='word_1_94' title='bbox 1085 1237 1246 1292; x_wconf 84' lang='lat' dir='ltr'>videantur</span> 
     </span>
     <span class='ocr_line' id='line_1_11' title="bbox 124 1316 1245 1389; baseline -0.002 -16"><span class='ocrx_word' id='word_1_95' title='bbox 124 1319 206 1374; x_wconf 88' lang='lat' dir='ltr'>oleae</span> <span class='ocrx_word' id='word_1_96' title='bbox 225 1318 392 1389; x_wconf 87' lang='lat' dir='ltr'>pampineis</span> <span class='ocrx_word' id='word_1_97' title='bbox 404 1318 515 1374; x_wconf 88' lang='lat' dir='ltr'>vitibus</span> <span class='ocrx_word' id='word_1_98' title='bbox 534 1316 771 1380; x_wconf 71' lang='lat' dir='ltr'>circumcinctae,</span> <span class='ocrx_word' id='word_1_99' title='bbox 784 1334 819 1372; x_wconf 89' lang='lat' dir='ltr'>ac</span> <span class='ocrx_word' id='word_1_100' title='bbox 837 1317 972 1372; x_wconf 82' lang='lat' dir='ltr'>ferantur</span> <span class='ocrx_word' id='word_1_101' title='bbox 989 1333 1110 1388; x_wconf 83' lang='lat' dir='ltr'>gressus</span> <span class='ocrx_word' id='word_1_102' title='bbox 1125 1318 1162 1371; x_wconf 88' lang='lat' dir='ltr'>ab</span> <span class='ocrx_word' id='word_1_103' title='bbox 1178 1318 1245 1372; x_wconf 90' lang='lat' dir='ltr'>olea</span> 
     </span>
     <span class='ocr_line' id='line_1_12' title="bbox 123 1397 1246 1468; baseline -0.001 -16"><span class='ocrx_word' id='word_1_104' title='bbox 123 1399 161 1452; x_wconf 86' lang='lat' dir='ltr'>ad</span> <span class='ocrx_word' id='word_1_105' title='bbox 174 1397 279 1459; x_wconf 88' lang='lat' dir='ltr'>oleam.</span> <span class='ocrx_word' id='word_1_106' title='bbox 292 1398 427 1452; x_wconf 89' lang='lat' dir='ltr'>abiturus</span> <span class='ocrx_word' id='word_1_107' title='bbox 439 1397 479 1452; x_wconf 89' lang='lat' dir='ltr'>sit</span> <span class='ocrx_word' id='word_1_108' title='bbox 491 1398 589 1453; x_wconf 90' lang='lat' dir='ltr'>viator</span> <span class='ocrx_word' id='word_1_109' title='bbox 601 1397 631 1451; x_wconf 93' lang='lat' dir='ltr'>in</span> <span class='ocrx_word' id='word_1_110' title='bbox 645 1397 777 1458; x_wconf 83' lang='lat' dir='ltr'>Tartara,</span> <span class='ocrx_word' id='word_1_111' title='bbox 791 1412 868 1468; x_wconf 87' lang='lat' dir='ltr'>quae</span> <span class='ocrx_word' id='word_1_112' title='bbox 881 1397 993 1451; x_wconf 91' lang='lat' dir='ltr'>circum</span> <span class='ocrx_word' id='word_1_113' title='bbox 1009 1397 1088 1451; x_wconf 90' lang='lat' dir='ltr'>circa</span> <span class='ocrx_word' id='word_1_114' title='bbox 1099 1397 1137 1451; x_wconf 91' lang='lat' dir='ltr'>ad</span> <span class='ocrx_word' id='word_1_115' title='bbox 1152 1397 1246 1451; x_wconf 87' lang='lat' dir='ltr'>latera</span> 
     </span>
     <span class='ocr_line' id='line_1_13' title="bbox 123 1476 1242 1548; baseline -0.003 -16"><span class='ocrx_word' id='word_1_116' title='bbox 123 1487 209 1532; x_wconf 86' lang='lat' dir='ltr'>sunt:</span> <span class='ocrx_word' id='word_1_117' title='bbox 228 1476 302 1548; x_wconf 82' lang='lat' dir='ltr'>haec</span> <span class='ocrx_word' id='word_1_118' title='bbox 314 1477 389 1532; x_wconf 88' lang='lat' dir='ltr'>silva</span> <span class='ocrx_word' id='word_1_119' title='bbox 402 1477 470 1532; x_wconf 89' lang='lat' dir='ltr'>talis</span> <span class='ocrx_word' id='word_1_120' title='bbox 483 1489 538 1539; x_wconf 87' lang='lat' dir='ltr'>est,</span> <span class='ocrx_word' id='word_1_121' title='bbox 552 1487 675 1547; x_wconf 90' lang='lat' dir='ltr'>propter</span> <span class='ocrx_word' id='word_1_122' title='bbox 686 1476 785 1539; x_wconf 85' lang='lat' dir='ltr'>finem,</span> <span class='ocrx_word' id='word_1_123' title='bbox 799 1487 834 1531; x_wconf 89' lang='lat' dir='ltr'>ut</span> <span class='ocrx_word' id='word_1_124' title='bbox 846 1476 1034 1531; x_wconf 86' lang='lat' dir='ltr'>custodiatur</span> <span class='ocrx_word' id='word_1_125' title='bbox 1046 1476 1162 1538; x_wconf 82' lang='lat' dir='ltr'>aditus:</span> <span class='ocrx_word' id='word_1_126' title='bbox 1182 1493 1242 1530; x_wconf 93' lang='lat' dir='ltr'>non</span> 
     </span>
     <span class='ocr_line' id='line_1_14' title="bbox 123 1554 1243 1627; baseline -0.001 -16"><span class='ocrx_word' id='word_1_127' title='bbox 123 1556 202 1611; x_wconf 89' lang='lat' dir='ltr'>enim</span> <span class='ocrx_word' id='word_1_128' title='bbox 216 1556 275 1610; x_wconf 84' lang='lat' dir='ltr'>alia</span> <span class='ocrx_word' id='word_1_129' title='bbox 285 1572 359 1627; x_wconf 85' lang='lat' dir='ltr'>gens</span> <span class='ocrx_word' id='word_1_130' title='bbox 369 1572 458 1627; x_wconf 85' lang='lat' dir='ltr'>quarn</span> <span class='ocrx_word' id='word_1_131' title='bbox 472 1555 623 1625; x_wconf 89' lang='lat' dir='ltr'>primaeva</span> <span class='ocrx_word' id='word_1_132' title='bbox 635 1571 726 1625; x_wconf 83' lang='lat' dir='ltr'>super</span> <span class='ocrx_word' id='word_1_133' title='bbox 736 1566 839 1610; x_wconf 90' lang='lat' dir='ltr'>monte</span> <span class='ocrx_word' id='word_1_134' title='bbox 852 1555 904 1610; x_wconf 90' lang='lat' dir='ltr'>illo</span> <span class='ocrx_word' id='word_1_135' title='bbox 914 1554 1037 1610; x_wconf 88' lang='lat' dir='ltr'>habitat.</span> <span class='ocrx_word' id='word_1_136' title='bbox 1077 1555 1243 1626; x_wconf 88' lang='lat' dir='ltr'>Postquam</span> 
     </span>
     <span class='ocr_line' id='line_1_15' title="bbox 124 1633 1244 1705; baseline 0.001 -17"><span class='ocrx_word' id='word_1_137' title='bbox 124 1635 300 1690; x_wconf 84' lang='lat' dir='ltr'>intravimus</span> <span class='ocrx_word' id='word_1_138' title='bbox 312 1635 427 1699; x_wconf 88' lang='lat' dir='ltr'>silvam,</span> <span class='ocrx_word' id='word_1_139' title='bbox 440 1635 535 1705; x_wconf 88' lang='lat' dir='ltr'>aperti</span> <span class='ocrx_word' id='word_1_140' title='bbox 549 1645 619 1690; x_wconf 87' lang='lat' dir='ltr'>sunt</span> <span class='ocrx_word' id='word_1_141' title='bbox 632 1634 719 1696; x_wconf 88' lang='lat' dir='ltr'>oculi,</span> <span class='ocrx_word' id='word_1_142' title='bbox 733 1650 768 1688; x_wconf 89' lang='lat' dir='ltr'>ac</span> <span class='ocrx_word' id='word_1_143' title='bbox 780 1634 911 1689; x_wconf 89' lang='lat' dir='ltr'>vidimus</span> <span class='ocrx_word' id='word_1_144' title='bbox 924 1633 973 1688; x_wconf 90' lang='lat' dir='ltr'>hic</span> <span class='ocrx_word' id='word_1_145' title='bbox 986 1645 1016 1689; x_wconf 88' lang='lat' dir='ltr'>et</span> <span class='ocrx_word' id='word_1_146' title='bbox 1033 1634 1073 1689; x_wconf 91' lang='lat' dir='ltr'>ibi</span> <span class='ocrx_word' id='word_1_147' title='bbox 1092 1635 1174 1690; x_wconf 88' lang='lat' dir='ltr'>oleas</span> <span class='ocrx_word' id='word_1_148' title='bbox 1187 1634 1244 1689; x_wconf 91' lang='lat' dir='ltr'>cir-</span> 
     </span>
     <span class='ocr_line' id='line_1_16' title="bbox 122 1713 1243 1785; baseline 0.001 -17"><span class='ocrx_word' id='word_1_149' title='bbox 122 1714 298 1784; x_wconf 87' lang='lat' dir='ltr'>cumligatas</span> <span class='ocrx_word' id='word_1_150' title='bbox 310 1714 430 1775; x_wconf 89' lang='lat' dir='ltr'>vitibus,</span> <span class='ocrx_word' id='word_1_151' title='bbox 440 1730 457 1769; x_wconf 91' lang='lat' dir='ltr'>e</span> <span class='ocrx_word' id='word_1_152' title='bbox 469 1714 577 1785; x_wconf 89' lang='lat' dir='ltr'>quibus</span> <span class='ocrx_word' id='word_1_153' title='bbox 589 1714 760 1785; x_wconf 88' lang='lat' dir='ltr'>pendebant</span> <span class='ocrx_word' id='word_1_154' title='bbox 773 1714 851 1768; x_wconf 89' lang='lat' dir='ltr'>botri</span> <span class='ocrx_word' id='word_1_155' title='bbox 865 1714 974 1768; x_wconf 88' lang='lat' dir='ltr'>coloris</span> <span class='ocrx_word' id='word_1_156' title='bbox 987 1713 1099 1785; x_wconf 91' lang='lat' dir='ltr'>cyanei,</span> <span class='ocrx_word' id='word_1_157' title='bbox 1113 1724 1144 1769; x_wconf 89' lang='lat' dir='ltr'>et</span> <span class='ocrx_word' id='word_1_158' title='bbox 1159 1715 1243 1770; x_wconf 87' lang='lat' dir='ltr'>oleae</span> 
     </span>
     <span class='ocr_line' id='line_1_17' title="bbox 122 1790 1241 1864; baseline -0.001 -15"><span class='ocrx_word' id='word_1_159' title='bbox 122 1803 207 1849; x_wconf 83' lang='lat' dir='ltr'>erant</span> <span class='ocrx_word' id='word_1_160' title='bbox 223 1793 253 1847; x_wconf 90' lang='lat' dir='ltr'>in</span> <span class='ocrx_word' id='word_1_161' title='bbox 269 1804 431 1863; x_wconf 87' lang='lat' dir='ltr'>perpetuos</span> <span class='ocrx_word' id='word_1_162' title='bbox 449 1795 535 1848; x_wconf 89' lang='lat' dir='ltr'>orbes</span> <span class='ocrx_word' id='word_1_163' title='bbox 554 1793 732 1863; x_wconf 89' lang='lat' dir='ltr'>dispositae;</span> <span class='ocrx_word' id='word_1_164' title='bbox 754 1809 845 1864; x_wconf 90' lang='lat' dir='ltr'>quare</span> <span class='ocrx_word' id='word_1_165' title='bbox 864 1794 1029 1848; x_wconf 85' lang='lat' dir='ltr'>secundum</span> <span class='ocrx_word' id='word_1_166' title='bbox 1048 1790 1241 1864; x_wconf 75' lang='lat' dir='ltr'>conspectum</span> 
     </span>
     <span class='ocr_line' id='line_1_18' title="bbox 124 1871 1242 1928; baseline 0.004 -4"><span class='ocrx_word' id='word_1_167' title='bbox 124 1871 239 1927; x_wconf 88' lang='lat' dir='ltr'>illarum</span> <span class='ocrx_word' id='word_1_168' title='bbox 254 1871 446 1927; x_wconf 90' lang='lat' dir='ltr'>circuivimus</span> <span class='ocrx_word' id='word_1_169' title='bbox 460 1881 491 1926; x_wconf 90' lang='lat' dir='ltr'>et</span> <span class='ocrx_word' id='word_1_170' title='bbox 509 1871 708 1927; x_wconf 88' lang='lat' dir='ltr'>circuivimus.</span> <span class='ocrx_word' id='word_1_171' title='bbox 747 1872 786 1927; x_wconf 86' lang='lat' dir='ltr'>Et</span> <span class='ocrx_word' id='word_1_172' title='bbox 803 1873 926 1927; x_wconf 91' lang='lat' dir='ltr'>tandem</span> <span class='ocrx_word' id='word_1_173' title='bbox 941 1871 1072 1927; x_wconf 88' lang='lat' dir='ltr'>vidimus</span> <span class='ocrx_word' id='word_1_174' title='bbox 1087 1873 1187 1927; x_wconf 91' lang='lat' dir='ltr'>lucum</span> <span class='ocrx_word' id='word_1_175' title='bbox 1205 1888 1242 1928; x_wconf 89' lang='lat' dir='ltr'>ex</span> 
     </span>
     <span class='ocr_line' id='line_1_19' title="bbox 121 1951 1242 2023; baseline 0.002 -18"><span class='ocrx_word' id='word_1_176' title='bbox 121 1951 189 2006; x_wconf 87' lang='lat' dir='ltr'>altis</span> <span class='ocrx_word' id='word_1_177' title='bbox 201 1951 307 2009; x_wconf 86' lang='lat' dir='ltr'>cedris.</span> <span class='ocrx_word' id='word_1_178' title='bbox 320 1960 351 2005; x_wconf 91' lang='lat' dir='ltr'>et</span> <span class='ocrx_word' id='word_1_179' title='bbox 362 1967 452 2021; x_wconf 89' lang='lat' dir='ltr'>super</span> <span class='ocrx_word' id='word_1_180' title='bbox 462 1951 578 2005; x_wconf 89' lang='lat' dir='ltr'>illarum</span> <span class='ocrx_word' id='word_1_181' title='bbox 588 1951 679 2006; x_wconf 90' lang='lat' dir='ltr'>ramis</span> <span class='ocrx_word' id='word_1_182' title='bbox 691 1952 805 2023; x_wconf 88' lang='lat' dir='ltr'>aliquas</span> <span class='ocrx_word' id='word_1_183' title='bbox 817 1951 947 2023; x_wconf 89' lang='lat' dir='ltr'>aquilas;</span> <span class='ocrx_word' id='word_1_184' title='bbox 966 1951 1074 2023; x_wconf 91' lang='lat' dir='ltr'>quibus</span> <span class='ocrx_word' id='word_1_185' title='bbox 1084 1952 1156 2007; x_wconf 91' lang='lat' dir='ltr'>visis</span> <span class='ocrx_word' id='word_1_186' title='bbox 1166 1951 1242 2007; x_wconf 86' lang='lat' dir='ltr'>dixit</span> 
     </span>
     <span class='ocr_line' id='line_1_20' title="bbox 121 2029 1108 2102; baseline -0.002 -17"><span class='ocrx_word' id='word_1_187' title='bbox 121 2031 253 2102; x_wconf 84' lang='lat' dir='ltr'>angelus,</span> <span class='ocrx_word' id='word_1_188' title='bbox 267 2029 379 2084; x_wconf 84' lang='lat' dir='ltr'>“Nunc</span> <span class='ocrx_word' id='word_1_189' title='bbox 392 2031 422 2084; x_wconf 93' lang='lat' dir='ltr'>in</span> <span class='ocrx_word' id='word_1_190' title='bbox 437 2040 539 2085; x_wconf 89' lang='lat' dir='ltr'>monte</span> <span class='ocrx_word' id='word_1_191' title='bbox 552 2047 655 2086; x_wconf 89' lang='lat' dir='ltr'>sumus</span> <span class='ocrx_word' id='word_1_192' title='bbox 668 2046 728 2085; x_wconf 92' lang='lat' dir='ltr'>non</span> <span class='ocrx_word' id='word_1_193' title='bbox 745 2030 847 2101; x_wconf 91' lang='lat' dir='ltr'>procul</span> <span class='ocrx_word' id='word_1_194' title='bbox 860 2047 879 2085; x_wconf 85' lang='lat' dir='ltr'>a</span> <span class='ocrx_word' id='word_1_195' title='bbox 891 2030 1002 2085; x_wconf 91' lang='lat' dir='ltr'>vertice</span> <span class='ocrx_word' id='word_1_196' title='bbox 1015 2030 1108 2101; x_wconf 89' lang='lat' dir='ltr'>ejus.&#39;&#39;</span> 
     </span>
    </p>

    <p class='ocr_par' dir='ltr' id='par_1_4' title="bbox 122 2109 1242 2338">
     <span class='ocr_line' id='line_1_21' title="bbox 176 2109 1242 2180; baseline 0.002 -17"><span class='ocrx_word' id='word_1_197' title='bbox 176 2109 214 2164; x_wconf 85' lang='lat' dir='ltr'>Et</span> <span class='ocrx_word' id='word_1_198' title='bbox 222 2109 412 2180; x_wconf 85' lang='lat' dir='ltr'>perreximus,</span> <span class='ocrx_word' id='word_1_199' title='bbox 420 2120 451 2164; x_wconf 88' lang='lat' dir='ltr'>et</span> <span class='ocrx_word' id='word_1_200' title='bbox 460 2125 529 2164; x_wconf 90' lang='lat' dir='ltr'>ecce</span> <span class='ocrx_word' id='word_1_201' title='bbox 539 2121 609 2180; x_wconf 90' lang='lat' dir='ltr'>post</span> <span class='ocrx_word' id='word_1_202' title='bbox 618 2110 718 2164; x_wconf 92' lang='lat' dir='ltr'>lucum</span> <span class='ocrx_word' id='word_1_203' title='bbox 727 2126 850 2180; x_wconf 90' lang='lat' dir='ltr'>campus</span> <span class='ocrx_word' id='word_1_204' title='bbox 861 2111 1015 2172; x_wconf 90' lang='lat' dir='ltr'>rotundus,</span> <span class='ocrx_word' id='word_1_205' title='bbox 1023 2111 1073 2164; x_wconf 89' lang='lat' dir='ltr'>ubi</span> <span class='ocrx_word' id='word_1_206' title='bbox 1081 2111 1242 2180; x_wconf 88' lang='lat' dir='ltr'>pascebant</span> 
     </span>
     <span class='ocr_line' id='line_1_22' title="bbox 122 2188 1241 2260; baseline 0.004 -19"><span class='ocrx_word' id='word_1_207' title='bbox 122 2188 189 2259; x_wconf 88' lang='lat' dir='ltr'>agni</span> <span class='ocrx_word' id='word_1_208' title='bbox 202 2199 234 2242; x_wconf 90' lang='lat' dir='ltr'>et</span> <span class='ocrx_word' id='word_1_209' title='bbox 246 2204 348 2259; x_wconf 86' lang='lat' dir='ltr'>agnae,</span> <span class='ocrx_word' id='word_1_210' title='bbox 358 2204 434 2260; x_wconf 87' lang='lat' dir='ltr'>quae</span> <span class='ocrx_word' id='word_1_211' title='bbox 446 2199 531 2243; x_wconf 87' lang='lat' dir='ltr'>crant</span> <span class='ocrx_word' id='word_1_212' title='bbox 544 2188 656 2244; x_wconf 80' lang='lat' dir='ltr'>formae</span> <span class='ocrx_word' id='word_1_213' title='bbox 666 2189 934 2259; x_wconf 87' lang='lat' dir='ltr'>repraesentativae</span> <span class='ocrx_word' id='word_1_214' title='bbox 943 2199 1040 2244; x_wconf 86' lang='lat' dir='ltr'>status</span> <span class='ocrx_word' id='word_1_215' title='bbox 1053 2189 1241 2245; x_wconf 86' lang='lat' dir='ltr'>innocentiae</span> 
     </span>
     <span class='ocr_line' id='line_1_23' title="bbox 122 2267 481 2338; baseline 0.006 -17"><span class='ocrx_word' id='word_1_216' title='bbox 122 2279 153 2321; x_wconf 88' lang='lat' dir='ltr'>et</span> <span class='ocrx_word' id='word_1_217' title='bbox 166 2267 249 2338; x_wconf 89' lang='lat' dir='ltr'>pacis</span> <span class='ocrx_word' id='word_1_218' title='bbox 262 2278 481 2323; x_wconf 88' lang='lat' dir='ltr'>montanorum.</span> 
     </span>
    </p>

    <p class='ocr_par' dir='ltr' id='par_1_5' title="bbox 121 2345 1242 2957">
     <span class='ocr_line' id='line_1_24' title="bbox 176 2345 1242 2418; baseline 0.002 -18"><span class='ocrx_word' id='word_1_219' title='bbox 176 2345 267 2401; x_wconf 89' lang='lat' dir='ltr'>Hunc</span> <span class='ocrx_word' id='word_1_220' title='bbox 284 2362 423 2416; x_wconf 91' lang='lat' dir='ltr'>campum</span> <span class='ocrx_word' id='word_1_221' title='bbox 442 2346 695 2418; x_wconf 87' lang='lat' dir='ltr'>pertransivimus,</span> <span class='ocrx_word' id='word_1_222' title='bbox 708 2355 739 2402; x_wconf 91' lang='lat' dir='ltr'>et</span> <span class='ocrx_word' id='word_1_223' title='bbox 757 2361 826 2401; x_wconf 90' lang='lat' dir='ltr'>ecce</span> <span class='ocrx_word' id='word_1_224' title='bbox 841 2346 906 2401; x_wconf 91' lang='lat' dir='ltr'>visa</span> <span class='ocrx_word' id='word_1_225' title='bbox 920 2356 991 2401; x_wconf 91' lang='lat' dir='ltr'>sunt</span> <span class='ocrx_word' id='word_1_226' title='bbox 1005 2348 1196 2402; x_wconf 89' lang='lat' dir='ltr'>tabernacula</span> <span class='ocrx_word' id='word_1_227' title='bbox 1210 2357 1242 2402; x_wconf 92' lang='lat' dir='ltr'>et</span> 
     </span>
     <span class='ocr_line' id='line_1_25' title="bbox 123 2425 1241 2496; baseline -0.001 -16"><span class='ocrx_word' id='word_1_228' title='bbox 123 2425 370 2487; x_wconf 67' lang='lat' dir='ltr'>tabernaculam</span> <span class='ocrx_word' id='word_1_229' title='bbox 384 2426 468 2496; x_wconf 85' lang='lat' dir='ltr'>plura</span> <span class='ocrx_word' id='word_1_230' title='bbox 480 2425 573 2480; x_wconf 88' lang='lat' dir='ltr'>millia</span> <span class='ocrx_word' id='word_1_231' title='bbox 584 2437 752 2481; x_wconf 89' lang='lat' dir='ltr'>antrorsum</span> <span class='ocrx_word' id='word_1_232' title='bbox 763 2436 794 2480; x_wconf 88' lang='lat' dir='ltr'>et</span> <span class='ocrx_word' id='word_1_233' title='bbox 806 2427 843 2480; x_wconf 90' lang='lat' dir='ltr'>ad</span> <span class='ocrx_word' id='word_1_234' title='bbox 857 2427 949 2481; x_wconf 87' lang='lat' dir='ltr'>latera</span> <span class='ocrx_word' id='word_1_235' title='bbox 963 2426 993 2480; x_wconf 91' lang='lat' dir='ltr'>in</span> <span class='ocrx_word' id='word_1_236' title='bbox 1007 2443 1127 2481; x_wconf 91' lang='lat' dir='ltr'>omnem</span> <span class='ocrx_word' id='word_1_237' title='bbox 1138 2437 1241 2481; x_wconf 86' lang='lat' dir='ltr'>exten-</span> 
     </span>
     <span class='ocr_line' id='line_1_26' title="bbox 122 2503 1240 2579; baseline 0.002 -21"><span class='ocrx_word' id='word_1_238' title='bbox 122 2505 235 2559; x_wconf 90' lang='lat' dir='ltr'>sionem</span> <span class='ocrx_word' id='word_1_239' title='bbox 245 2504 342 2559; x_wconf 87' lang='lat' dir='ltr'>visus:</span> <span class='ocrx_word' id='word_1_240' title='bbox 360 2515 391 2559; x_wconf 87' lang='lat' dir='ltr'>et</span> <span class='ocrx_word' id='word_1_241' title='bbox 401 2505 478 2559; x_wconf 85' lang='lat' dir='ltr'>dixit</span> <span class='ocrx_word' id='word_1_242' title='bbox 490 2505 620 2575; x_wconf 88' lang='lat' dir='ltr'>angelus,</span> <span class='ocrx_word' id='word_1_243' title='bbox 632 2512 648 2534; x_wconf 75' lang='lat'>‘⁸</span> <span class='ocrx_word' id='word_1_244' title='bbox 657 2503 745 2559; x_wconf 92' lang='lat' dir='ltr'>Nunc</span> <span class='ocrx_word' id='word_1_245' title='bbox 755 2522 858 2560; x_wconf 91' lang='lat' dir='ltr'>sumus</span> <span class='ocrx_word' id='word_1_246' title='bbox 872 2505 901 2559; x_wconf 93' lang='lat' dir='ltr'>in</span> <span class='ocrx_word' id='word_1_247' title='bbox 914 2505 1027 2566; x_wconf 87' lang='lat' dir='ltr'>castris,</span> <span class='ocrx_word' id='word_1_248' title='bbox 1038 2505 1078 2559; x_wconf 90' lang='lat' dir='ltr'>ibi</span> <span class='ocrx_word' id='word_1_249' title='bbox 1092 2506 1240 2579; x_wconf 76' lang='lat' dir='ltr'>exercitus</span> 
     </span>
     <span class='ocr_line' id='line_1_27' title="bbox 123 2581 1240 2655; baseline 0 -16"><span class='ocrx_word' id='word_1_250' title='bbox 123 2581 244 2639; x_wconf 86' lang='lat' dir='ltr'>Domini</span> <span class='ocrx_word' id='word_1_251' title='bbox 259 2583 405 2655; x_wconf 83' lang='lat' dir='ltr'>Jehovih;</span> <span class='ocrx_word' id='word_1_252' title='bbox 425 2584 467 2638; x_wconf 89' lang='lat' dir='ltr'>ita</span> <span class='ocrx_word' id='word_1_253' title='bbox 481 2600 513 2639; x_wconf 86' lang='lat' dir='ltr'>se</span> <span class='ocrx_word' id='word_1_254' title='bbox 529 2596 560 2638; x_wconf 92' lang='lat' dir='ltr'>et</span> <span class='ocrx_word' id='word_1_255' title='bbox 575 2583 776 2639; x_wconf 87' lang='lat' dir='ltr'>habitationes</span> <span class='ocrx_word' id='word_1_256' title='bbox 791 2601 859 2639; x_wconf 91' lang='lat' dir='ltr'>suas</span> <span class='ocrx_word' id='word_1_257' title='bbox 874 2594 992 2639; x_wconf 86' lang='lat' dir='ltr'>vocant.</span> <span class='ocrx_word' id='word_1_258' title='bbox 1028 2584 1240 2655; x_wconf 87' lang='lat' dir='ltr'>Antiquissimi</span> 
     </span>
     <span class='ocr_line' id='line_1_28' title="bbox 122 2661 1239 2735; baseline 0.001 -19"><span class='ocrx_word' id='word_1_259' title='bbox 122 2661 160 2725; x_wconf 91' lang='lat' dir='ltr'>hi,</span> <span class='ocrx_word' id='word_1_260' title='bbox 170 2662 243 2717; x_wconf 90' lang='lat' dir='ltr'>dum</span> <span class='ocrx_word' id='word_1_261' title='bbox 257 2662 287 2717; x_wconf 94' lang='lat' dir='ltr'>in</span> <span class='ocrx_word' id='word_1_262' title='bbox 301 2663 416 2717; x_wconf 91' lang='lat' dir='ltr'>mundo</span> <span class='ocrx_word' id='word_1_263' title='bbox 426 2663 553 2725; x_wconf 83' lang='lat' dir='ltr'>luerunt,</span> <span class='ocrx_word' id='word_1_264' title='bbox 565 2663 775 2718; x_wconf 88' lang='lat' dir='ltr'>habitaverunt</span> <span class='ocrx_word' id='word_1_265' title='bbox 788 2663 817 2716; x_wconf 96' lang='lat' dir='ltr'>in</span> <span class='ocrx_word' id='word_1_266' title='bbox 828 2664 1035 2724; x_wconf 87' lang='lat' dir='ltr'>tabernaculis.</span> <span class='ocrx_word' id='word_1_267' title='bbox 1046 2679 1137 2735; x_wconf 89' lang='lat' dir='ltr'>quare</span> <span class='ocrx_word' id='word_1_268' title='bbox 1149 2664 1239 2718; x_wconf 88' lang='lat' dir='ltr'>etiam</span> 
     </span>
     <span class='ocr_line' id='line_1_29' title="bbox 122 2740 1240 2805; baseline 0.001 -10"><span class='ocrx_word' id='word_1_269' title='bbox 122 2757 201 2798; x_wconf 91' lang='lat' dir='ltr'>nuuc</span> <span class='ocrx_word' id='word_1_270' title='bbox 221 2742 251 2796; x_wconf 93' lang='lat' dir='ltr'>in</span> <span class='ocrx_word' id='word_1_271' title='bbox 271 2741 330 2797; x_wconf 91' lang='lat' dir='ltr'>illis</span> <span class='ocrx_word' id='word_1_272' title='bbox 348 2741 501 2796; x_wconf 89' lang='lat' dir='ltr'>habitant:</span> <span class='ocrx_word' id='word_1_273' title='bbox 518 2742 571 2797; x_wconf 89' lang='lat' dir='ltr'>sed</span> <span class='ocrx_word' id='word_1_274' title='bbox 591 2740 746 2797; x_wconf 65' lang='lat' dir='ltr'>flectamus</span> <span class='ocrx_word' id='word_1_275' title='bbox 764 2743 844 2797; x_wconf 90' lang='lat' dir='ltr'>viam</span> <span class='ocrx_word' id='word_1_276' title='bbox 863 2743 900 2796; x_wconf 89' lang='lat' dir='ltr'>ad</span> <span class='ocrx_word' id='word_1_277' title='bbox 920 2742 1083 2805; x_wconf 90' lang='lat' dir='ltr'>meridiem,</span> <span class='ocrx_word' id='word_1_278' title='bbox 1099 2743 1149 2797; x_wconf 91' lang='lat' dir='ltr'>ubi</span> <span class='ocrx_word' id='word_1_279' title='bbox 1169 2752 1240 2797; x_wconf 90' lang='lat' dir='ltr'>sunt</span> 
     </span>
     <span class='ocr_line' id='line_1_30' title="bbox 121 2820 1240 2894; baseline 0.001 -18"><span class='ocrx_word' id='word_1_280' title='bbox 121 2820 317 2891; x_wconf 80' lang='lat' dir='ltr'>sapientiores</span> <span class='ocrx_word' id='word_1_281' title='bbox 336 2821 463 2886; x_wconf 92' lang='lat' dir='ltr'>illorum,</span> <span class='ocrx_word' id='word_1_282' title='bbox 482 2831 517 2876; x_wconf 90' lang='lat' dir='ltr'>ut</span> <span class='ocrx_word' id='word_1_283' title='bbox 535 2821 748 2877; x_wconf 86' lang='lat' dir='ltr'>conveniamus</span> <span class='ocrx_word' id='word_1_284' title='bbox 765 2821 905 2893; x_wconf 89' lang='lat' dir='ltr'>aliquem,</span> <span class='ocrx_word' id='word_1_285' title='bbox 925 2838 993 2876; x_wconf 91' lang='lat' dir='ltr'>cum</span> <span class='ocrx_word' id='word_1_286' title='bbox 1012 2838 1073 2894; x_wconf 89' lang='lat' dir='ltr'>quo</span> <span class='ocrx_word' id='word_1_287' title='bbox 1091 2822 1240 2877; x_wconf 88' lang='lat' dir='ltr'>sociemus</span> 
     </span>
     <span class='ocr_line' id='line_1_31' title="bbox 122 2900 591 2957; baseline 0.004 -2"><span class='ocrx_word' id='word_1_288' title='bbox 122 2900 320 2955; x_wconf 86' lang='lat' dir='ltr'>sermonem.&#39;’</span> <span class='ocrx_word' id='word_1_289' title='bbox 588 2953 591 2957; x_wconf 86' lang='lat'>.</span> 
     </span>
    </p>

    <p class='ocr_par' dir='ltr' id='par_1_6' title="bbox 120 2977 1239 3429">
     <span class='ocr_line' id='line_1_32' title="bbox 174 2977 1239 3052; baseline 0.001 -18"><span class='ocrx_word' id='word_1_290' title='bbox 174 2977 209 3034; x_wconf 92' lang='lat' dir='ltr'>In</span> <span class='ocrx_word' id='word_1_291' title='bbox 222 2979 325 3034; x_wconf 92' lang='lat' dir='ltr'>eundo</span> <span class='ocrx_word' id='word_1_292' title='bbox 333 2979 395 3034; x_wconf 92' lang='lat' dir='ltr'>vidi</span> <span class='ocrx_word' id='word_1_293' title='bbox 411 2978 604 3050; x_wconf 89' lang='lat' dir='ltr'>elonginquo</span> <span class='ocrx_word' id='word_1_294' title='bbox 616 2989 677 3034; x_wconf 89' lang='lat' dir='ltr'>tres</span> <span class='ocrx_word' id='word_1_295' title='bbox 689 2995 797 3049; x_wconf 89' lang='lat' dir='ltr'>pueros</span> <span class='ocrx_word' id='word_1_296' title='bbox 809 2989 840 3034; x_wconf 90' lang='lat' dir='ltr'>et</span> <span class='ocrx_word' id='word_1_297' title='bbox 852 2989 912 3035; x_wconf 90' lang='lat' dir='ltr'>tres</span> <span class='ocrx_word' id='word_1_298' title='bbox 925 2980 1039 3052; x_wconf 89' lang='lat' dir='ltr'>puellas</span> <span class='ocrx_word' id='word_1_299' title='bbox 1051 2981 1190 3036; x_wconf 85' lang='lat' dir='ltr'>sedentes</span> <span class='ocrx_word' id='word_1_300' title='bbox 1201 2980 1239 3037; x_wconf 89' lang='lat' dir='ltr'>ad</span> 
     </span>
     <span class='ocr_line' id='line_1_33' title="bbox 120 3057 1239 3131; baseline 0.004 -20"><span class='ocrx_word' id='word_1_301' title='bbox 120 3057 241 3127; x_wconf 80' lang='lat' dir='ltr'>ianuam</span> <span class='ocrx_word' id='word_1_302' title='bbox 257 3059 412 3128; x_wconf 90' lang='lat' dir='ltr'>cujusdam</span> <span class='ocrx_word' id='word_1_303' title='bbox 425 3058 563 3119; x_wconf 75' lang='lat' dir='ltr'>tentorii:</span> <span class='ocrx_word' id='word_1_304' title='bbox 576 3059 629 3113; x_wconf 89' lang='lat' dir='ltr'>sed</span> <span class='ocrx_word' id='word_1_305' title='bbox 649 3059 690 3112; x_wconf 92' lang='lat' dir='ltr'>illi</span> <span class='ocrx_word' id='word_1_306' title='bbox 710 3069 741 3114; x_wconf 91' lang='lat' dir='ltr'>et</span> <span class='ocrx_word' id='word_1_307' title='bbox 758 3059 833 3120; x_wconf 88' lang='lat' dir='ltr'>illae,</span> <span class='ocrx_word' id='word_1_308' title='bbox 843 3075 912 3113; x_wconf 92' lang='lat' dir='ltr'>cum</span> <span class='ocrx_word' id='word_1_309' title='bbox 927 3059 1239 3131; x_wconf 88' lang='lat' dir='ltr'>appropinquavimus,</span> 
     </span>
     <span class='ocr_line' id='line_1_34' title="bbox 120 3136 1239 3211; baseline 0.005 -22"><span class='ocrx_word' id='word_1_310' title='bbox 120 3136 175 3192; x_wconf 87' lang='lat' dir='ltr'>visi</span> <span class='ocrx_word' id='word_1_311' title='bbox 188 3147 260 3191; x_wconf 91' lang='lat' dir='ltr'>sunt</span> <span class='ocrx_word' id='word_1_312' title='bbox 272 3137 350 3192; x_wconf 89' lang='lat' dir='ltr'>sicut</span> <span class='ocrx_word' id='word_1_313' title='bbox 368 3137 424 3192; x_wconf 90' lang='lat' dir='ltr'>viri</span> <span class='ocrx_word' id='word_1_314' title='bbox 443 3148 474 3192; x_wconf 91' lang='lat' dir='ltr'>et</span> <span class='ocrx_word' id='word_1_315' title='bbox 493 3137 631 3193; x_wconf 87' lang='lat' dir='ltr'>mulieres</span> <span class='ocrx_word' id='word_1_316' title='bbox 650 3138 766 3193; x_wconf 88' lang='lat' dir='ltr'>mediae</span> <span class='ocrx_word' id='word_1_317' title='bbox 785 3147 924 3193; x_wconf 81' lang='lat' dir='ltr'>staturae:</span> <span class='ocrx_word' id='word_1_318' title='bbox 961 3138 1000 3193; x_wconf 89' lang='lat' dir='ltr'>Et</span> <span class='ocrx_word' id='word_1_319' title='bbox 1016 3139 1092 3193; x_wconf 83' lang='lat' dir='ltr'>dixit</span> <span class='ocrx_word' id='word_1_320' title='bbox 1107 3139 1239 3211; x_wconf 90' lang='lat' dir='ltr'>angelus,</span> 
     </span>
     <span class='ocr_line' id='line_1_35' title="bbox 122 3214 1238 3289; baseline 0.003 -18"><span class='ocrx_word' id='word_1_321' title='bbox 122 3223 137 3244; x_wconf 81' lang='lat'>⁴·</span> <span class='ocrx_word' id='word_1_322' title='bbox 146 3214 260 3272; x_wconf 88' lang='lat' dir='ltr'>Omnes</span> <span class='ocrx_word' id='word_1_323' title='bbox 276 3215 389 3271; x_wconf 90' lang='lat' dir='ltr'>incolae</span> <span class='ocrx_word' id='word_1_324' title='bbox 405 3216 495 3287; x_wconf 87' lang='lat' dir='ltr'>hujus</span> <span class='ocrx_word' id='word_1_325' title='bbox 509 3217 621 3272; x_wconf 90' lang='lat' dir='ltr'>montis</span> <span class='ocrx_word' id='word_1_326' title='bbox 636 3227 781 3288; x_wconf 88' lang='lat' dir='ltr'>apparent</span> <span class='ocrx_word' id='word_1_327' title='bbox 796 3234 813 3272; x_wconf 89' lang='lat' dir='ltr'>e</span> <span class='ocrx_word' id='word_1_328' title='bbox 828 3217 993 3289; x_wconf 90' lang='lat' dir='ltr'>longinquo</span> <span class='ocrx_word' id='word_1_329' title='bbox 1008 3218 1086 3273; x_wconf 89' lang='lat' dir='ltr'>sicut</span> <span class='ocrx_word' id='word_1_330' title='bbox 1102 3218 1238 3280; x_wconf 78' lang='lat' dir='ltr'>infantes,</span> 
     </span>
     <span class='ocr_line' id='line_1_36' title="bbox 120 3295 1239 3367; baseline 0.003 -19"><span class='ocrx_word' id='word_1_331' title='bbox 120 3295 189 3365; x_wconf 88' lang='lat' dir='ltr'>quia</span> <span class='ocrx_word' id='word_1_332' title='bbox 209 3295 238 3350; x_wconf 92' lang='lat' dir='ltr'>in</span> <span class='ocrx_word' id='word_1_333' title='bbox 258 3305 339 3351; x_wconf 88' lang='lat' dir='ltr'>statu</span> <span class='ocrx_word' id='word_1_334' title='bbox 358 3296 548 3352; x_wconf 88' lang='lat' dir='ltr'>innocentiae</span> <span class='ocrx_word' id='word_1_335' title='bbox 561 3306 639 3361; x_wconf 88' lang='lat' dir='ltr'>sunt,</span> <span class='ocrx_word' id='word_1_336' title='bbox 652 3312 687 3352; x_wconf 91' lang='lat' dir='ltr'>ac</span> <span class='ocrx_word' id='word_1_337' title='bbox 700 3295 825 3351; x_wconf 80' lang='lat' dir='ltr'>infantia</span> <span class='ocrx_word' id='word_1_338' title='bbox 843 3307 889 3352; x_wconf 88' lang='lat' dir='ltr'>est</span> <span class='ocrx_word' id='word_1_339' title='bbox 903 3298 1078 3367; x_wconf 88' lang='lat' dir='ltr'>apparentia</span> <span class='ocrx_word' id='word_1_340' title='bbox 1096 3297 1239 3353; x_wconf 88' lang='lat' dir='ltr'>innocen-</span> 
     </span>
     <span class='ocr_line' id='line_1_37' title="bbox 121 3374 354 3429; baseline 0.004 -1"><span class='ocrx_word' id='word_1_341' title='bbox 121 3374 205 3429; x_wconf 85' lang='lat' dir='ltr'>tiae.”</span> <span class='ocrx_word' id='word_1_342' title='bbox 351 3392 354 3396; x_wconf 93' lang='lat'>·</span> 
     </span>
    </p>

    <p class='ocr_par' dir='ltr' id='par_1_7' title="bbox 113 3451 1239 3666">
     <span class='ocr_line' id='line_1_38' title="bbox 174 3451 1239 3526; baseline 0.003 -18"><span class='ocrx_word' id='word_1_343' title='bbox 174 3452 215 3508; x_wconf 89' lang='lat' dir='ltr'>Hi</span> <span class='ocrx_word' id='word_1_344' title='bbox 227 3451 282 3509; x_wconf 91' lang='lat' dir='ltr'>viri</span> <span class='ocrx_word' id='word_1_345' title='bbox 298 3451 384 3508; x_wconf 89' lang='lat' dir='ltr'>nobis</span> <span class='ocrx_word' id='word_1_346' title='bbox 397 3453 469 3508; x_wconf 87' lang='lat' dir='ltr'>visis</span> <span class='ocrx_word' id='word_1_347' title='bbox 482 3464 681 3517; x_wconf 91' lang='lat' dir='ltr'>accurrerunt,</span> <span class='ocrx_word' id='word_1_348' title='bbox 696 3464 728 3509; x_wconf 88' lang='lat' dir='ltr'>et</span> <span class='ocrx_word' id='word_1_349' title='bbox 742 3454 890 3517; x_wconf 86' lang='lat' dir='ltr'>dixerunt,</span> <span class='ocrx_word' id='word_1_350' title='bbox 904 3453 1011 3510; x_wconf 81' lang='lat' dir='ltr'>“Unde</span> <span class='ocrx_word' id='word_1_351' title='bbox 1025 3455 1105 3516; x_wconf 87' lang='lat' dir='ltr'>estis,</span> <span class='ocrx_word' id='word_1_352' title='bbox 1118 3464 1149 3511; x_wconf 92' lang='lat' dir='ltr'>et</span> <span class='ocrx_word' id='word_1_353' title='bbox 1163 3471 1239 3526; x_wconf 89' lang='lat' dir='ltr'>quo-</span> 
     </span>
     <span class='ocr_line' id='line_1_39' title="bbox 113 3531 1237 3590; baseline 0.003 -3"><span class='ocrx_word' id='word_1_354' title='bbox 113 3533 212 3587; x_wconf 90' lang='lat' dir='ltr'>modo</span> <span class='ocrx_word' id='word_1_355' title='bbox 239 3531 299 3586; x_wconf 91' lang='lat' dir='ltr'>huc</span> <span class='ocrx_word' id='word_1_356' title='bbox 322 3532 465 3588; x_wconf 84' lang='lat' dir='ltr'>venistis?</span> <span class='ocrx_word' id='word_1_357' title='bbox 510 3532 613 3589; x_wconf 87' lang='lat' dir='ltr'>Facies</span> <span class='ocrx_word' id='word_1_358' title='bbox 635 3545 750 3589; x_wconf 87' lang='lat' dir='ltr'>vestrae</span> <span class='ocrx_word' id='word_1_359' title='bbox 774 3550 835 3589; x_wconf 91' lang='lat' dir='ltr'>non</span> <span class='ocrx_word' id='word_1_360' title='bbox 859 3542 929 3589; x_wconf 91' lang='lat' dir='ltr'>sunt</span> <span class='ocrx_word' id='word_1_361' title='bbox 950 3550 967 3589; x_wconf 91' lang='lat' dir='ltr'>e</span> <span class='ocrx_word' id='word_1_362' title='bbox 989 3533 1120 3589; x_wconf 77' lang='lat' dir='ltr'>faciebus</span> <span class='ocrx_word' id='word_1_363' title='bbox 1144 3534 1237 3590; x_wconf 89' lang='lat' dir='ltr'>nostri</span> 
     </span>
     <span class='ocr_line' id='line_1_40' title="bbox 122 3611 258 3666; baseline 0.015 -2"><span class='ocrx_word' id='word_1_364' title='bbox 122 3611 258 3666; x_wconf 90' lang='lat' dir='ltr'>montis.”</span> 
     </span>
    </p>

    <p class='ocr_par' dir='ltr' id='par_1_8' title="bbox 121 3688 1238 3823">
     <span class='ocr_line' id='line_1_41' title="bbox 173 3688 1238 3762; baseline 0.003 -19"><span class='ocrx_word' id='word_1_365' title='bbox 173 3689 216 3743; x_wconf 81' lang='lat' dir='ltr'>At</span> <span class='ocrx_word' id='word_1_366' title='bbox 227 3688 351 3760; x_wconf 89' lang='lat' dir='ltr'>angelus</span> <span class='ocrx_word' id='word_1_367' title='bbox 363 3688 473 3751; x_wconf 89' lang='lat' dir='ltr'>retulit,</span> <span class='ocrx_word' id='word_1_368' title='bbox 481 3705 516 3745; x_wconf 92' lang='lat' dir='ltr'>ac</span> <span class='ocrx_word' id='word_1_369' title='bbox 527 3689 656 3745; x_wconf 88' lang='lat' dir='ltr'>narravit</span> <span class='ocrx_word' id='word_1_370' title='bbox 668 3689 784 3761; x_wconf 84' lang='lat' dir='ltr'>copiam</span> <span class='ocrx_word' id='word_1_371' title='bbox 797 3707 933 3747; x_wconf 85' lang='lat' dir='ltr'>accessus</span> <span class='ocrx_word' id='word_1_372' title='bbox 946 3708 999 3762; x_wconf 88' lang='lat' dir='ltr'>per</span> <span class='ocrx_word' id='word_1_373' title='bbox 1009 3691 1122 3755; x_wconf 83' lang='lat' dir='ltr'>silvam,</span> <span class='ocrx_word' id='word_1_374' title='bbox 1131 3702 1162 3748; x_wconf 89' lang='lat' dir='ltr'>et</span> <span class='ocrx_word' id='word_1_375' title='bbox 1169 3708 1238 3748; x_wconf 89' lang='lat' dir='ltr'>cau·</span> 
     </span>
     <span class='ocr_line' id='line_1_42' title="bbox 121 3768 349 3823; baseline 0.004 -1"><span class='ocrx_word' id='word_1_376' title='bbox 121 3781 182 3822; x_wconf 86' lang='lat' dir='ltr'>sam</span> <span class='ocrx_word' id='word_1_377' title='bbox 194 3768 349 3823; x_wconf 83' lang='lat' dir='ltr'>adventus.</span> 
     </span>
    </p>

    <p class='ocr_par' dir='ltr' id='par_1_9' title="bbox 114 3844 1238 4387">
     <span class='ocr_line' id='line_1_43' title="bbox 173 3844 1237 3918; baseline 0.004 -18"><span class='ocrx_word' id='word_1_378' title='bbox 173 3844 290 3918; x_wconf 78' lang='lat' dir='ltr'>Quibus</span> <span class='ocrx_word' id='word_1_379' title='bbox 302 3846 420 3910; x_wconf 89' lang='lat' dir='ltr'>auditis,</span> <span class='ocrx_word' id='word_1_380' title='bbox 433 3863 512 3902; x_wconf 89' lang='lat' dir='ltr'>unus</span> <span class='ocrx_word' id='word_1_381' title='bbox 523 3864 561 3902; x_wconf 86' lang='lat' dir='ltr'>ex</span> <span class='ocrx_word' id='word_1_382' title='bbox 573 3847 669 3903; x_wconf 89' lang='lat' dir='ltr'>tribus</span> <span class='ocrx_word' id='word_1_383' title='bbox 680 3848 751 3904; x_wconf 90' lang='lat' dir='ltr'>viris</span> <span class='ocrx_word' id='word_1_384' title='bbox 764 3848 900 3904; x_wconf 87' lang='lat' dir='ltr'>invitavit</span> <span class='ocrx_word' id='word_1_385' title='bbox 912 3859 944 3905; x_wconf 89' lang='lat' dir='ltr'>et</span> <span class='ocrx_word' id='word_1_386' title='bbox 956 3849 1124 3904; x_wconf 87' lang='lat' dir='ltr'>introduxit</span> <span class='ocrx_word' id='word_1_387' title='bbox 1136 3866 1192 3905; x_wconf 93' lang='lat' dir='ltr'>nos</span> <span class='ocrx_word' id='word_1_388' title='bbox 1206 3848 1237 3904; x_wconf 93' lang='lat' dir='ltr'>in</span> 
     </span>
     <span class='ocr_line' id='line_1_44' title="bbox 120 3925 1238 4001; baseline 0.003 -20"><span class='ocrx_word' id='word_1_389' title='bbox 120 3925 342 3981; x_wconf 79' lang='lat' dir='ltr'>tabernaculum</span> <span class='ocrx_word' id='word_1_390' title='bbox 356 3943 453 3982; x_wconf 89' lang='lat' dir='ltr'>suurn.</span> <span class='ocrx_word' id='word_1_391' title='bbox 490 3926 545 3982; x_wconf 94' lang='lat' dir='ltr'>Vir</span> <span class='ocrx_word' id='word_1_392' title='bbox 556 3938 620 3983; x_wconf 88' lang='lat' dir='ltr'>erat</span> <span class='ocrx_word' id='word_1_393' title='bbox 631 3926 758 3983; x_wconf 67' lang='lat' dir='ltr'>amicius</span> <span class='ocrx_word' id='word_1_394' title='bbox 770 3928 861 3999; x_wconf 93' lang='lat' dir='ltr'>pallio</span> <span class='ocrx_word' id='word_1_395' title='bbox 873 3928 1058 4001; x_wconf 91' lang='lat' dir='ltr'>hyacinthini</span> <span class='ocrx_word' id='word_1_396' title='bbox 1071 3930 1187 3992; x_wconf 89' lang='lat' dir='ltr'>coloris,</span> <span class='ocrx_word' id='word_1_397' title='bbox 1202 3945 1238 3984; x_wconf 84' lang='lat' dir='ltr'>ac</span> 
     </span>
     <span class='ocr_line' id='line_1_45' title="bbox 114 4004 1238 4080; baseline 0.004 -23"><span class='ocrx_word' id='word_1_398' title='bbox 114 4004 221 4065; x_wconf 69' lang='lat' dir='ltr'>‚tunica</span> <span class='ocrx_word' id='word_1_399' title='bbox 234 4021 272 4060; x_wconf 90' lang='lat' dir='ltr'>ex</span> <span class='ocrx_word' id='word_1_400' title='bbox 290 4006 357 4061; x_wconf 84' lang='lat' dir='ltr'>lana</span> <span class='ocrx_word' id='word_1_401' title='bbox 370 4006 512 4070; x_wconf 88' lang='lat' dir='ltr'>candida;</span> <span class='ocrx_word' id='word_1_402' title='bbox 536 4016 568 4061; x_wconf 96' lang='lat' dir='ltr'>et</span> <span class='ocrx_word' id='word_1_403' title='bbox 585 4007 651 4077; x_wconf 87' lang='lat' dir='ltr'>ejus</span> <span class='ocrx_word' id='word_1_404' title='bbox 665 4023 741 4063; x_wconf 87' lang='lat' dir='ltr'>uxor</span> <span class='ocrx_word' id='word_1_405' title='bbox 754 4005 863 4062; x_wconf 70' lang='lat' dir='ltr'>amicta</span> <span class='ocrx_word' id='word_1_406' title='bbox 875 4018 939 4063; x_wconf 89' lang='lat' dir='ltr'>erat</span> <span class='ocrx_word' id='word_1_407' title='bbox 952 4018 1024 4080; x_wconf 89' lang='lat' dir='ltr'>toga</span> <span class='ocrx_word' id='word_1_408' title='bbox 1039 4025 1193 4079; x_wconf 90' lang='lat' dir='ltr'>purpurea,</span> <span class='ocrx_word' id='word_1_409' title='bbox 1206 4018 1238 4063; x_wconf 90' lang='lat' dir='ltr'>et</span> 
     </span>
     <span class='ocr_line' id='line_1_46' title="bbox 121 4083 1237 4159; baseline 0.005 -23"><span class='ocrx_word' id='word_1_410' title='bbox 121 4083 222 4138; x_wconf 82' lang='lat' dir='ltr'>subter</span> <span class='ocrx_word' id='word_1_411' title='bbox 235 4084 337 4140; x_wconf 81' lang='lat' dir='ltr'>tunica</span> <span class='ocrx_word' id='word_1_412' title='bbox 355 4083 497 4155; x_wconf 69' lang='lat' dir='ltr'>pectorali</span> <span class='ocrx_word' id='word_1_413' title='bbox 515 4102 553 4140; x_wconf 91' lang='lat' dir='ltr'>ex</span> <span class='ocrx_word' id='word_1_414' title='bbox 572 4086 660 4157; x_wconf 82' lang='lat' dir='ltr'>bysso</span> <span class='ocrx_word' id='word_1_415' title='bbox 678 4085 823 4157; x_wconf 71' lang='lat' dir='ltr'>acupicto.</span> <span class='ocrx_word' id='word_1_416' title='bbox 862 4087 900 4142; x_wconf 86' lang='lat' dir='ltr'>Et</span> <span class='ocrx_word' id='word_1_417' title='bbox 918 4087 988 4159; x_wconf 89' lang='lat' dir='ltr'>quia</span> <span class='ocrx_word' id='word_1_418' title='bbox 1006 4088 1036 4141; x_wconf 94' lang='lat' dir='ltr'>in</span> <span class='ocrx_word' id='word_1_419' title='bbox 1054 4087 1237 4158; x_wconf 88' lang='lat' dir='ltr'>cogitatione</span> 
     </span>
     <span class='ocr_line' id='line_1_47' title="bbox 122 4163 1238 4238; baseline 0.005 -23"><span class='ocrx_word' id='word_1_420' title='bbox 122 4177 186 4217; x_wconf 89' lang='lat' dir='ltr'>mea</span> <span class='ocrx_word' id='word_1_421' title='bbox 193 4173 256 4218; x_wconf 88' lang='lat' dir='ltr'>erat</span> <span class='ocrx_word' id='word_1_422' title='bbox 263 4163 443 4218; x_wconf 87' lang='lat' dir='ltr'>desiderium</span> <span class='ocrx_word' id='word_1_423' title='bbox 452 4165 652 4236; x_wconf 85' lang='lat' dir='ltr'>cognoscendi</span> <span class='ocrx_word' id='word_1_424' title='bbox 663 4165 803 4237; x_wconf 85' lang='lat' dir='ltr'>conjugia</span> <span class='ocrx_word' id='word_1_425' title='bbox 810 4166 1092 4238; x_wconf 89' lang='lat' dir='ltr'>antiquissimorum,</span> <span class='ocrx_word' id='word_1_426' title='bbox 1102 4166 1238 4221; x_wconf 86' lang='lat' dir='ltr'>intuebar</span> 
     </span>
     <span class='ocr_line' id='line_1_48' title="bbox 122 4241 1238 4317; baseline 0.004 -21"><span class='ocrx_word' id='word_1_427' title='bbox 122 4255 174 4311; x_wconf 83' lang='lat' dir='ltr'>per</span> <span class='ocrx_word' id='word_1_428' title='bbox 183 4241 265 4297; x_wconf 87' lang='lat' dir='ltr'>vices</span> <span class='ocrx_word' id='word_1_429' title='bbox 276 4242 416 4298; x_wconf 85' lang='lat' dir='ltr'>maritum</span> <span class='ocrx_word' id='word_1_430' title='bbox 429 4254 461 4298; x_wconf 91' lang='lat' dir='ltr'>et</span> <span class='ocrx_word' id='word_1_431' title='bbox 473 4260 604 4305; x_wconf 89' lang='lat' dir='ltr'>uxorem,</span> <span class='ocrx_word' id='word_1_432' title='bbox 617 4254 649 4300; x_wconf 90' lang='lat' dir='ltr'>et</span> <span class='ocrx_word' id='word_1_433' title='bbox 660 4244 855 4301; x_wconf 89' lang='lat' dir='ltr'>animadverti</span> <span class='ocrx_word' id='word_1_434' title='bbox 869 4246 952 4317; x_wconf 90' lang='lat' dir='ltr'>quasi</span> <span class='ocrx_word' id='word_1_435' title='bbox 966 4246 1111 4300; x_wconf 86' lang='lat' dir='ltr'>unitatem</span> <span class='ocrx_word' id='word_1_436' title='bbox 1125 4244 1238 4300; x_wconf 90' lang='lat' dir='ltr'>anima·</span> 
     </span>
     <span class='ocr_line' id='line_1_49' title="bbox 122 4321 1040 4387; baseline 0.003 -13"><span class='ocrx_word' id='word_1_437' title='bbox 122 4335 185 4374; x_wconf 87' lang='lat' dir='ltr'>rum</span> <span class='ocrx_word' id='word_1_438' title='bbox 199 4321 316 4377; x_wconf 90' lang='lat' dir='ltr'>illorum</span> <span class='ocrx_word' id='word_1_439' title='bbox 330 4322 360 4376; x_wconf 92' lang='lat' dir='ltr'>in</span> <span class='ocrx_word' id='word_1_440' title='bbox 370 4321 515 4384; x_wconf 80' lang='lat' dir='ltr'>faciebus:</span> <span class='ocrx_word' id='word_1_441' title='bbox 534 4333 564 4378; x_wconf 92' lang='lat' dir='ltr'>et</span> <span class='ocrx_word' id='word_1_442' title='bbox 577 4323 646 4387; x_wconf 80' lang='lat' dir='ltr'>dixi,</span> <span class='ocrx_word' id='word_1_443' title='bbox 661 4323 751 4379; x_wconf 84' lang='lat' dir='ltr'>“Vos</span> <span class='ocrx_word' id='word_1_444' title='bbox 763 4326 824 4380; x_wconf 93' lang='lat' dir='ltr'>duo</span> <span class='ocrx_word' id='word_1_445' title='bbox 836 4325 909 4380; x_wconf 87' lang='lat' dir='ltr'>estis</span> <span class='ocrx_word' id='word_1_446' title='bbox 920 4324 1040 4379; x_wconf 87' lang='lat' dir='ltr'>unum.&#39;&#39;</span> 
     </span>
    </p>

    <p class='ocr_par' dir='ltr' id='par_1_10' title="bbox 174 4399 1238 4474">
     <span class='ocr_line' id='line_1_50' title="bbox 174 4399 1238 4474; baseline 0.001 -17"><span class='ocrx_word' id='word_1_447' title='bbox 174 4399 212 4458; x_wconf 82' lang='lat' dir='ltr'>Et</span> <span class='ocrx_word' id='word_1_448' title='bbox 224 4400 381 4474; x_wconf 87' lang='lat' dir='ltr'>respondit</span> <span class='ocrx_word' id='word_1_449' title='bbox 392 4401 445 4468; x_wconf 92' lang='lat' dir='ltr'>vir,</span> <span class='ocrx_word' id='word_1_450' title='bbox 459 4402 595 4460; x_wconf 84' lang='lat' dir='ltr'>“Sumus</span> <span class='ocrx_word' id='word_1_451' title='bbox 607 4420 716 4469; x_wconf 74' lang='lat' dir='ltr'>unum:</span> <span class='ocrx_word' id='word_1_452' title='bbox 735 4415 782 4459; x_wconf 90' lang='lat' dir='ltr'>est</span> <span class='ocrx_word' id='word_1_453' title='bbox 794 4403 873 4460; x_wconf 90' lang='lat' dir='ltr'>illius</span> <span class='ocrx_word' id='word_1_454' title='bbox 883 4403 945 4459; x_wconf 88' lang='lat' dir='ltr'>vita</span> <span class='ocrx_word' id='word_1_455' title='bbox 960 4403 989 4458; x_wconf 89' lang='lat' dir='ltr'>in</span> <span class='ocrx_word' id='word_1_456' title='bbox 1006 4419 1061 4467; x_wconf 89' lang='lat' dir='ltr'>me,</span> <span class='ocrx_word' id='word_1_457' title='bbox 1075 4412 1106 4460; x_wconf 89' lang='lat' dir='ltr'>et</span> <span class='ocrx_word' id='word_1_458' title='bbox 1122 4419 1188 4459; x_wconf 89' lang='lat' dir='ltr'>mea</span> <span class='ocrx_word' id='word_1_459' title='bbox 1207 4402 1238 4458; x_wconf 91' lang='lat' dir='ltr'>in</span> 
     </span>
    </p>
   </div>
   <div class='ocr_carea' id='block_1_3' title="bbox 0 0 1430 5026">
    <p class='ocr_par' dir='ltr' id='par_1_11' title="bbox 0 0 1430 5026">
     <span class='ocr_line' id='line_1_51' title="bbox 0 0 1430 5026; baseline 0 1"><span class='ocrx_word' id='word_1_460' title='bbox 0 0 1430 5026; x_wconf 95' lang='lat' dir='ltr'> </span> 
     </span>
    </p>
   </div>
  </div>
 </body>
</html>
