<?xml version="1.0" encoding="UTF-8"?>
<!DOCTYPE html PUBLIC "-//W3C//DTD XHTML 1.0 Transitional//EN"
    "http://www.w3.org/TR/xhtml1/DTD/xhtml1-transitional.dtd">
<html xmlns="http://www.w3.org/1999/xhtml" xml:lang="en" lang="en">
 <head>
  <title>
</title>
<meta http-equiv="Content-Type" content="text/html;charset=utf-8" />
  <meta name='ocr-system' content='tesseract 3.04.00' />
  <meta name='ocr-capabilities' content='ocr_page ocr_carea ocr_par ocr_line ocrx_word'/>
</head>
<body>
  <div class='ocr_page' id='page_1' title='image "./deliciaesapient00swedgoog_0362.png"; bbox 0 0 2782 5026; ppageno 0'>
   <div class='ocr_carea' id='block_1_1' title="bbox 336 92 1234 177">
    <p class='ocr_par' dir='ltr' id='par_1_1' title="bbox 336 92 1234 177">
     <span class='ocr_line' id='line_1_1' title="bbox 336 92 1234 177; baseline 0.004 -20"><span class='ocrx_word' id='word_1_1' title='bbox 336 108 387 158; x_wconf 80' lang='lat' dir='ltr'>na</span> <span class='ocrx_word' id='word_1_2' title='bbox 410 107 546 160; x_wconf 73' lang='grc'><strong>11101111</strong></span> <span class='ocrx_word' id='word_1_3' title='bbox 568 106 931 159; x_wconf 79' lang='lat' dir='ltr'>SCORTATOR10.-N.</span> <span class='ocrx_word' id='word_1_4' title='bbox 947 92 1022 174; x_wconf 89' lang='lat'>461.</span> <span class='ocrx_word' id='word_1_5' title='bbox 1172 107 1234 177; x_wconf 82' lang='lat'>353</span> 
     </span>
    </p>
   </div>
   <div class='ocr_carea' id='block_1_2' title="bbox 59 274 1234 4092">
    <p class='ocr_par' dir='ltr' id='par_1_2' title="bbox 64 274 1234 1288">
     <span class='ocr_line' id='line_1_2' title="bbox 73 274 1234 349; baseline 0 -17"><span class='ocrx_word' id='word_1_6' title='bbox 73 277 184 332; x_wconf 90' lang='lat' dir='ltr'>caelo</span> <span class='ocrx_word' id='word_1_7' title='bbox 205 287 291 339; x_wconf 86' lang='lat' dir='ltr'>sunt,</span> <span class='ocrx_word' id='word_1_8' title='bbox 307 287 356 332; x_wconf 86' lang='lat' dir='ltr'>est</span> <span class='ocrx_word' id='word_1_9' title='bbox 372 276 538 349; x_wconf 70' lang='lat' dir='ltr'>iucundum</span> <span class='ocrx_word' id='word_1_10' title='bbox 557 276 630 333; x_wconf 88' lang='lat' dir='ltr'>boni</span> <span class='ocrx_word' id='word_1_11' title='bbox 648 286 681 333; x_wconf 90' lang='lat' dir='ltr'>et</span> <span class='ocrx_word' id='word_1_12' title='bbox 698 276 777 339; x_wconf 77' lang='lat' dir='ltr'>veri3</span> <span class='ocrx_word' id='word_1_13' title='bbox 800 276 859 330; x_wconf 92' lang='lat' dir='ltr'>illis</span> <span class='ocrx_word' id='word_1_14' title='bbox 874 286 975 331; x_wconf 83' lang='lat' dir='ltr'>autern</span> <span class='ocrx_word' id='word_1_15' title='bbox 993 275 1046 347; x_wconf 89' lang='lat' dir='ltr'>qui</span> <span class='ocrx_word' id='word_1_16' title='bbox 1065 275 1096 331; x_wconf 93' lang='lat' dir='ltr'>in</span> <span class='ocrx_word' id='word_1_17' title='bbox 1116 274 1234 333; x_wconf 85' lang='lat' dir='ltr'>inierno</span> 
     </span>
     <span class='ocr_line' id='line_1_3' title="bbox 74 355 1233 427; baseline 0 -15"><span class='ocrx_word' id='word_1_18' title='bbox 74 367 184 420; x_wconf 73' lang='lat' dir='ltr'>aunt,</span> <span class='ocrx_word' id='word_1_19' title='bbox 197 367 249 411; x_wconf 84' lang='lat' dir='ltr'>est</span> <span class='ocrx_word' id='word_1_20' title='bbox 260 357 430 427; x_wconf 85' lang='lat' dir='ltr'>jucundum</span> <span class='ocrx_word' id='word_1_21' title='bbox 444 356 515 413; x_wconf 86' lang='lat' dir='ltr'>mali</span> <span class='ocrx_word' id='word_1_22' title='bbox 528 367 559 413; x_wconf 84' lang='lat' dir='ltr'>et</span> <span class='ocrx_word' id='word_1_23' title='bbox 572 355 656 420; x_wconf 84' lang='lat' dir='ltr'>ialsi;</span> <span class='ocrx_word' id='word_1_24' title='bbox 677 371 767 413; x_wconf 86' lang='lat' dir='ltr'>omne</span> <span class='ocrx_word' id='word_1_25' title='bbox 780 355 861 411; x_wconf 87' lang='lat' dir='ltr'>enim</span> <span class='ocrx_word' id='word_1_26' title='bbox 874 356 1040 426; x_wconf 87' lang='lat' dir='ltr'>jucundum</span> <span class='ocrx_word' id='word_1_27' title='bbox 1055 365 1102 412; x_wconf 89' lang='lat' dir='ltr'>est</span> <span class='ocrx_word' id='word_1_28' title='bbox 1114 357 1233 417; x_wconf 86' lang='lat' dir='ltr'>amoris,</span> 
     </span>
     <span class='ocr_line' id='line_1_4' title="bbox 69 435 1234 506; baseline -0.002 -13"><span class='ocrx_word' id='word_1_29' title='bbox 69 446 117 492; x_wconf 78' lang='lat' dir='ltr'>et</span> <span class='ocrx_word' id='word_1_30' title='bbox 131 452 235 493; x_wconf 81' lang='lat' dir='ltr'>amor</span> <span class='ocrx_word' id='word_1_31' title='bbox 246 446 296 491; x_wconf 89' lang='lat' dir='ltr'>est</span> <span class='ocrx_word' id='word_1_32' title='bbox 310 452 377 491; x_wconf 86' lang='lat' dir='ltr'>esse</span> <span class='ocrx_word' id='word_1_33' title='bbox 389 436 470 493; x_wconf 87' lang='lat' dir='ltr'>vitae</span> <span class='ocrx_word' id='word_1_34' title='bbox 483 436 631 500; x_wconf 87' lang='lat' dir='ltr'>homiuis;</span> <span class='ocrx_word' id='word_1_35' title='bbox 650 452 744 506; x_wconf 90' lang='lat' dir='ltr'>quare</span> <span class='ocrx_word' id='word_1_36' title='bbox 759 436 836 493; x_wconf 83' lang='lat' dir='ltr'>sicut</span> <span class='ocrx_word' id='word_1_37' title='bbox 852 435 946 491; x_wconf 90' lang='lat' dir='ltr'>homo</span> <span class='ocrx_word' id='word_1_38' title='bbox 961 445 1007 490; x_wconf 87' lang='lat' dir='ltr'>est</span> <span class='ocrx_word' id='word_1_39' title='bbox 1022 435 1115 491; x_wconf 90' lang='lat' dir='ltr'>homo</span> <span class='ocrx_word' id='word_1_40' title='bbox 1127 452 1234 491; x_wconf 85' lang='lat' dir='ltr'>secun·</span> 
     </span>
     <span class='ocr_line' id='line_1_5' title="bbox 70 515 1234 586; baseline 0.001 -16"><span class='ocrx_word' id='word_1_41' title='bbox 70 516 169 570; x_wconf 87' lang='lat' dir='ltr'>dum</span> <span class='ocrx_word' id='word_1_42' title='bbox 192 516 288 586; x_wconf 88' lang='lat' dir='ltr'>quale</span> <span class='ocrx_word' id='word_1_43' title='bbox 307 515 352 569; x_wconf 88' lang='lat' dir='ltr'>sui</span> <span class='ocrx_word' id='word_1_44' title='bbox 372 516 491 577; x_wconf 87' lang='lat' dir='ltr'>amoris,</span> <span class='ocrx_word' id='word_1_45' title='bbox 507 515 549 571; x_wconf 87' lang='lat' dir='ltr'>ita</span> <span class='ocrx_word' id='word_1_46' title='bbox 567 525 615 573; x_wconf 88' lang='lat' dir='ltr'>est</span> <span class='ocrx_word' id='word_1_47' title='bbox 634 515 727 571; x_wconf 88' lang='lat' dir='ltr'>homo</span> <span class='ocrx_word' id='word_1_48' title='bbox 742 515 908 571; x_wconf 83' lang='lat' dir='ltr'>secundum</span> <span class='ocrx_word' id='word_1_49' title='bbox 924 515 1012 586; x_wconf 82' lang='lat' dir='ltr'>quale</span> <span class='ocrx_word' id='word_1_50' title='bbox 1027 515 1074 571; x_wconf 89' lang='lat' dir='ltr'>sui</span> <span class='ocrx_word' id='word_1_51' title='bbox 1091 515 1234 586; x_wconf 84' lang='lat' dir='ltr'>jucundi:</span> 
     </span>
     <span class='ocr_line' id='line_1_6' title="bbox 67 593 1233 673; baseline 0 -23"><span class='ocrx_word' id='word_1_52' title='bbox 67 593 245 650; x_wconf 69' lang='lat' dir='ltr'>activitas</span> <span class='ocrx_word' id='word_1_53' title='bbox 263 595 375 650; x_wconf 86' lang='lat' dir='ltr'>amoris</span> <span class='ocrx_word' id='word_1_54' title='bbox 394 593 465 649; x_wconf 85' lang='lat' dir='ltr'>lacit</span> <span class='ocrx_word' id='word_1_55' title='bbox 484 612 604 650; x_wconf 87' lang='lat' dir='ltr'>sensum</span> <span class='ocrx_word' id='word_1_56' title='bbox 624 595 766 665; x_wconf 89' lang='lat' dir='ltr'>jucundi;</span> <span class='ocrx_word' id='word_1_57' title='bbox 791 593 930 651; x_wconf 77' lang='lat' dir='ltr'>at&#39;iivitas</span> <span class='ocrx_word' id='word_1_58' title='bbox 948 596 1015 665; x_wconf 89' lang='lat' dir='ltr'>ejus</span> <span class='ocrx_word' id='word_1_59' title='bbox 1034 595 1064 673; x_wconf 78' lang='lat' dir='ltr'>in</span> <span class='ocrx_word' id='word_1_60' title='bbox 1083 596 1169 653; x_wconf 90' lang='lat' dir='ltr'>caelo</span> <span class='ocrx_word' id='word_1_61' title='bbox 1187 606 1233 651; x_wconf 88' lang='lat' dir='ltr'>est</span> 
     </span>
     <span class='ocr_line' id='line_1_7' title="bbox 66 673 1233 746; baseline 0.001 -16"><span class='ocrx_word' id='word_1_62' title='bbox 66 691 163 730; x_wconf 86' lang='lat' dir='ltr'>cum</span> <span class='ocrx_word' id='word_1_63' title='bbox 182 674 346 745; x_wconf 83' lang='lat' dir='ltr'>sapientia,</span> <span class='ocrx_word' id='word_1_64' title='bbox 360 685 391 729; x_wconf 87' lang='lat' dir='ltr'>et</span> <span class='ocrx_word' id='word_1_65' title='bbox 403 673 540 731; x_wconf 71' lang='lat' dir='ltr'>adlivitas</span> <span class='ocrx_word' id='word_1_66' title='bbox 554 676 620 745; x_wconf 85' lang='lat' dir='ltr'>ejus</span> <span class='ocrx_word' id='word_1_67' title='bbox 636 675 665 729; x_wconf 90' lang='lat' dir='ltr'>in</span> <span class='ocrx_word' id='word_1_68' title='bbox 682 673 801 729; x_wconf 82' lang='lat' dir='ltr'>inferno</span> <span class='ocrx_word' id='word_1_69' title='bbox 813 686 860 729; x_wconf 91' lang='lat' dir='ltr'>est</span> <span class='ocrx_word' id='word_1_70' title='bbox 875 691 944 730; x_wconf 92' lang='lat' dir='ltr'>cum</span> <span class='ocrx_word' id='word_1_71' title='bbox 959 675 1090 739; x_wconf 58' lang='lat' dir='ltr'>insania</span> <span class='ocrx_word' id='word_1_72' title='bbox 1106 686 1233 746; x_wconf 84' lang='lat' dir='ltr'>utraque</span> 
     </span>
     <span class='ocr_line' id='line_1_8' title="bbox 68 752 1233 827; baseline 0 -18"><span class='ocrx_word' id='word_1_73' title='bbox 68 755 111 809; x_wconf 86' lang='lat' dir='ltr'>in</span> <span class='ocrx_word' id='word_1_74' title='bbox 126 754 205 809; x_wconf 86' lang='lat' dir='ltr'>suis</span> <span class='ocrx_word' id='word_1_75' title='bbox 215 752 361 824; x_wconf 68' lang='lat' dir='ltr'>subjectis</span> <span class='ocrx_word' id='word_1_76' title='bbox 369 753 448 808; x_wconf 88' lang='lat' dir='ltr'>sistit</span> <span class='ocrx_word' id='word_1_77' title='bbox 456 754 630 824; x_wconf 90' lang='lat' dir='ltr'>jucundum.</span> <span class='ocrx_word' id='word_1_78' title='bbox 659 753 736 809; x_wconf 86' lang='lat' dir='ltr'>Sunt</span> <span class='ocrx_word' id='word_1_79' title='bbox 745 765 846 808; x_wconf 87' lang='lat' dir='ltr'>autem</span> <span class='ocrx_word' id='word_1_80' title='bbox 855 755 929 809; x_wconf 87' lang='lat' dir='ltr'>caeli</span> <span class='ocrx_word' id='word_1_81' title='bbox 939 765 970 809; x_wconf 91' lang='lat' dir='ltr'>et</span> <span class='ocrx_word' id='word_1_82' title='bbox 981 754 1087 809; x_wconf 80' lang='lat' dir='ltr'>inferni</span> <span class='ocrx_word' id='word_1_83' title='bbox 1099 755 1129 809; x_wconf 96' lang='lat' dir='ltr'>in</span> <span class='ocrx_word' id='word_1_84' title='bbox 1137 771 1233 827; x_wconf 70' lang='lat' dir='ltr'>oppo-</span> 
     </span>
     <span class='ocr_line' id='line_1_9' title="bbox 68 833 1233 904; baseline 0 -15"><span class='ocrx_word' id='word_1_85' title='bbox 68 835 164 890; x_wconf 75' lang='lat' dir='ltr'>sitis</span> <span class='ocrx_word' id='word_1_86' title='bbox 182 833 340 904; x_wconf 87' lang='lat' dir='ltr'>jucundis,</span> <span class='ocrx_word' id='word_1_87' title='bbox 355 833 427 903; x_wconf 85' lang='lat' dir='ltr'>quia</span> <span class='ocrx_word' id='word_1_88' title='bbox 445 833 475 888; x_wconf 92' lang='grc'>111</span> <span class='ocrx_word' id='word_1_89' title='bbox 490 833 639 904; x_wconf 86' lang='lat' dir='ltr'>oppositis</span> <span class='ocrx_word' id='word_1_90' title='bbox 654 834 822 896; x_wconf 88' lang='lat' dir='ltr'>amoribus;</span> <span class='ocrx_word' id='word_1_91' title='bbox 846 834 922 888; x_wconf 89' lang='lat' dir='ltr'>caeli</span> <span class='ocrx_word' id='word_1_92' title='bbox 942 834 972 888; x_wconf 90' lang='lat' dir='ltr'>in</span> <span class='ocrx_word' id='word_1_93' title='bbox 991 851 1093 890; x_wconf 85' lang='lat' dir='ltr'>amore</span> <span class='ocrx_word' id='word_1_94' title='bbox 1112 846 1143 890; x_wconf 91' lang='lat' dir='ltr'>et</span> <span class='ocrx_word' id='word_1_95' title='bbox 1162 835 1233 889; x_wconf 90' lang='lat' dir='ltr'>inde</span> 
     </span>
     <span class='ocr_line' id='line_1_10' title="bbox 67 911 1233 984; baseline 0.003 -16"><span class='ocrx_word' id='word_1_96' title='bbox 67 913 242 983; x_wconf 85' lang='lat' dir='ltr'>jucundo</span> <span class='ocrx_word' id='word_1_97' title='bbox 252 911 466 974; x_wconf 76' lang='lat' dir='ltr'>benefaciendi,</span> <span class='ocrx_word' id='word_1_98' title='bbox 478 913 584 967; x_wconf 80' lang='lat' dir='ltr'>inferni</span> <span class='ocrx_word' id='word_1_99' title='bbox 595 923 695 967; x_wconf 89' lang='lat' dir='ltr'>autem</span> <span class='ocrx_word' id='word_1_100' title='bbox 711 914 741 967; x_wconf 93' lang='lat' dir='ltr'>in</span> <span class='ocrx_word' id='word_1_101' title='bbox 755 930 856 968; x_wconf 89' lang='lat' dir='ltr'>amore</span> <span class='ocrx_word' id='word_1_102' title='bbox 870 925 901 967; x_wconf 89' lang='lat' dir='ltr'>et</span> <span class='ocrx_word' id='word_1_103' title='bbox 915 914 984 967; x_wconf 89' lang='lat' dir='ltr'>inde</span> <span class='ocrx_word' id='word_1_104' title='bbox 994 914 1128 984; x_wconf 88' lang='lat' dir='ltr'>jucundo</span> <span class='ocrx_word' id='word_1_105' title='bbox 1142 915 1233 971; x_wconf 83' lang='lat' dir='ltr'>male·</span> 
     </span>
     <span class='ocr_line' id='line_1_11' title="bbox 66 991 1233 1065; baseline 0.004 -19"><span class='ocrx_word' id='word_1_106' title='bbox 66 991 253 1048; x_wconf 78' lang='lat' dir='ltr'>faciendi:</span> <span class='ocrx_word' id='word_1_107' title='bbox 279 993 305 1046; x_wconf 89' lang='lat' dir='ltr'>si</span> <span class='ocrx_word' id='word_1_108' title='bbox 330 992 431 1062; x_wconf 89' lang='lat' dir='ltr'>itaque</span> <span class='ocrx_word' id='word_1_109' title='bbox 450 993 610 1063; x_wconf 82' lang='lat' dir='ltr'>cognoscis</span> <span class='ocrx_word' id='word_1_110' title='bbox 628 993 701 1064; x_wconf 91' lang='lat' dir='ltr'>quid</span> <span class='ocrx_word' id='word_1_111' title='bbox 725 994 901 1064; x_wconf 87' lang='lat' dir='ltr'>jucundum,</span> <span class='ocrx_word' id='word_1_112' title='bbox 918 1010 1087 1064; x_wconf 77' lang='lat' dir='ltr'>cognosces</span> <span class='ocrx_word' id='word_1_113' title='bbox 1104 994 1177 1065; x_wconf 89' lang='lat' dir='ltr'>quid</span> <span class='ocrx_word' id='word_1_114' title='bbox 1203 1005 1233 1051; x_wconf 91' lang='lat' dir='ltr'>et</span> 
     </span>
     <span class='ocr_line' id='line_1_12' title="bbox 64 1071 1232 1146; baseline -0.001 -18"><span class='ocrx_word' id='word_1_115' title='bbox 64 1073 187 1144; x_wconf 78' lang='lat' dir='ltr'>quale</span> <span class='ocrx_word' id='word_1_116' title='bbox 208 1081 261 1126; x_wconf 90' lang='lat' dir='ltr'>est</span> <span class='ocrx_word' id='word_1_117' title='bbox 278 1073 394 1127; x_wconf 83' lang='lat' dir='ltr'>caelum</span> <span class='ocrx_word' id='word_1_118' title='bbox 412 1083 445 1127; x_wconf 89' lang='lat' dir='ltr'>et</span> <span class='ocrx_word' id='word_1_119' title='bbox 469 1071 628 1130; x_wconf 75' lang='lat' dir='ltr'>infernum.</span> <span class='ocrx_word' id='word_1_120' title='bbox 675 1071 735 1128; x_wconf 83' lang='lat' dir='ltr'>Sed</span> <span class='ocrx_word' id='word_1_121' title='bbox 755 1073 871 1144; x_wconf 86' lang='lat' dir='ltr'>inquire</span> <span class='ocrx_word' id='word_1_122' title='bbox 889 1083 921 1128; x_wconf 86' lang='lat' dir='ltr'>et</span> <span class='ocrx_word' id='word_1_123' title='bbox 939 1074 1022 1129; x_wconf 88' lang='lat' dir='ltr'>disce</span> <span class='ocrx_word' id='word_1_124' title='bbox 1041 1074 1142 1130; x_wconf 89' lang='lat' dir='ltr'>adhuc</span> <span class='ocrx_word' id='word_1_125' title='bbox 1160 1074 1232 1146; x_wconf 94' lang='lat' dir='ltr'>quid</span> 
     </span>
     <span class='ocr_line' id='line_1_13' title="bbox 64 1151 1233 1225; baseline 0.003 -18"><span class='ocrx_word' id='word_1_126' title='bbox 64 1152 273 1223; x_wconf 88' lang='lat' dir='ltr'>jucundum</span> <span class='ocrx_word' id='word_1_127' title='bbox 285 1152 324 1205; x_wconf 86' lang='lat' dir='ltr'>ab</span> <span class='ocrx_word' id='word_1_128' title='bbox 336 1152 458 1222; x_wconf 91' lang='lat' dir='ltr'>illisqui</span> <span class='ocrx_word' id='word_1_129' title='bbox 473 1152 657 1223; x_wconf 83' lang='lat' dir='ltr'>investigant</span> <span class='ocrx_word' id='word_1_130' title='bbox 665 1168 780 1215; x_wconf 80' lang='lat' dir='ltr'>causas,</span> <span class='ocrx_word' id='word_1_131' title='bbox 793 1163 824 1208; x_wconf 90' lang='lat' dir='ltr'>et</span> <span class='ocrx_word' id='word_1_132' title='bbox 837 1165 985 1209; x_wconf 87' lang='lat' dir='ltr'>vocantur</span> <span class='ocrx_word' id='word_1_133' title='bbox 997 1151 1233 1225; x_wconf 68' lang='lat' dir='ltr'>intelligentiae,</span> 
     </span>
     <span class='ocr_line' id='line_1_14' title="bbox 64 1230 1173 1288; baseline -0.008 0"><span class='ocrx_word' id='word_1_134' title='bbox 64 1243 169 1288; x_wconf 74' lang='lat' dir='ltr'>sunt</span> <span class='ocrx_word' id='word_1_135' title='bbox 183 1230 300 1287; x_wconf 84' lang='lat' dir='ltr'>abhinc</span> <span class='ocrx_word' id='word_1_136' title='bbox 312 1231 351 1286; x_wconf 86' lang='lat' dir='ltr'>ad</span> <span class='ocrx_word' id='word_1_137' title='bbox 361 1231 529 1287; x_wconf 85' lang='lat' dir='ltr'>dextrum.’&#39;</span> <span class='ocrx_word' id='word_1_138' title='bbox 1170 1274 1173 1279; x_wconf 80' lang='grc'><strong><em>,</em></strong></span> 
     </span>
    </p>

    <p class='ocr_par' dir='ltr' id='par_1_3' title="bbox 63 1310 1233 1460">
     <span class='ocr_line' id='line_1_15' title="bbox 146 1310 1233 1384; baseline 0.002 -18"><span class='ocrx_word' id='word_1_139' title='bbox 146 1311 195 1366; x_wconf 85' lang='lat' dir='ltr'>Et</span> <span class='ocrx_word' id='word_1_140' title='bbox 212 1311 317 1373; x_wconf 89' lang='lat' dir='ltr'>abivit,</span> <span class='ocrx_word' id='word_1_141' title='bbox 333 1321 365 1366; x_wconf 90' lang='lat' dir='ltr'>et</span> <span class='ocrx_word' id='word_1_142' title='bbox 382 1311 517 1373; x_wconf 87' lang='lat' dir='ltr'>accessit,</span> <span class='ocrx_word' id='word_1_143' title='bbox 533 1322 564 1368; x_wconf 92' lang='lat' dir='ltr'>et</span> <span class='ocrx_word' id='word_1_144' title='bbox 583 1310 660 1367; x_wconf 85' lang='lat' dir='ltr'>dixit</span> <span class='ocrx_word' id='word_1_145' title='bbox 675 1327 796 1368; x_wconf 87' lang='lat' dir='ltr'>causam</span> <span class='ocrx_word' id='word_1_146' title='bbox 812 1312 969 1375; x_wconf 87' lang='lat' dir='ltr'>adventus,</span> <span class='ocrx_word' id='word_1_147' title='bbox 984 1322 1016 1369; x_wconf 87' lang='lat' dir='ltr'>et</span> <span class='ocrx_word' id='word_1_148' title='bbox 1032 1313 1119 1384; x_wconf 86' lang='lat' dir='ltr'>petiit</span> <span class='ocrx_word' id='word_1_149' title='bbox 1135 1324 1169 1370; x_wconf 89' lang='lat' dir='ltr'>ut</span> <span class='ocrx_word' id='word_1_150' title='bbox 1188 1313 1233 1368; x_wconf 87' lang='lat' dir='ltr'>in·</span> 
     </span>
     <span class='ocr_line' id='line_1_16' title="bbox 63 1391 527 1460; baseline -0.006 -12"><span class='ocrx_word' id='word_1_151' title='bbox 63 1400 256 1448; x_wconf 72' lang='lat' dir='ltr'>struerent</span> <span class='ocrx_word' id='word_1_152' title='bbox 265 1391 338 1460; x_wconf 93' lang='lat' dir='ltr'>quid</span> <span class='ocrx_word' id='word_1_153' title='bbox 350 1391 527 1460; x_wconf 86' lang='lat' dir='ltr'>jucundum.</span> 
     </span>
    </p>

    <p class='ocr_par' dir='ltr' id='par_1_4' title="bbox 59 1470 1232 2894">
     <span class='ocr_line' id='line_1_17' title="bbox 143 1470 1232 1544; baseline 0.001 -18"><span class='ocrx_word' id='word_1_154' title='bbox 143 1471 191 1526; x_wconf 82' lang='lat' dir='ltr'>Et</span> <span class='ocrx_word' id='word_1_155' title='bbox 203 1470 237 1523; x_wconf 89' lang='lat' dir='ltr'>hi</span> <span class='ocrx_word' id='word_1_156' title='bbox 247 1470 342 1540; x_wconf 83' lang='lat' dir='ltr'>gavisi</span> <span class='ocrx_word' id='word_1_157' title='bbox 353 1471 391 1524; x_wconf 88' lang='lat' dir='ltr'>ab</span> <span class='ocrx_word' id='word_1_158' title='bbox 401 1471 638 1541; x_wconf 85' lang='lat' dir='ltr'>interrogatione</span> <span class='ocrx_word' id='word_1_159' title='bbox 647 1470 796 1533; x_wconf 90' lang='lat' dir='ltr'>dicebant,</span> <span class='ocrx_word' id='word_1_160' title='bbox 805 1470 940 1526; x_wconf 88' lang='lat' dir='ltr'>“Verum</span> <span class='ocrx_word' id='word_1_161' title='bbox 951 1472 1089 1542; x_wconf 89' lang='lat' dir='ltr'>estquod</span> <span class='ocrx_word' id='word_1_162' title='bbox 1099 1472 1150 1542; x_wconf 89' lang='lat' dir='ltr'>qui</span> <span class='ocrx_word' id='word_1_163' title='bbox 1161 1488 1232 1544; x_wconf 86' lang='lat' dir='ltr'>cog·</span> 
     </span>
     <span class='ocr_line' id='line_1_18' title="bbox 61 1550 1232 1621; baseline 0.002 -17"><span class='ocrx_word' id='word_1_164' title='bbox 61 1551 199 1606; x_wconf 87' lang='lat' dir='ltr'>noscit</span> <span class='ocrx_word' id='word_1_165' title='bbox 212 1550 390 1619; x_wconf 88' lang='lat' dir='ltr'>jucundum,</span> <span class='ocrx_word' id='word_1_166' title='bbox 403 1560 569 1620; x_wconf 86' lang='lat' dir='ltr'>cognoscat</span> <span class='ocrx_word' id='word_1_167' title='bbox 583 1550 657 1620; x_wconf 90' lang='lat' dir='ltr'>quid</span> <span class='ocrx_word' id='word_1_168' title='bbox 673 1562 704 1605; x_wconf 89' lang='lat' dir='ltr'>et</span> <span class='ocrx_word' id='word_1_169' title='bbox 718 1550 807 1621; x_wconf 88' lang='lat' dir='ltr'>quale</span> <span class='ocrx_word' id='word_1_170' title='bbox 823 1561 869 1605; x_wconf 88' lang='lat' dir='ltr'>est</span> <span class='ocrx_word' id='word_1_171' title='bbox 883 1552 1001 1607; x_wconf 88' lang='lat' dir='ltr'>caelum</span> <span class='ocrx_word' id='word_1_172' title='bbox 1017 1563 1048 1607; x_wconf 90' lang='lat' dir='ltr'>et</span> <span class='ocrx_word' id='word_1_173' title='bbox 1065 1551 1232 1606; x_wconf 78' lang='lat' dir='ltr'>infernum:</span> 
     </span>
     <span class='ocr_line' id='line_1_19' title="bbox 61 1629 1232 1700; baseline 0 -13"><span class='ocrx_word' id='word_1_174' title='bbox 61 1632 253 1690; x_wconf 82' lang='lat' dir='ltr'>voluntas,</span> <span class='ocrx_word' id='word_1_175' title='bbox 263 1644 301 1684; x_wconf 84' lang='lat' dir='ltr'>ex</span> <span class='ocrx_word' id='word_1_176' title='bbox 313 1645 372 1699; x_wconf 89' lang='lat' dir='ltr'>qua</span> <span class='ocrx_word' id='word_1_177' title='bbox 382 1629 531 1685; x_wconf 88' lang='lat' dir='ltr'>homoest</span> <span class='ocrx_word' id='word_1_178' title='bbox 544 1629 645 1691; x_wconf 87' lang='lat' dir='ltr'>homo,</span> <span class='ocrx_word' id='word_1_179' title='bbox 657 1646 694 1684; x_wconf 90' lang='lat' dir='ltr'>ne</span> <span class='ocrx_word' id='word_1_180' title='bbox 707 1630 828 1699; x_wconf 92' lang='lat' dir='ltr'>quidem</span> <span class='ocrx_word' id='word_1_181' title='bbox 840 1629 1016 1700; x_wconf 68' lang='lat' dir='ltr'>puniiulum</span> <span class='ocrx_word' id='word_1_182' title='bbox 1031 1630 1133 1694; x_wconf 81' lang='lat' dir='ltr'>fertur,</span> <span class='ocrx_word' id='word_1_183' title='bbox 1143 1632 1200 1687; x_wconf 91' lang='lat' dir='ltr'>nisi</span> <span class='ocrx_word' id='word_1_184' title='bbox 1214 1648 1232 1687; x_wconf 93' lang='lat' dir='ltr'>a</span> 
     </span>
     <span class='ocr_line' id='line_1_20' title="bbox 61 1708 1230 1782; baseline 0.002 -16"><span class='ocrx_word' id='word_1_185' title='bbox 61 1709 258 1779; x_wconf 81' lang='lat' dir='ltr'>jucundo;</span> <span class='ocrx_word' id='word_1_186' title='bbox 273 1725 341 1764; x_wconf 88' lang='lat' dir='ltr'>nam</span> <span class='ocrx_word' id='word_1_187' title='bbox 355 1709 497 1764; x_wconf 87' lang='lat' dir='ltr'>voluntas</span> <span class='ocrx_word' id='word_1_188' title='bbox 509 1709 539 1763; x_wconf 94' lang='lat' dir='ltr'>in</span> <span class='ocrx_word' id='word_1_189' title='bbox 553 1725 585 1764; x_wconf 89' lang='lat' dir='ltr'>se</span> <span class='ocrx_word' id='word_1_190' title='bbox 598 1708 740 1779; x_wconf 70' lang='lat' dir='ltr'>spediata,</span> <span class='ocrx_word' id='word_1_191' title='bbox 752 1725 813 1765; x_wconf 94' lang='lat' dir='ltr'>non</span> <span class='ocrx_word' id='word_1_192' title='bbox 826 1719 873 1765; x_wconf 87' lang='lat' dir='ltr'>est</span> <span class='ocrx_word' id='word_1_193' title='bbox 886 1711 943 1766; x_wconf 88' lang='lat' dir='ltr'>nisi</span> <span class='ocrx_word' id='word_1_194' title='bbox 957 1727 1047 1782; x_wconf 91' lang='lat' dir='ltr'>quam</span> <span class='ocrx_word' id='word_1_195' title='bbox 1060 1710 1187 1766; x_wconf 69' lang='lat' dir='ltr'>alleiius</span> <span class='ocrx_word' id='word_1_196' title='bbox 1199 1723 1230 1769; x_wconf 89' lang='lat' dir='ltr'>et</span> 
     </span>
     <span class='ocr_line' id='line_1_21' title="bbox 62 1787 1231 1861; baseline 0.002 -16"><span class='ocrx_word' id='word_1_197' title='bbox 62 1787 229 1845; x_wconf 56' lang='lat' dir='ltr'>elidius</span> <span class='ocrx_word' id='word_1_198' title='bbox 241 1788 369 1858; x_wconf 88' lang='lat' dir='ltr'>aiicujus</span> <span class='ocrx_word' id='word_1_199' title='bbox 381 1789 498 1850; x_wconf 91' lang='lat' dir='ltr'>amoris,</span> <span class='ocrx_word' id='word_1_200' title='bbox 513 1788 556 1842; x_wconf 87' lang='lat' dir='ltr'>ita</span> <span class='ocrx_word' id='word_1_201' title='bbox 567 1789 700 1858; x_wconf 90' lang='lat' dir='ltr'>jucundi,</span> <span class='ocrx_word' id='word_1_202' title='bbox 711 1801 757 1844; x_wconf 90' lang='lat' dir='ltr'>est</span> <span class='ocrx_word' id='word_1_203' title='bbox 770 1790 850 1844; x_wconf 90' lang='lat' dir='ltr'>enim</span> <span class='ocrx_word' id='word_1_204' title='bbox 864 1790 987 1861; x_wconf 88' lang='lat' dir='ltr'>aliquod</span> <span class='ocrx_word' id='word_1_205' title='bbox 1002 1791 1154 1860; x_wconf 90' lang='lat' dir='ltr'>placitum,</span> <span class='ocrx_word' id='word_1_206' title='bbox 1165 1791 1231 1847; x_wconf 91' lang='lat' dir='ltr'>libi·</span> 
     </span>
     <span class='ocr_line' id='line_1_22' title="bbox 60 1866 1229 1941; baseline 0.002 -19"><span class='ocrx_word' id='word_1_207' title='bbox 60 1877 160 1924; x_wconf 87' lang='lat' dir='ltr'>tum</span> <span class='ocrx_word' id='word_1_208' title='bbox 174 1879 208 1922; x_wconf 89' lang='lat' dir='ltr'>et</span> <span class='ocrx_word' id='word_1_209' title='bbox 221 1867 340 1937; x_wconf 90' lang='lat' dir='ltr'>volupe,</span> <span class='ocrx_word' id='word_1_210' title='bbox 351 1868 432 1938; x_wconf 93' lang='lat' dir='ltr'>quod</span> <span class='ocrx_word' id='word_1_211' title='bbox 446 1866 518 1922; x_wconf 84' lang='lat' dir='ltr'>iacit</span> <span class='ocrx_word' id='word_1_212' title='bbox 527 1868 621 1930; x_wconf 85' lang='lat' dir='ltr'>velle;</span> <span class='ocrx_word' id='word_1_213' title='bbox 639 1879 671 1924; x_wconf 91' lang='lat' dir='ltr'>et</span> <span class='ocrx_word' id='word_1_214' title='bbox 683 1868 756 1940; x_wconf 88' lang='lat' dir='ltr'>quia</span> <span class='ocrx_word' id='word_1_215' title='bbox 764 1870 904 1924; x_wconf 85' lang='lat' dir='ltr'>voluntas</span> <span class='ocrx_word' id='word_1_216' title='bbox 917 1871 979 1941; x_wconf 86' lang='lat' dir='ltr'>agit</span> <span class='ocrx_word' id='word_1_217' title='bbox 993 1870 1178 1926; x_wconf 73' lang='lat' dir='ltr'>intelledium</span> <span class='ocrx_word' id='word_1_218' title='bbox 1191 1871 1229 1926; x_wconf 88' lang='lat' dir='ltr'>ad</span> 
     </span>
     <span class='ocr_line' id='line_1_23' title="bbox 63 1947 1231 2020; baseline 0.003 -17"><span class='ocrx_word' id='word_1_219' title='bbox 63 1947 309 2020; x_wconf 79' lang='lat' dir='ltr'>cogitandum,</span> <span class='ocrx_word' id='word_1_220' title='bbox 325 1963 387 2003; x_wconf 86' lang='lat' dir='ltr'>non</span> <span class='ocrx_word' id='word_1_221' title='bbox 407 1947 497 2001; x_wconf 87' lang='lat' dir='ltr'>datur</span> <span class='ocrx_word' id='word_1_222' title='bbox 512 1947 671 2003; x_wconf 89' lang='lat' dir='ltr'>minimum</span> <span class='ocrx_word' id='word_1_223' title='bbox 688 1949 772 2004; x_wconf 81' lang='lat' dir='ltr'>ideae</span> <span class='ocrx_word' id='word_1_224' title='bbox 787 1950 989 2019; x_wconf 87' lang='lat' dir='ltr'>cogitationis,</span> <span class='ocrx_word' id='word_1_225' title='bbox 1004 1951 1060 2006; x_wconf 92' lang='lat' dir='ltr'>nisi</span> <span class='ocrx_word' id='word_1_226' title='bbox 1079 1952 1118 2006; x_wconf 91' lang='lat' dir='ltr'>ab</span> <span class='ocrx_word' id='word_1_227' title='bbox 1137 1951 1231 2006; x_wconf 83' lang='lat' dir='ltr'>influo</span> 
     </span>
     <span class='ocr_line' id='line_1_24' title="bbox 59 2025 1230 2100; baseline 0.001 -19"><span class='ocrx_word' id='word_1_228' title='bbox 59 2027 271 2084; x_wconf 79' lang='lat' dir='ltr'>voluntatis</span> <span class='ocrx_word' id='word_1_229' title='bbox 283 2027 426 2096; x_wconf 88' lang='lat' dir='ltr'>jucundo.</span> <span class='ocrx_word' id='word_1_230' title='bbox 464 2025 563 2100; x_wconf 80' lang='lat' dir='ltr'>Quod</span> <span class='ocrx_word' id='word_1_231' title='bbox 571 2027 613 2085; x_wconf 84' lang='lat' dir='ltr'>ita</span> <span class='ocrx_word' id='word_1_232' title='bbox 628 2028 677 2092; x_wconf 86' lang='lat' dir='ltr'>sit,</span> <span class='ocrx_word' id='word_1_233' title='bbox 690 2039 736 2085; x_wconf 87' lang='lat' dir='ltr'>est</span> <span class='ocrx_word' id='word_1_234' title='bbox 751 2045 850 2092; x_wconf 82' lang='lat' dir='ltr'>causa,</span> <span class='ocrx_word' id='word_1_235' title='bbox 862 2030 934 2100; x_wconf 92' lang='lat' dir='ltr'>quia</span> <span class='ocrx_word' id='word_1_236' title='bbox 948 2029 1096 2085; x_wconf 87' lang='lat' dir='ltr'>Dominus</span> <span class='ocrx_word' id='word_1_237' title='bbox 1113 2047 1166 2100; x_wconf 90' lang='lat' dir='ltr'>per</span> <span class='ocrx_word' id='word_1_238' title='bbox 1185 2031 1230 2087; x_wconf 64' lang='grc'><strong>111,</strong></span> 
     </span>
     <span class='ocr_line' id='line_1_25' title="bbox 67 2107 1230 2182; baseline -0.001 -17"><span class='ocrx_word' id='word_1_239' title='bbox 67 2110 219 2165; x_wconf 83' lang='lat' dir='ltr'>fluxum</span> <span class='ocrx_word' id='word_1_240' title='bbox 239 2123 257 2162; x_wconf 89' lang='lat' dir='ltr'>a</span> <span class='ocrx_word' id='word_1_241' title='bbox 276 2107 314 2163; x_wconf 89' lang='lat' dir='ltr'>Se</span> <span class='ocrx_word' id='word_1_242' title='bbox 333 2107 434 2163; x_wconf 67' lang='lat' dir='ltr'>adluat</span> <span class='ocrx_word' id='word_1_243' title='bbox 449 2109 552 2163; x_wconf 87' lang='lat' dir='ltr'>omnia</span> <span class='ocrx_word' id='word_1_244' title='bbox 566 2109 684 2163; x_wconf 88' lang='lat' dir='ltr'>animae</span> <span class='ocrx_word' id='word_1_245' title='bbox 703 2120 734 2164; x_wconf 89' lang='lat' dir='ltr'>et</span> <span class='ocrx_word' id='word_1_246' title='bbox 755 2110 859 2166; x_wconf 88' lang='lat' dir='ltr'>omnia</span> <span class='ocrx_word' id='word_1_247' title='bbox 873 2110 983 2166; x_wconf 86' lang='lat' dir='ltr'>mentis</span> <span class='ocrx_word' id='word_1_248' title='bbox 1000 2111 1080 2180; x_wconf 86' lang='lat' dir='ltr'>apud</span> <span class='ocrx_word' id='word_1_249' title='bbox 1098 2111 1230 2182; x_wconf 79' lang='lat' dir='ltr'>angelos,</span> 
     </span>
     <span class='ocr_line' id='line_1_26' title="bbox 65 2187 1230 2261; baseline 0.002 -18"><span class='ocrx_word' id='word_1_250' title='bbox 65 2189 229 2261; x_wconf 71' lang='lat' dir='ltr'>spiritus</span> <span class='ocrx_word' id='word_1_251' title='bbox 244 2197 276 2242; x_wconf 88' lang='lat' dir='ltr'>et</span> <span class='ocrx_word' id='word_1_252' title='bbox 291 2187 438 2250; x_wconf 86' lang='lat' dir='ltr'>homines,</span> <span class='ocrx_word' id='word_1_253' title='bbox 452 2199 484 2244; x_wconf 90' lang='lat' dir='ltr'>et</span> <span class='ocrx_word' id='word_1_254' title='bbox 498 2187 599 2244; x_wconf 69' lang='lat' dir='ltr'>adluat</span> <span class='ocrx_word' id='word_1_255' title='bbox 615 2205 668 2259; x_wconf 87' lang='lat' dir='ltr'>per</span> <span class='ocrx_word' id='word_1_256' title='bbox 681 2189 826 2246; x_wconf 85' lang='lat' dir='ltr'>influxum</span> <span class='ocrx_word' id='word_1_257' title='bbox 839 2191 950 2245; x_wconf 86' lang='lat' dir='ltr'>amoris</span> <span class='ocrx_word' id='word_1_258' title='bbox 965 2200 996 2245; x_wconf 86' lang='lat' dir='ltr'>et</span> <span class='ocrx_word' id='word_1_259' title='bbox 1011 2191 1185 2260; x_wconf 86' lang='lat' dir='ltr'>sapientiae,</span> <span class='ocrx_word' id='word_1_260' title='bbox 1199 2201 1230 2245; x_wconf 90' lang='lat' dir='ltr'>et</span> 
     </span>
     <span class='ocr_line' id='line_1_27' title="bbox 63 2265 1229 2341; baseline 0.002 -18"><span class='ocrx_word' id='word_1_261' title='bbox 63 2265 142 2324; x_wconf 84' lang='lat' dir='ltr'>hic</span> <span class='ocrx_word' id='word_1_262' title='bbox 162 2267 300 2322; x_wconf 83' lang='lat' dir='ltr'>influxus</span> <span class='ocrx_word' id='word_1_263' title='bbox 315 2278 361 2322; x_wconf 85' lang='lat' dir='ltr'>est</span> <span class='ocrx_word' id='word_1_264' title='bbox 377 2267 441 2338; x_wconf 84' lang='lat' dir='ltr'>ipsa</span> <span class='ocrx_word' id='word_1_265' title='bbox 455 2266 593 2324; x_wconf 76' lang='lat' dir='ltr'>at&#39;iivitas</span> <span class='ocrx_word' id='word_1_266' title='bbox 606 2286 644 2324; x_wconf 83' lang='lat' dir='ltr'>ex</span> <span class='ocrx_word' id='word_1_267' title='bbox 659 2285 719 2341; x_wconf 89' lang='lat' dir='ltr'>qua</span> <span class='ocrx_word' id='word_1_268' title='bbox 733 2286 823 2324; x_wconf 90' lang='lat' dir='ltr'>omne</span> <span class='ocrx_word' id='word_1_269' title='bbox 839 2270 1008 2340; x_wconf 89' lang='lat' dir='ltr'>jucundum</span> <span class='ocrx_word' id='word_1_270' title='bbox 1024 2280 1080 2332; x_wconf 87' lang='lat' dir='ltr'>est,</span> <span class='ocrx_word' id='word_1_271' title='bbox 1095 2271 1177 2340; x_wconf 93' lang='lat' dir='ltr'>quod</span> <span class='ocrx_word' id='word_1_272' title='bbox 1198 2269 1229 2325; x_wconf 90' lang='lat' dir='ltr'>iu</span> 
     </span>
     <span class='ocr_line' id='line_1_28' title="bbox 62 2347 1230 2420; baseline 0.001 -17"><span class='ocrx_word' id='word_1_273' title='bbox 62 2347 219 2420; x_wconf 82' lang='lat' dir='ltr'>origine</span> <span class='ocrx_word' id='word_1_274' title='bbox 231 2363 286 2401; x_wconf 90' lang='lat' dir='ltr'>sua</span> <span class='ocrx_word' id='word_1_275' title='bbox 294 2358 421 2402; x_wconf 86' lang='lat' dir='ltr'>vocatur</span> <span class='ocrx_word' id='word_1_276' title='bbox 430 2349 559 2411; x_wconf 88' lang='lat' dir='ltr'>beatum,</span> <span class='ocrx_word' id='word_1_277' title='bbox 571 2347 703 2404; x_wconf 79' lang='lat' dir='ltr'>faustum</span> <span class='ocrx_word' id='word_1_278' title='bbox 714 2359 744 2404; x_wconf 90' lang='lat' dir='ltr'>et</span> <span class='ocrx_word' id='word_1_279' title='bbox 754 2349 833 2411; x_wconf 84' lang='lat' dir='ltr'>ielix,</span> <span class='ocrx_word' id='word_1_280' title='bbox 844 2361 875 2404; x_wconf 89' lang='lat' dir='ltr'>et</span> <span class='ocrx_word' id='word_1_281' title='bbox 886 2350 915 2402; x_wconf 94' lang='lat' dir='ltr'>in</span> <span class='ocrx_word' id='word_1_282' title='bbox 926 2349 1112 2404; x_wconf 84' lang='lat' dir='ltr'>derivatione</span> <span class='ocrx_word' id='word_1_283' title='bbox 1122 2350 1230 2420; x_wconf 88' lang='lat' dir='ltr'>jucun·</span> 
     </span>
     <span class='ocr_line' id='line_1_29' title="bbox 64 2427 1230 2499; baseline 0 -17"><span class='ocrx_word' id='word_1_284' title='bbox 64 2429 180 2489; x_wconf 87' lang='lat' dir='ltr'>dum,</span> <span class='ocrx_word' id='word_1_285' title='bbox 192 2442 363 2488; x_wconf 88' lang='lat' dir='ltr'>amoenum,</span> <span class='ocrx_word' id='word_1_286' title='bbox 376 2438 409 2482; x_wconf 89' lang='lat' dir='ltr'>et</span> <span class='ocrx_word' id='word_1_287' title='bbox 422 2429 541 2498; x_wconf 85' lang='lat' dir='ltr'>volupe,</span> <span class='ocrx_word' id='word_1_288' title='bbox 555 2439 586 2482; x_wconf 90' lang='lat' dir='ltr'>et</span> <span class='ocrx_word' id='word_1_289' title='bbox 602 2428 632 2482; x_wconf 87' lang='lat' dir='ltr'>in</span> <span class='ocrx_word' id='word_1_290' title='bbox 645 2428 805 2484; x_wconf 86' lang='lat' dir='ltr'>universali</span> <span class='ocrx_word' id='word_1_291' title='bbox 819 2445 909 2485; x_wconf 87' lang='lat' dir='ltr'>sensu</span> <span class='ocrx_word' id='word_1_292' title='bbox 923 2430 1033 2485; x_wconf 68' lang='lat' dir='ltr'>borium⁸</span> <span class='ocrx_word' id='word_1_293' title='bbox 1071 2427 1130 2484; x_wconf 89' lang='lat' dir='ltr'>Sed</span> <span class='ocrx_word' id='word_1_294' title='bbox 1143 2429 1230 2499; x_wconf 88' lang='lat' dir='ltr'>spiri·</span> 
     </span>
     <span class='ocr_line' id='line_1_30' title="bbox 66 2505 1229 2578; baseline 0.003 -17"><span class='ocrx_word' id='word_1_295' title='bbox 66 2516 144 2563; x_wconf 76' lang='lat' dir='ltr'>tua</span> <span class='ocrx_word' id='word_1_296' title='bbox 160 2505 274 2560; x_wconf 85' lang='lat' dir='ltr'>inierni</span> <span class='ocrx_word' id='word_1_297' title='bbox 287 2506 367 2576; x_wconf 89' lang='lat' dir='ltr'>apud</span> <span class='ocrx_word' id='word_1_298' title='bbox 381 2523 413 2562; x_wconf 88' lang='lat' dir='ltr'>se</span> <span class='ocrx_word' id='word_1_299' title='bbox 427 2507 582 2562; x_wconf 89' lang='lat' dir='ltr'>invertunt</span> <span class='ocrx_word' id='word_1_300' title='bbox 595 2507 704 2569; x_wconf 87' lang='lat' dir='ltr'>omnia,</span> <span class='ocrx_word' id='word_1_301' title='bbox 715 2508 757 2563; x_wconf 89' lang='lat' dir='ltr'>ita</span> <span class='ocrx_word' id='word_1_302' title='bbox 766 2524 888 2578; x_wconf 88' lang='lat' dir='ltr'>quoque</span> <span class='ocrx_word' id='word_1_303' title='bbox 898 2510 1010 2563; x_wconf 90' lang='lat' dir='ltr'>bonum</span> <span class='ocrx_word' id='word_1_304' title='bbox 1025 2509 1054 2563; x_wconf 92' lang='lat' dir='ltr'>in</span> <span class='ocrx_word' id='word_1_305' title='bbox 1066 2509 1187 2571; x_wconf 91' lang='lat' dir='ltr'>malum,</span> <span class='ocrx_word' id='word_1_306' title='bbox 1197 2518 1229 2565; x_wconf 86' lang='lat' dir='ltr'>et</span> 
     </span>
     <span class='ocr_line' id='line_1_31' title="bbox 69 2584 1229 2658; baseline 0.003 -17"><span class='ocrx_word' id='word_1_307' title='bbox 69 2601 207 2643; x_wconf 85' lang='lat' dir='ltr'>verum</span> <span class='ocrx_word' id='word_1_308' title='bbox 224 2586 255 2639; x_wconf 90' lang='lat' dir='ltr'>in</span> <span class='ocrx_word' id='word_1_309' title='bbox 271 2584 388 2647; x_wconf 85' lang='lat' dir='ltr'>laisum,</span> <span class='ocrx_word' id='word_1_310' title='bbox 403 2597 597 2656; x_wconf 84' lang='lat' dir='ltr'>permanente</span> <span class='ocrx_word' id='word_1_311' title='bbox 612 2587 725 2657; x_wconf 83' lang='lat' dir='ltr'>jugiter</span> <span class='ocrx_word' id='word_1_312' title='bbox 735 2588 886 2658; x_wconf 73' lang='lat' dir='ltr'>jucundo:</span> <span class='ocrx_word' id='word_1_313' title='bbox 902 2605 971 2643; x_wconf 83' lang='lat' dir='ltr'>narn</span> <span class='ocrx_word' id='word_1_314' title='bbox 984 2590 1098 2658; x_wconf 85' lang='lat' dir='ltr'>absque</span> <span class='ocrx_word' id='word_1_315' title='bbox 1112 2605 1229 2658; x_wconf 84' lang='lat' dir='ltr'>perma-</span> 
     </span>
     <span class='ocr_line' id='line_1_32' title="bbox 68 2665 1230 2735; baseline 0 -13"><span class='ocrx_word' id='word_1_316' title='bbox 68 2666 206 2722; x_wconf 84' lang='lat' dir='ltr'>nentia</span> <span class='ocrx_word' id='word_1_317' title='bbox 218 2665 351 2735; x_wconf 89' lang='lat' dir='ltr'>jucundi‚</span> <span class='ocrx_word' id='word_1_318' title='bbox 366 2682 426 2719; x_wconf 96' lang='lat' dir='ltr'>non</span> <span class='ocrx_word' id='word_1_319' title='bbox 440 2676 487 2721; x_wconf 87' lang='lat' dir='ltr'>est</span> <span class='ocrx_word' id='word_1_320' title='bbox 501 2667 558 2720; x_wconf 92' lang='lat' dir='ltr'>illis</span> <span class='ocrx_word' id='word_1_321' title='bbox 573 2668 719 2728; x_wconf 88' lang='lat' dir='ltr'>voluntas,</span> <span class='ocrx_word' id='word_1_322' title='bbox 730 2683 785 2722; x_wconf 94' lang='lat' dir='ltr'>nec</span> <span class='ocrx_word' id='word_1_323' title='bbox 798 2668 941 2730; x_wconf 90' lang='lat' dir='ltr'>sensatio,</span> <span class='ocrx_word' id='word_1_324' title='bbox 952 2668 995 2721; x_wconf 87' lang='lat' dir='ltr'>ita</span> <span class='ocrx_word' id='word_1_325' title='bbox 1008 2684 1067 2722; x_wconf 90' lang='lat' dir='ltr'>non</span> <span class='ocrx_word' id='word_1_326' title='bbox 1081 2669 1151 2723; x_wconf 84' lang='lat' dir='ltr'>vita.</span> <span class='ocrx_word' id='word_1_327' title='bbox 1185 2667 1230 2722; x_wconf 86' lang='lat' dir='ltr'>Ex</span> 
     </span>
     <span class='ocr_line' id='line_1_33' title="bbox 71 2744 1228 2820; baseline 0.002 -18"><span class='ocrx_word' id='word_1_328' title='bbox 71 2744 142 2802; x_wconf 86' lang='lat' dir='ltr'>his</span> <span class='ocrx_word' id='word_1_329' title='bbox 158 2755 254 2816; x_wconf 89' lang='lat' dir='ltr'>patet,</span> <span class='ocrx_word' id='word_1_330' title='bbox 263 2746 344 2816; x_wconf 91' lang='lat' dir='ltr'>quid,</span> <span class='ocrx_word' id='word_1_331' title='bbox 355 2747 443 2817; x_wconf 93' lang='lat' dir='ltr'>quale</span> <span class='ocrx_word' id='word_1_332' title='bbox 456 2757 486 2801; x_wconf 89' lang='lat' dir='ltr'>et</span> <span class='ocrx_word' id='word_1_333' title='bbox 500 2748 580 2802; x_wconf 89' lang='lat' dir='ltr'>unde</span> <span class='ocrx_word' id='word_1_334' title='bbox 593 2748 760 2818; x_wconf 90' lang='lat' dir='ltr'>jucundum</span> <span class='ocrx_word' id='word_1_335' title='bbox 773 2747 880 2802; x_wconf 76' lang='lat' dir='ltr'>inferni</span> <span class='ocrx_word' id='word_1_336' title='bbox 893 2758 948 2811; x_wconf 90' lang='lat' dir='ltr'>est,</span> <span class='ocrx_word' id='word_1_337' title='bbox 958 2759 1023 2803; x_wconf 90' lang='lat' dir='ltr'>tum</span> <span class='ocrx_word' id='word_1_338' title='bbox 1037 2749 1119 2819; x_wconf 92' lang='lat' dir='ltr'>quid,</span> <span class='ocrx_word' id='word_1_339' title='bbox 1131 2750 1228 2820; x_wconf 88' lang='lat' dir='ltr'>quale,</span> 
     </span>
     <span class='ocr_line' id='line_1_34' title="bbox 74 2825 582 2894; baseline -0.004 -12"><span class='ocrx_word' id='word_1_340' title='bbox 74 2838 123 2882; x_wconf 85' lang='lat' dir='ltr'>et</span> <span class='ocrx_word' id='word_1_341' title='bbox 138 2825 227 2879; x_wconf 87' lang='lat' dir='ltr'>unde</span> <span class='ocrx_word' id='word_1_342' title='bbox 239 2825 405 2894; x_wconf 86' lang='lat' dir='ltr'>jucundum</span> <span class='ocrx_word' id='word_1_343' title='bbox 420 2826 494 2880; x_wconf 90' lang='lat' dir='ltr'>caeli</span> <span class='ocrx_word' id='word_1_344' title='bbox 508 2827 582 2881; x_wconf 87' lang='lat' dir='ltr'>est.&#39;&#39;</span> 
     </span>
    </p>

    <p class='ocr_par' dir='ltr' id='par_1_5' title="bbox 77 2903 1228 3295">
     <span class='ocr_line' id='line_1_35' title="bbox 150 2903 1228 2977; baseline 0.002 -18"><span class='ocrx_word' id='word_1_345' title='bbox 150 2903 213 2959; x_wconf 88' lang='lat' dir='ltr'>His</span> <span class='ocrx_word' id='word_1_346' title='bbox 223 2905 342 2964; x_wconf 91' lang='lat' dir='ltr'>auditis,</span> <span class='ocrx_word' id='word_1_347' title='bbox 352 2904 502 2961; x_wconf 67' lang='lat' dir='ltr'>dedudlus</span> <span class='ocrx_word' id='word_1_348' title='bbox 515 2916 560 2960; x_wconf 88' lang='lat' dir='ltr'>est</span> <span class='ocrx_word' id='word_1_349' title='bbox 574 2906 611 2960; x_wconf 90' lang='lat' dir='ltr'>ad</span> <span class='ocrx_word' id='word_1_350' title='bbox 626 2907 748 2961; x_wconf 87' lang='lat' dir='ltr'>tertium</span> <span class='ocrx_word' id='word_1_351' title='bbox 759 2916 888 2968; x_wconf 88' lang='lat' dir='ltr'>coetum,</span> <span class='ocrx_word' id='word_1_352' title='bbox 899 2907 950 2961; x_wconf 89' lang='lat' dir='ltr'>ubl</span> <span class='ocrx_word' id='word_1_353' title='bbox 961 2917 1045 2962; x_wconf 87' lang='lat' dir='ltr'>erant</span> <span class='ocrx_word' id='word_1_354' title='bbox 1056 2907 1107 2977; x_wconf 91' lang='lat' dir='ltr'>qui</span> <span class='ocrx_word' id='word_1_355' title='bbox 1119 2907 1228 2961; x_wconf 89' lang='lat' dir='ltr'>riman-</span> 
     </span>
     <span class='ocr_line' id='line_1_36' title="bbox 77 2983 1228 3050; baseline 0.002 -11"><span class='ocrx_word' id='word_1_356' title='bbox 77 2995 147 3041; x_wconf 85' lang='lat' dir='ltr'>tur</span> <span class='ocrx_word' id='word_1_357' title='bbox 161 2983 297 3046; x_wconf 68' lang='lat' dir='ltr'>enectus,</span> <span class='ocrx_word' id='word_1_358' title='bbox 308 2996 339 3039; x_wconf 89' lang='lat' dir='ltr'>et</span> <span class='ocrx_word' id='word_1_359' title='bbox 352 2997 500 3040; x_wconf 88' lang='lat' dir='ltr'>vocantur</span> <span class='ocrx_word' id='word_1_360' title='bbox 516 2985 675 3042; x_wconf 88' lang='lat' dir='ltr'>Scientiae.</span> <span class='ocrx_word' id='word_1_361' title='bbox 710 2987 750 3041; x_wconf 92' lang='lat' dir='ltr'>Hi</span> <span class='ocrx_word' id='word_1_362' title='bbox 765 2988 912 3050; x_wconf 87' lang='lat' dir='ltr'>dicebant,</span> <span class='ocrx_word' id='word_1_363' title='bbox 926 2987 1107 3043; x_wconf 84' lang='lat' dir='ltr'>“Descende</span> <span class='ocrx_word' id='word_1_364' title='bbox 1124 2988 1153 3042; x_wconf 91' lang='lat' dir='ltr'>in</span> <span class='ocrx_word' id='word_1_365' title='bbox 1169 2998 1228 3043; x_wconf 90' lang='lat' dir='ltr'>ter-</span> 
     </span>
     <span class='ocr_line' id='line_1_37' title="bbox 79 3062 1228 3137; baseline 0.001 -17"><span class='ocrx_word' id='word_1_366' title='bbox 79 3081 161 3120; x_wconf 87' lang='lat' dir='ltr'>ram</span> <span class='ocrx_word' id='word_1_367' title='bbox 175 3062 356 3127; x_wconf 89' lang='lat' dir='ltr'>inleriorem,</span> <span class='ocrx_word' id='word_1_368' title='bbox 366 3076 397 3120; x_wconf 88' lang='lat' dir='ltr'>et</span> <span class='ocrx_word' id='word_1_369' title='bbox 407 3066 535 3121; x_wconf 89' lang='lat' dir='ltr'>ascende</span> <span class='ocrx_word' id='word_1_370' title='bbox 547 3067 575 3119; x_wconf 96' lang='lat' dir='ltr'>in</span> <span class='ocrx_word' id='word_1_371' title='bbox 587 3077 698 3123; x_wconf 88' lang='lat' dir='ltr'>terram</span> <span class='ocrx_word' id='word_1_372' title='bbox 707 3067 907 3137; x_wconf 67' lang='lat' dir='ltr'>superiorem</span> <span class='ocrx_word' id='word_1_373' title='bbox 927 3067 956 3120; x_wconf 93' lang='lat' dir='ltr'>in</span> <span class='ocrx_word' id='word_1_374' title='bbox 966 3066 1021 3121; x_wconf 90' lang='lat' dir='ltr'>hac</span> <span class='ocrx_word' id='word_1_375' title='bbox 1032 3078 1228 3137; x_wconf 88' lang='lat' dir='ltr'>percepturus</span> 
     </span>
     <span class='ocr_line' id='line_1_38' title="bbox 83 3143 1225 3216; baseline -0.005 -14"><span class='ocrx_word' id='word_1_376' title='bbox 83 3161 126 3202; x_wconf 86' lang='lat' dir='ltr'>et</span> <span class='ocrx_word' id='word_1_377' title='bbox 140 3145 339 3200; x_wconf 75' lang='lat' dir='ltr'>¹¹¹sentiturus</span> <span class='ocrx_word' id='word_1_378' title='bbox 352 3161 384 3198; x_wconf 88' lang='lat' dir='ltr'>es</span> <span class='ocrx_word' id='word_1_379' title='bbox 395 3146 600 3215; x_wconf 87' lang='lat' dir='ltr'>jucunditates</span> <span class='ocrx_word' id='word_1_380' title='bbox 613 3146 787 3216; x_wconf 87' lang='lat' dir='ltr'>angelorum</span> <span class='ocrx_word' id='word_1_381' title='bbox 800 3144 884 3205; x_wconf 91' lang='lat' dir='ltr'>caeli,</span> <span class='ocrx_word' id='word_1_382' title='bbox 898 3155 929 3197; x_wconf 89' lang='lat' dir='ltr'>et</span> <span class='ocrx_word' id='word_1_383' title='bbox 949 3143 978 3197; x_wconf 92' lang='lat' dir='ltr'>in</span> <span class='ocrx_word' id='word_1_384' title='bbox 992 3144 1042 3198; x_wconf 89' lang='lat' dir='ltr'>illa</span> <span class='ocrx_word' id='word_1_385' title='bbox 1053 3143 1225 3214; x_wconf 87' lang='lat' dir='ltr'>jucundita-</span> 
     </span>
     <span class='ocr_line' id='line_1_39' title="bbox 84 3225 479 3295; baseline -0.013 -13"><span class='ocrx_word' id='word_1_386' title='bbox 84 3239 143 3284; x_wconf 86' lang='lat' dir='ltr'>tes</span> <span class='ocrx_word' id='word_1_387' title='bbox 156 3227 318 3293; x_wconf 81' lang='lat' dir='ltr'>spirituum</span> <span class='ocrx_word' id='word_1_388' title='bbox 333 3225 479 3295; x_wconf 27' lang='lat' dir='ltr'>infernil&#39;·</span> 
     </span>
    </p>

    <p class='ocr_par' dir='ltr' id='par_1_6' title="bbox 83 3300 1224 3693">
     <span class='ocr_line' id='line_1_40' title="bbox 149 3300 1222 3372; baseline -0.005 -13"><span class='ocrx_word' id='word_1_389' title='bbox 149 3303 212 3359; x_wconf 88' lang='lat' dir='ltr'>Sed</span> <span class='ocrx_word' id='word_1_390' title='bbox 224 3320 294 3359; x_wconf 88' lang='lat' dir='ltr'>ecce</span> <span class='ocrx_word' id='word_1_391' title='bbox 306 3314 379 3358; x_wconf 87' lang='lat' dir='ltr'>tunc</span> <span class='ocrx_word' id='word_1_392' title='bbox 394 3305 432 3359; x_wconf 88' lang='lat' dir='ltr'>ad</span> <span class='ocrx_word' id='word_1_393' title='bbox 448 3304 621 3359; x_wconf 87' lang='lat' dir='ltr'>distantiam</span> <span class='ocrx_word' id='word_1_394' title='bbox 635 3304 672 3358; x_wconf 88' lang='lat' dir='ltr'>ab</span> <span class='ocrx_word' id='word_1_395' title='bbox 687 3303 744 3358; x_wconf 88' lang='lat' dir='ltr'>illis</span> <span class='ocrx_word' id='word_1_396' title='bbox 757 3303 860 3357; x_wconf 88' lang='lat' dir='ltr'>hiabat</span> <span class='ocrx_word' id='word_1_397' title='bbox 873 3303 979 3364; x_wconf 90' lang='lat' dir='ltr'>solum,</span> <span class='ocrx_word' id='word_1_398' title='bbox 992 3311 1023 3357; x_wconf 89' lang='lat' dir='ltr'>et</span> <span class='ocrx_word' id='word_1_399' title='bbox 1039 3317 1093 3372; x_wconf 86' lang='lat' dir='ltr'>per</span> <span class='ocrx_word' id='word_1_400' title='bbox 1107 3300 1222 3356; x_wconf 87' lang='lat' dir='ltr'>hiatum</span> 
     </span>
     <span class='ocr_line' id='line_1_41' title="bbox 83 3381 1224 3454; baseline -0.009 -11"><span class='ocrx_word' id='word_1_401' title='bbox 83 3384 681 3454; x_wconf 78' lang='lat' dir='ltr'>ascendebanttresdiaboli,apparentes</span> <span class='ocrx_word' id='word_1_402' title='bbox 689 3383 775 3454; x_wconf 91' lang='lat' dir='ltr'>igniti</span> <span class='ocrx_word' id='word_1_403' title='bbox 785 3398 822 3437; x_wconf 83' lang='lat' dir='ltr'>ex</span> <span class='ocrx_word' id='word_1_404' title='bbox 828 3382 963 3453; x_wconf 90' lang='lat' dir='ltr'>jucundo</span> <span class='ocrx_word' id='word_1_405' title='bbox 971 3381 1081 3435; x_wconf 90' lang='lat' dir='ltr'>amoris</span> <span class='ocrx_word' id='word_1_406' title='bbox 1090 3381 1224 3442; x_wconf 86' lang='lat' dir='ltr'>illorum;</span> 
     </span>
     <span class='ocr_line' id='line_1_42' title="bbox 86 3460 1223 3534; baseline -0.004 -16"><span class='ocrx_word' id='word_1_407' title='bbox 86 3474 125 3518; x_wconf 87' lang='lat' dir='ltr'>et</span> <span class='ocrx_word' id='word_1_408' title='bbox 141 3463 215 3534; x_wconf 90' lang='lat' dir='ltr'>quia</span> <span class='ocrx_word' id='word_1_409' title='bbox 227 3463 392 3521; x_wconf 88' lang='lat' dir='ltr'>consociati</span> <span class='ocrx_word' id='word_1_410' title='bbox 406 3480 473 3518; x_wconf 91' lang='lat' dir='ltr'>cum</span> <span class='ocrx_word' id='word_1_411' title='bbox 490 3464 605 3518; x_wconf 92' lang='lat' dir='ltr'>novitio</span> <span class='ocrx_word' id='word_1_412' title='bbox 617 3463 722 3534; x_wconf 86' lang='lat' dir='ltr'>spiritu</span> <span class='ocrx_word' id='word_1_413' title='bbox 737 3462 940 3533; x_wconf 89' lang='lat' dir='ltr'>percipiebant</span> <span class='ocrx_word' id='word_1_414' title='bbox 953 3461 1034 3531; x_wconf 90' lang='lat' dir='ltr'>quod</span> <span class='ocrx_word' id='word_1_415' title='bbox 1052 3460 1094 3514; x_wconf 89' lang='lat' dir='ltr'>illi</span> <span class='ocrx_word' id='word_1_416' title='bbox 1109 3470 1170 3514; x_wconf 90' lang='lat' dir='ltr'>tres</span> <span class='ocrx_word' id='word_1_417' title='bbox 1185 3475 1223 3513; x_wconf 85' lang='lat' dir='ltr'>ex</span> 
     </span>
     <span class='ocr_line' id='line_1_43' title="bbox 89 3539 1224 3612; baseline -0.002 -14"><span class='ocrx_word' id='word_1_418' title='bbox 89 3543 220 3612; x_wconf 88' lang='lat' dir='ltr'>proviso</span> <span class='ocrx_word' id='word_1_419' title='bbox 238 3557 275 3596; x_wconf 86' lang='lat' dir='ltr'>ex</span> <span class='ocrx_word' id='word_1_420' title='bbox 294 3541 412 3597; x_wconf 80' lang='lat' dir='ltr'>inferno</span> <span class='ocrx_word' id='word_1_421' title='bbox 426 3544 623 3604; x_wconf 89' lang='lat' dir='ltr'>ascenderint,</span> <span class='ocrx_word' id='word_1_422' title='bbox 639 3541 752 3597; x_wconf 66' lang='lat' dir='ltr'>dicium</span> <span class='ocrx_word' id='word_1_423' title='bbox 768 3551 815 3596; x_wconf 87' lang='lat' dir='ltr'>est</span> <span class='ocrx_word' id='word_1_424' title='bbox 834 3542 899 3602; x_wconf 87' lang='lat' dir='ltr'>illis,</span> <span class='ocrx_word' id='word_1_425' title='bbox 917 3540 986 3595; x_wconf 79' lang='lat' dir='ltr'>“Ne</span> <span class='ocrx_word' id='word_1_426' title='bbox 1001 3539 1135 3594; x_wconf 87' lang='lat' dir='ltr'>accedite</span> <span class='ocrx_word' id='word_1_427' title='bbox 1154 3555 1224 3610; x_wconf 90' lang='lat' dir='ltr'>pro·</span> 
     </span>
     <span class='ocr_line' id='line_1_44' title="bbox 91 3619 1120 3693; baseline -0.005 -15"><span class='ocrx_word' id='word_1_428' title='bbox 91 3624 173 3693; x_wconf 86' lang='lat' dir='ltr'>pius,</span> <span class='ocrx_word' id='word_1_429' title='bbox 186 3622 240 3677; x_wconf 86' lang='lat' dir='ltr'>sed</span> <span class='ocrx_word' id='word_1_430' title='bbox 254 3637 271 3677; x_wconf 90' lang='lat' dir='ltr'>e</span> <span class='ocrx_word' id='word_1_431' title='bbox 285 3622 352 3676; x_wconf 91' lang='lat' dir='ltr'>loco</span> <span class='ocrx_word' id='word_1_432' title='bbox 365 3622 415 3676; x_wconf 92' lang='lat' dir='ltr'>ubi</span> <span class='ocrx_word' id='word_1_433' title='bbox 429 3623 510 3685; x_wconf 87' lang='lat' dir='ltr'>estis,</span> <span class='ocrx_word' id='word_1_434' title='bbox 524 3632 642 3677; x_wconf 88' lang='lat' dir='ltr'>narrate</span> <span class='ocrx_word' id='word_1_435' title='bbox 655 3622 767 3693; x_wconf 85' lang='lat' dir='ltr'>aliquid</span> <span class='ocrx_word' id='word_1_436' title='bbox 780 3622 819 3677; x_wconf 90' lang='lat' dir='ltr'>de</span> <span class='ocrx_word' id='word_1_437' title='bbox 831 3621 972 3691; x_wconf 88' lang='lat' dir='ltr'>jucundis</span> <span class='ocrx_word' id='word_1_438' title='bbox 981 3619 1120 3686; x_wconf 54' lang='lat' dir='ltr'>vestrislf</span> 
     </span>
    </p>

    <p class='ocr_par' dir='ltr' id='par_1_7' title="bbox 152 3697 1223 3773">
     <span class='ocr_line' id='line_1_45' title="bbox 152 3697 1223 3773; baseline -0.001 -15"><span class='ocrx_word' id='word_1_439' title='bbox 152 3701 193 3758; x_wconf 81' lang='lat' dir='ltr'>Et</span> <span class='ocrx_word' id='word_1_440' title='bbox 211 3702 359 3764; x_wconf 89' lang='lat' dir='ltr'>dicebant,</span> <span class='ocrx_word' id='word_1_441' title='bbox 373 3701 513 3758; x_wconf 85' lang='lat' dir='ltr'>“Scitote</span> <span class='ocrx_word' id='word_1_442' title='bbox 532 3703 613 3773; x_wconf 88' lang='lat' dir='ltr'>quod</span> <span class='ocrx_word' id='word_1_443' title='bbox 629 3702 841 3773; x_wconf 88' lang='lat' dir='ltr'>unusquisque,</span> <span class='ocrx_word' id='word_1_444' title='bbox 854 3701 918 3756; x_wconf 91' lang='lat' dir='ltr'>sive</span> <span class='ocrx_word' id='word_1_445' title='bbox 933 3701 1031 3755; x_wconf 87' lang='lat' dir='ltr'>bonus</span> <span class='ocrx_word' id='word_1_446' title='bbox 1049 3699 1111 3754; x_wconf 89' lang='lat' dir='ltr'>sive</span> <span class='ocrx_word' id='word_1_447' title='bbox 1127 3697 1223 3757; x_wconf 79' lang='lat' dir='ltr'>malus</span> 
     </span>
    </p>

    <p class='ocr_par' dir='ltr' id='par_1_8' title="bbox 96 3778 1222 3932">
     <span class='ocr_line' id='line_1_46' title="bbox 96 3778 1222 3855; baseline -0.004 -17"><span class='ocrx_word' id='word_1_448' title='bbox 96 3782 191 3845; x_wconf 79' lang='lat' dir='ltr'>sitin</span> <span class='ocrx_word' id='word_1_449' title='bbox 210 3798 267 3839; x_wconf 85' lang='lat' dir='ltr'>suo</span> <span class='ocrx_word' id='word_1_450' title='bbox 281 3781 416 3852; x_wconf 88' lang='lat' dir='ltr'>jucundo</span> <span class='ocrx_word' id='word_1_451' title='bbox 431 3782 590 3845; x_wconf 71' lang='lat' dir='ltr'>altbertus</span> <span class='ocrx_word' id='word_1_452' title='bbox 609 3782 639 3838; x_wconf 93' lang='lat' dir='ltr'>in</span> <span class='ocrx_word' id='word_1_453' title='bbox 658 3781 704 3837; x_wconf 92' lang='lat' dir='ltr'>sui</span> <span class='ocrx_word' id='word_1_454' title='bbox 724 3781 795 3837; x_wconf 90' lang='lat' dir='ltr'>boni</span> <span class='ocrx_word' id='word_1_455' title='bbox 809 3780 954 3855; x_wconf 84' lang='lat' dir='ltr'>jucundo,</span> <span class='ocrx_word' id='word_1_456' title='bbox 966 3789 998 3836; x_wconf 89' lang='lat' dir='ltr'>et</span> <span class='ocrx_word' id='word_1_457' title='bbox 1017 3779 1114 3834; x_wconf 89' lang='lat' dir='ltr'>malus</span> <span class='ocrx_word' id='word_1_458' title='bbox 1130 3778 1160 3833; x_wconf 90' lang='lat' dir='ltr'>in</span> <span class='ocrx_word' id='word_1_459' title='bbox 1175 3778 1222 3834; x_wconf 89' lang='lat' dir='ltr'>sui</span> 
     </span>
     <span class='ocr_line' id='line_1_47' title="bbox 101 3860 345 3932; baseline -0.012 -15"><span class='ocrx_word' id='word_1_460' title='bbox 101 3862 170 3917; x_wconf 89' lang='lat' dir='ltr'>mali</span> <span class='ocrx_word' id='word_1_461' title='bbox 182 3860 345 3932; x_wconf 84' lang='lat' dir='ltr'>jucundo.&#39;&#39;</span> 
     </span>
    </p>

    <p class='ocr_par' dir='ltr' id='par_1_9' title="bbox 154 3938 906 4013">
     <span class='ocr_line' id='line_1_48' title="bbox 154 3938 906 4013; baseline 0 -17"><span class='ocrx_word' id='word_1_462' title='bbox 154 3940 192 3996; x_wconf 85' lang='lat' dir='ltr'>Et</span> <span class='ocrx_word' id='word_1_463' title='bbox 205 3939 427 4012; x_wconf 86' lang='lat' dir='ltr'>quaesiverunt,</span> <span class='ocrx_word' id='word_1_464' title='bbox 438 3938 543 4012; x_wconf 80' lang='lat' dir='ltr'>“Quid</span> <span class='ocrx_word' id='word_1_465' title='bbox 555 3950 690 3996; x_wconf 89' lang='lat' dir='ltr'>vestrum</span> <span class='ocrx_word' id='word_1_466' title='bbox 699 3938 865 4013; x_wconf 71' lang='lat' dir='ltr'>iucundum</span> <span class='ocrx_word' id='word_1_467' title='bbox 875 3939 906 3996; x_wconf 80' lang='lat'>?&#39;&#39;</span> 
     </span>
    </p>

    <p class='ocr_par' dir='ltr' id='par_1_10' title="bbox 153 4017 1222 4092">
     <span class='ocr_line' id='line_1_49' title="bbox 153 4017 1222 4092; baseline -0.001 -17"><span class='ocrx_word' id='word_1_468' title='bbox 153 4018 312 4081; x_wconf 89' lang='lat' dir='ltr'>Dicebant,</span> <span class='ocrx_word' id='word_1_469' title='bbox 326 4020 407 4092; x_wconf 92' lang='lat' dir='ltr'>quod</span> <span class='ocrx_word' id='word_1_470' title='bbox 423 4031 504 4076; x_wconf 89' lang='lat' dir='ltr'>esset</span> <span class='ocrx_word' id='word_1_471' title='bbox 521 4021 685 4091; x_wconf 90' lang='lat' dir='ltr'>jucundum</span> <span class='ocrx_word' id='word_1_472' title='bbox 698 4020 860 4083; x_wconf 88' lang='lat' dir='ltr'>scortandi,</span> <span class='ocrx_word' id='word_1_473' title='bbox 874 4019 1002 4082; x_wconf 83' lang='lat' dir='ltr'>iurandi,</span> <span class='ocrx_word' id='word_1_474' title='bbox 1015 4017 1222 4083; x_wconf 80' lang='lat' dir='ltr'>defraudandi,</span> 
     </span>
    </p>
   </div>
   <div class='ocr_carea' id='block_1_3' title="bbox 104 4099 339 4176">
    <p class='ocr_par' dir='ltr' id='par_1_11' title="bbox 104 4099 339 4176">
     <span class='ocr_line' id='line_1_50' title="bbox 104 4099 339 4176; baseline -0.004 -18"><span class='ocrx_word' id='word_1_475' title='bbox 104 4099 339 4176; x_wconf 83' lang='lat' dir='ltr'>blasphemandi.</span> 
     </span>
    </p>
   </div>
   <div class='ocr_carea' id='block_1_4' title="bbox 0 0 1396 5026">
    <p class='ocr_par' dir='ltr' id='par_1_12' title="bbox 0 0 1396 5026">
     <span class='ocr_line' id='line_1_51' title="bbox 0 0 1396 5026; baseline 0 3"><span class='ocrx_word' id='word_1_476' title='bbox 0 0 1396 5026; x_wconf 95' lang='lat' dir='ltr'> </span> 
     </span>
    </p>
   </div>
  </div>
 </body>
</html>
