2782 5026
346 451 397 502 na
415 450 550 502 narona
573 447 934 502 sconrnr0n10.-n.
953 436 1026 516 488.
1187 450 1248 516 373

128 624 160 687 in
179 632 276 687 statu
292 631 345 688 est
362 623 396 686 in
412 643 479 705 quo
494 632 574 686 sunt
589 618 740 685 actuales
755 621 872 700 deliri;
896 630 969 685 tum
986 621 1093 684 etiam
1109 620 1137 684 si
1156 620 1195 685 fit
1213 620 1248 685 in

126 720 322 782 insaniente
351 718 531 793 ebrietate,
555 728 592 781 et
623 718 670 780 sic
701 737 824 798 porro;
858 715 950 798 quod
980 726 1063 780 tunc
1094 717 1249 781 internus

125 814 243 889 homo,
262 834 322 877 seu
341 832 449 888 mens,
469 831 539 875 non
562 813 596 875 in
615 822 765 875 externo
784 812 875 875 adsit
893 812 951 875 vix
970 811 1071 875 aliter
1088 831 1191 895 quam
1214 813 1249 874 in

124 908 326 983 irrationali,
343 917 503 971 constat:
527 906 649 969 horum
668 906 838 969 adulteria
856 906 1097 989 praedicantur
1118 907 1163 970 ab
1185 906 1249 970 ho·

126 1003 219 1064 mine
242 1000 403 1066 rationali
425 1001 613 1064 secundum
640 1000 718 1063 illas
741 1001 1041 1079 circumstantias;
1075 1010 1113 1064 at
1142 1020 1248 1083 usque

124 1098 171 1160 ab
190 1097 313 1161 eodem
331 1107 370 1160 ut
388 1095 501 1177 judice
519 1092 628 1159 lactor
645 1095 840 1178 inculpatur
861 1103 898 1159 et
920 1097 1059 1179 punitur
1080 1116 1125 1159 ex
1149 1095 1248 1177 lege3

125 1203 164 1256 at
188 1202 269 1274 post
293 1202 440 1255 mortem
458 1191 673 1272 imputantur
690 1190 750 1253 illa
772 1211 817 1254 ex
841 1192 1047 1274 praesentia,
1067 1191 1247 1273 qualitate,

124 1296 163 1351 et
182 1285 350 1350 facultate
366 1282 564 1349 intellectus
583 1285 617 1348 in
636 1285 818 1349 voluntate
837 1284 983 1347 illorum.

190 1378 290 1463 487.
314 1378 400 1462 (vii.)
427 1379 524 1457 Quod
535 1378 704 1443 adultm'a
721 1379 764 1443 ab
778 1379 834 1443 his
840 1380 942 1459 falia
958 1379 1029 1443 sint
1043 1379 1149 1455 mitia,
1164 1399 1249 1444 con·

125 1485 201 1539 stat
214 1496 260 1539 ex
271 1472 475 1557 supradictis
489 1473 536 1557 (n.
546 1473 637 1558 486),
648 1476 778 1558 absque
792 1475 952 1539 ulteriore
965 1474 1247 1554 confirmatione;

126 1578 248 1633 notum
267 1570 358 1633 enim
376 1580 442 1645 est,
455 1569 547 1652 quod
566 1570 714 1652 qualitas
731 1570 842 1632 omnis
860 1567 951 1642 sacti,
969 1571 1003 1632 in
1022 1590 1148 1651 genere
1164 1592 1248 1654 qua-

126 1665 210 1728 litas
233 1666 344 1728 omnis
367 1664 426 1740 rei,
446 1665 644 1748 dependeat
666 1686 687 1729 a
709 1666 988 1740 circumstantiis,
1009 1677 1045 1729 et
1068 1667 1159 1748 quod
1182 1667 1248 1730 hae

127 1760 291 1841 mitigent
311 1768 370 1823 aut
387 1761 601 1842 aggravent:
629 1759 691 1823 sed
714 1759 812 1840 hujus
830 1761 957 1841 gradus
975 1761 1145 1825 adulteria
1168 1772 1249 1826 sunt

127 1855 226 1917 mitia
248 1855 365 1935 primis
389 1855 602 1935 temporibus
625 1854 706 1918 dum
736 1853 844 1932 fiunt;
879 1864 914 1919 et
942 1875 1076 1937 quoque
1106 1867 1249 1921 manent

127 1948 227 2011 mitia
248 1957 415 2030 quantum
441 1948 501 2012 ille
527 1948 583 2013 vel
612 1948 673 2012 illa
701 1949 735 2011 in
764 1960 932 2031 sequente
955 1950 1047 2013 vitae
1070 1952 1248 2028 curriculo,

126 2043 282 2106 abstinet
310 2044 356 2106 ab
384 2043 462 2118 illis,
486 2053 628 2125 propter
650 2063 782 2118 causas,
807 2045 886 2126 quia
907 2054 988 2108 sunt
1011 2044 1104 2108 mala
1125 2055 1249 2110 contra

128 2136 253 2211 Deum,
270 2137 325 2217 vel
341 2139 419 2219 quia
435 2149 515 2201 sunt
532 2138 624 2201 mala
640 2148 762 2201 contra
778 2139 985 2220 proximum,
1002 2139 1057 2203 vel
1074 2140 1152 2222 quia
1168 2151 1251 2205 sunt

128 2231 221 2294 mala
239 2241 358 2295 contra
377 2233 505 2296 bonum
525 2233 688 2307 civitatis,
709 2243 745 2297 et
769 2254 814 2296 ex
837 2233 890 2296 his
909 2243 968 2297 aut
985 2234 1052 2297 illis
1070 2237 1149 2318 quia
1167 2246 1249 2300 sunt

128 2326 221 2389 mala
246 2336 369 2390 contra
396 2329 586 2406 rationem;
617 2327 766 2391 vicissim
793 2339 911 2392 autem
941 2340 1162 2393 numerantur
1188 2331 1249 2394 illa

128 2421 234 2484 etiam
253 2421 344 2484 inter
359 2423 487 2503 gravia,
508 2422 537 2485 si
555 2442 624 2485 non
643 2422 821 2486 abstinent
839 2423 883 2485 ab
900 2423 969 2486 illis
987 2436 1126 2506 propter
1145 2444 1249 2488 unam

128 2536 173 2578 ex
193 2518 395 2579 memoratis
416 2517 548 2596 causis;
573 2517 622 2580 ita
644 2528 697 2581 est
716 2518 904 2580 secundum
924 2518 1055 2600 Legem
1075 2520 1247 2597 Divinam,

130 2608 265 2690 (Bacch.
287 2613 380 2675 xviii.
399 2628 450 2687 21,
468 2628 519 2686 22,
541 2628 592 2692 24,
610 2621 645 2677 et
668 2611 785 2693 alibi):
817 2611 861 2674 ab
883 2611 1022 2675 homine
1044 2621 1161 2675 autem
1184 2632 1248 2674 ex-

129 2704 260 2785 culpari
282 2715 319 2769 et
347 2706 525 2788 inculpari,
549 2717 610 2771 aut
634 2707 823 2788 praedicari
849 2717 886 2770 et
912 2705 1066 2787 judicari,
1091 2715 1129 2770 ut
1152 2706 1249 2770 mitia

129 2809 187 2863 aut
206 2801 337 2881 gravia,
358 2822 404 2865 ex
426 2801 494 2866 illis
513 2802 793 2876 circumstantiis,
815 2820 883 2864 non
903 2810 1057 2883 possunt,
1078 2802 1156 2884 quia
1179 2821 1249 2864 non

128 2905 297 2975 apparent
317 2914 432 2959 coram
451 2897 522 2971 illo,
542 2897 648 2959 immo
667 2916 729 2960 nec
749 2895 819 2977 ejus
834 2895 950 2976 judicii
970 2907 1044 2974 est;
1069 2916 1173 2978 quare
1195 2896 1248 2959 in·

129 2988 309 3071 telligitur,
328 2991 420 3074 quod
443 3001 523 3075 post
547 3001 694 3055 mortem
717 2992 767 3055 ita
788 3000 989 3073 reputentur
1010 3011 1051 3055 ac
1074 2992 1249 3074 imputen-

128 3093 192 3147 tur.

190 3177 293 3261 488.
317 3177 413 3263 (viii.)
440 3180 537 3258 Quod
550 3179 718 3244 adulteria
735 3180 871 3243 secundi
877 3178 1015 3261 gradus
1033 3179 1103 3244 sint
1119 3179 1249 3244 adulte·

128 3366 196 3429 lere
204 3366 412 3443 intellellum,
424 3370 486 3433 sed
487 3379 629 3451 propter
635 3370 858 3452 contingentes
867 3389 987 3433 causas
997 3369 1067 3432 illis
1077 3372 1249 3436 momentis

128 3482 191 3524 non
204 3464 489 3543 possunt—Sunt
507 3466 586 3540 duo,
606 3487 694 3548 quae
713 3467 746 3528 in
766 3465 933 3547 principio
950 3466 1040 3546 apud
1060 3466 1247 3543 hominem,

128 3558 184 3639 qui
207 3576 228 3619 a
250 3558 396 3621 naturali
419 3557 457 3623 lit
476 3560 672 3641 spiritualis,
692 3560 781 3623 inter
799 3579 837 3622 se
860 3569 1028 3642 pugnant,
1045 3580 1133 3642 quae
1151 3580 1247 3624 com-

128 3652 275 3716 muniter
293 3663 463 3718 vocantur
481 3655 620 3736 spiritus
639 3663 675 3718 et
699 3674 778 3717 caro
789 3674 797 3732 ;
828 3664 865 3718 et
887 3655 966 3736 quia
984 3674 1080 3718 amor
1098 3653 1248 3736 conjugii

128 3755 181 3811 est
202 3748 353 3830 spiritus,
378 3758 415 3812 et
439 3769 536 3812 amor
558 3749 718 3813 adulterii
740 3759 794 3814 est
822 3750 944 3822 carnis,
968 3747 1006 3811 fit
1035 3757 1116 3812 tunc
1140 3750 1246 3814 etiam

128 3862 243 3924 pugna
254 3843 343 3906 inter
354 3842 451 3907 illos:
476 3844 503 3906 si
516 3863 612 3907 amor
621 3844 768 3925 conjugii
782 3844 898 3916 vincit,
907 3843 1026 3906 domat
1039 3853 1074 3907 et
1087 3842 1247 3926 subjugat

128 3935 184 4000 ille
200 3956 352 4000 amorem
370 3937 539 4013 adulterii,
556 3940 646 4021 quod
663 3937 701 4002 fit
718 3959 778 4022 per
793 3939 1040 4015 remotionem3
1065 3947 1102 4001 at
1117 3939 1146 4000 si
1162 3957 1246 4003 con-

129 4032 243 4114 tingit,
263 4033 354 4113 quod
374 4032 480 4096 libido
499 4035 612 4096 carnis
630 4033 805 4096 excitetur
827 4033 860 4095 in
880 4042 1014 4095 aestum
1034 4031 1246 4117 ultraquam

129 4136 164 4191 ut
187 4127 327 4209 spiritus
350 4147 396 4191 ex
419 4128 554 4191 ratione
577 4128 687 4211 possit
705 4127 876 4201 cohibere,
896 4127 1058 4208 sequitur,
1078 4126 1170 4209 quod
1193 4129 1246 4193 in·

128 4229 282 4284 vertatur
301 4230 424 4297 status,
444 4241 484 4284 ac
504 4233 620 4285 aestus
639 4221 789 4285 libidinis
808 4220 975 4285 obtundat
994 4221 1149 4304 spiritum
1168 4221 1245 4287 ille·

129 4316 239 4391 cebra,
264 4336 369 4398 usque
393 4324 430 4378 ut
462 4336 530 4379 non
554 4315 700 4398 amplius
723 4312 832 4382 ¹¹¹suae
855 4315 1009 4390 rationis,
1033 4324 1069 4379 et
1093 4317 1172 4381 inde
1194 4318 1247 4383 sui

129 4407 204 4490 juris
233 4411 301 4476 sit:
332 4410 397 4474 hoc
427 4410 632 4494 intelligitur
658 4430 720 4495 per
745 4411 915 4476 adulteria
937 4410 1080 4475 secundi
1104 4412 1244 4494 gradus,
