2782 5026
394 127 446 180 DE
468 125 603 178 tironi:
625 124 944 192 commenti-N.
963 112 1015 194 98
1221 111 1265 194 89

137 299 219 367 uniti
233 307 320 364 sunt
340 317 421 363 cum
440 295 511 380 ejus
528 297 673 362 scientia
690 306 851 373 connata,
871 317 975 381 quare
991 295 1076 362 haec
1096 317 1165 385 non
1184 307 1264 380 pot·

138 407 192 461 est
202 395 334 461 elevari
350 394 387 458 in
402 393 679 475 intelligentiam,
693 402 730 457 et
747 394 856 456 minus
872 393 905 456 in
922 394 1126 476 sapientiam
1140 414 1148 472 ;
1172 394 1264 456 unde

139 491 265 555 animal
288 490 336 554 ab
359 509 475 553 amore
494 489 658 553 scientiae
680 509 762 553 suae
785 490 889 553 insito
910 490 1016 553 fertur
1034 489 1123 552 sicut
1141 508 1264 552 caecus

141 607 200 668 per
215 586 353 668 plateas
371 605 391 647 a
410 604 515 662 cane;
538 584 624 649 haec
640 604 744 647 causa
758 593 823 657 est,
840 583 932 666 quod
948 604 1044 647 amor
1060 582 1263 666 conjugialis

141 682 185 744 sit
207 681 364 763 proprius
386 680 537 743 homini:
564 687 682 761 potest
703 679 809 742 etiam
831 679 947 742 vocari
970 680 1104 742 nativus
1127 689 1163 743 et
1186 699 1263 760 ger·

141 795 261 840 manus
287 775 430 849 homini,
454 775 532 857 quia
558 773 688 839 homini
717 775 807 837 inest
829 773 974 838 facultas
996 774 1161 857 sapiendi,
1186 794 1264 838 cum

141 890 208 953 qua
225 869 280 933 hic
298 890 395 933 arnor
414 888 518 932 unum
537 869 627 933 facit.
739 879 742 884 ’

203 978 275 1046 97.
299 964 397 1046 (viii.)
426 964 524 1042 Quod
536 964 634 1044 apud
650 963 813 1027 hominem
831 986 927 1029 amor
943 965 1138 1048 conjicgialis
1160 964 1208 1028 sit
1229 963 1264 1027 in

141 1080 254 1122 amore
275 1080 375 1122 sexus
398 1059 483 1122 sicut
504 1079 637 1140 gemma
665 1058 700 1121 in
729 1079 792 1122 sua
814 1059 1072 1122 matrice—Sed
1096 1059 1162 1123 hoc
1185 1059 1264 1141 quia

143 1155 246 1218 modo
272 1155 486 1234 comparatio
513 1163 579 1227 est,
605 1153 833 1236 explicabitur
862 1154 1069 1233 inarticulo
1092 1173 1181 1217 nunc
1208 1173 1262 1217 se·

141 1260 288 1332 quente;
322 1269 383 1331 per
405 1248 498 1312 illam
521 1250 626 1313 etiam
649 1248 849 1322 illustratur.
866 1251 957 1332 quod
976 1270 1072 1313 amor
1091 1269 1195 1312 sexus
1217 1249 1263 1311 sit

142 1345 278 1408 externi
300 1365 361 1408 seu
385 1345 548 1407 naturalis
570 1344 727 1418 hominis,
744 1353 780 1408 et
803 1364 898 1408 amor
916 1344 1117 1426 conjugialis
1138 1345 1263 1409 interni

143 1459 199 1504 seu
211 1439 397 1522 spiritualis
410 1439 557 1503 hominis
571 1436 652 1520 (mut
664 1460 747 1503 mox
760 1460 872 1521 supra,
884 1460 915 1503 n.
928 1454 980 1521 95,
990 1451 1166 1504 ostensum
1180 1438 1261 1522 est).

201 1532 279 1617 98.
302 1532 383 1618 (ix.)
411 1534 508 1613 Quod
520 1555 616 1597 amor
630 1556 731 1598 sexus
747 1535 842 1615 apud
852 1535 1014 1598 hominem
1030 1556 1093 1597 non
1108 1535 1155 1598 sit
1169 1535 1263 1616 ongo

144 1630 267 1692 amorr's
287 1629 495 1713 cortyitgialzin
515 1629 578 1692 sed
591 1629 682 1711 quod
702 1629 749 1693 sit
766 1630 918 1710 primum
939 1633 1019 1715 ejus,
1040 1629 1089 1693 ita
1107 1629 1193 1693 sicut
1212 1639 1264 1693 est

142 1733 313 1787 externum
335 1723 500 1798 naturale,
523 1723 578 1786 cui
596 1723 820 1805 implantatur
840 1724 1008 1787 internum
1030 1723 1262 1804 spirituale.-

143 1816 268 1900 Agitur
285 1817 341 1881 hic
359 1819 403 1881 de
419 1838 535 1882 amore
550 1839 630 1882 vere
646 1817 839 1900 conjugiali‚
857 1830 893 1883 et
910 1840 977 1883 non
994 1821 1037 1882 de
1053 1838 1168 1883 amore
1184 1817 1260 1881 vul·

142 1914 210 1993 gari
229 1913 287 1995 qui
306 1913 412 1976 etiam
431 1909 652 1995 [²¹conjugalis
670 1925 824 1989 vocatur,
844 1924 880 1979 et
899 1916 988 1997 apud
1007 1915 1173 1997 quosdam
1192 1933 1261 1976 non

141 2008 230 2072 aliud
253 2018 309 2071 est
336 2027 438 2091 quam
462 2028 558 2072 amor
579 2029 684 2072 sexus
708 2009 894 2087 limitatus;
925 2030 1021 2072 amor
1043 2018 1157 2072 autem
1180 2030 1261 2072 vere

139 2101 342 2184 conjugialis
360 2102 471 2166 solum
490 2112 544 2167 est
566 2104 656 2184 apud
679 2103 767 2177 illos,
787 2105 844 2185 qui
867 2114 970 2167 avent
989 2105 1203 2184 sapientiam,
1224 2114 1261 2169 et

134 2193 216 2261 inde
227 2197 306 2279 plus
318 2206 354 2261 et
367 2197 443 2280 plus
453 2199 716 2279 progrediuntur
727 2199 761 2261 in
774 2198 868 2261 illam
882 2220 889 2275 ;
912 2199 975 2261 hos
986 2197 1152 2261 Dominus
1162 2218 1260 2278 prae·

134 2293 244 2366 videt,
259 2301 295 2356 et
311 2292 378 2356 illis
389 2312 484 2355 amor
496 2292 722 2374 conjugialem
740 2294 896 2374 providet
909 2314 917 2370 ;
942 2293 997 2376 qui
1014 2312 1109 2356 amor
1123 2294 1260 2375 quidem

130 2384 283 2452 inchoat
305 2387 396 2468 apud
419 2387 497 2452 illos
519 2388 563 2451 ab
585 2407 701 2452 amore
724 2408 838 2460 sexus,
862 2409 922 2451 seu
945 2389 1058 2468 potius
1087 2409 1148 2469 per
1169 2388 1259 2452 hunc

128 2500 305 2555 amorem,
325 2483 387 2546 sed
407 2503 512 2565 usque
531 2502 600 2546 non
619 2482 725 2546 oritur
746 2503 792 2545 ex
816 2482 895 2557 illo;
931 2484 1036 2546 oritur
1059 2484 1149 2546 enim
1172 2483 1260 2548 sicut

126 2577 309 2660 sapientia
323 2587 505 2659 promovet
521 2578 665 2659 gradum
680 2587 716 2642 et
735 2577 849 2658 prodit
865 2578 899 2640 in
916 2577 1026 2641 lucem
1042 2578 1132 2659 apud
1144 2577 1259 2656 illum;

127 2691 221 2736 nam
239 2672 411 2754 sapientia
429 2682 465 2735 et
483 2672 541 2736 ille
560 2692 655 2736 amor
674 2684 753 2736 sunt
772 2673 934 2737 individui
954 2674 1110 2737 comites.
1157 2673 1259 2755 Quod

124 2786 237 2831 amor
252 2766 453 2848 coniugialis
468 2767 607 2830 inchoet
623 2787 683 2850 per
698 2787 850 2831 amorem
866 2788 981 2843 sexus,
999 2778 1051 2832 est
1068 2768 1147 2851 quia
1161 2778 1259 2831 ante·

126 2880 243 2944 quarn
273 2880 415 2924 consors
444 2862 624 2936 invenitur,
653 2872 787 2925 amatur
819 2883 924 2926 sexus
954 2865 1191 2937 communiter,
1219 2882 1259 2926 ac

126 2953 317 3040 spectatur
331 2956 405 3018 visu
421 2955 577 3034 amabili3
600 2966 636 3019 et
652 2957 765 3037 agitur
781 2957 870 3021 civili
883 2958 1077 3021 moralitate
1090 2978 1166 3021 cum
1180 2958 1259 3036 illo;

126 3061 191 3114 est
214 3051 308 3113 enim
331 3049 534 3114 adolescens
556 3051 589 3113 in
612 3049 792 3124 eledtione‚
811 3063 848 3115 et
871 3062 952 3114 tunc
975 3073 1020 3115 ex
1044 3053 1145 3115 insita
1163 3052 1259 3115 incli-

127 3145 281 3208 natione
297 3143 340 3207 ad
357 3143 551 3225 conjugium
567 3164 644 3208 cum
659 3164 736 3220 una,
753 3165 839 3227 quae
856 3145 944 3209 latet
960 3147 994 3209 in
1009 3146 1118 3227 adyto
1135 3147 1261 3209 mentis

126 3239 220 3321 ejus,
237 3239 367 3303 blande
383 3238 525 3303 calescit
543 3238 613 3321 ejus
629 3249 831 3318 externum;
854 3251 890 3304 et
909 3242 986 3324 quia
1001 3242 1259 3305 determinatio·

129 3353 200 3399 nes
222 3335 268 3398 ad
291 3333 485 3415 conjugium
506 3334 750 3415 protrahuntur
771 3356 816 3398 ex
840 3337 939 3399 variis
958 3337 1068 3399 causis
1088 3357 1192 3419 usque
1215 3336 1259 3400 ad

132 3430 288 3493 mediam
308 3427 538 3509 juventutem,
562 3449 602 3492 ac
633 3429 763 3493 interea
785 3431 918 3493 initium
937 3431 1026 3493 illius
1045 3433 1173 3495 amoris
1203 3441 1260 3494 est

131 3525 226 3588 sicut
244 3524 362 3597 libido,
381 3543 467 3605 quae
483 3524 572 3604 apud
589 3523 720 3606 aliquos
737 3525 808 3587 abit
828 3526 860 3587 in
876 3545 1027 3588 amorem
1045 3547 1149 3589 sexus
1164 3524 1260 3589 adtu-

131 3614 304 3695 aliter‚‘at
323 3639 429 3701 usque
447 3618 537 3700 apud
556 3617 633 3681 illos
650 3638 719 3681 non
735 3620 920 3682 remittitur
936 3621 1066 3685 frenum
1084 3622 1155 3703 ejus
1171 3623 1259 3685 ulte·

132 3713 204 3777 rius
218 3733 322 3798 quam
337 3723 503 3795 quantum
519 3714 681 3777 conducit
693 3714 844 3777 sanitati.
889 3714 957 3778 Sed
972 3715 1058 3780 haec
1075 3714 1166 3779 dieta
1177 3724 1261 3792 sunt

134 3808 182 3872 de
202 3829 290 3874 sexu
314 3807 515 3883 masculino,
536 3809 614 3891 quia
636 3808 714 3872 huic
737 3809 899 3873 illecebra
922 3821 985 3886 est,
1006 3831 1093 3892 quae
1116 3808 1258 3874 adtuali·

137 3910 190 3967 ter
203 3903 389 3981 accendit;
414 3921 481 3964 non
498 3915 613 3967 autem
629 3903 673 3967 de
689 3925 775 3967 sexu
790 3904 962 3967 feminino.
1007 3905 1064 3968 Ex
1080 3905 1132 3968 his
1149 3913 1257 3987 patet,

138 4001 223 4079 quod
246 4019 348 4065 amor
371 4017 478 4061 sexus
507 4018 576 4062 non
605 4000 651 4064 sit
679 4001 777 4081 origo
799 4001 923 4062 amoris
946 4020 1024 4062 vere
1047 3999 1258 4082 conjugialis,

140 4098 194 4160 sed
212 4096 307 4182 quod
327 4094 375 4159 sit
395 4093 539 4174 primum
558 4093 629 4176 ejus
647 4105 813 4177 tempore,
835 4114 903 4157 non
923 4105 1039 4160 autem
1059 4096 1145 4175 fine;
1168 4094 1259 4178 quod
