2782 5026
335 433 385 483 ns
408 433 887 500 nironscouJuo1nL1.-u.
909 422 979 503 376.
1013 473 1016 480 Α
1151 440 1213 506 ²93

109 607 138 693 in
159 603 389 686 spiritualibus
412 605 600 686 ecclesiae;
631 606 741 671 altera
765 616 830 684 est,
853 607 1020 671 intestina
1044 608 1214 690 cupiditas

114 696 275 764 sindillae.
321 698 423 780 Quod
447 701 590 782 primam
613 720 763 777 causam,
783 722 870 784 quae
894 712 948 767 est
971 704 1156 788 captivitas
1178 713 1214 768 et

118 793 274 859 suffocatio
292 796 542 876 cogitationum
562 796 595 858 in
615 796 847 878 spiritualibus
866 797 1045 871 ecclesiae,
1062 799 1213 877 attinet;

120 889 181 973 quid
199 888 256 952 illa
274 898 447 972 operatur,
468 890 629 953 concludi
647 900 765 972 potest
788 912 809 954 a
831 912 933 973 supra
952 892 1212 970 demonstratis,

121 983 192 1069 quod
210 984 315 1047 cuivis
337 985 382 1049 sit
405 1003 502 1048 amor
519 984 721 1067 coniugialis
740 988 927 1050 secundum
947 996 1077 1050 statum
1101 987 1213 1051 eccle·

121 1078 175 1143 siae
193 1080 277 1161 apud
300 1099 349 1154 se,
373 1089 409 1143 et
436 1081 514 1162 quia
537 1079 683 1144 ecclesia
713 1090 767 1144 est
800 1101 821 1145 a
850 1081 1012 1158 Domino,
1036 1082 1128 1165 quod
1154 1081 1214 1145 ille

118 1191 196 1245 amor
211 1175 253 1237 sit
270 1175 368 1237 unice
390 1195 411 1238 a
434 1174 585 1238 Domino
611 1173 658 1255 (n.
680 1190 748 1254 130,
771 1175 865 1258 131);
896 1195 974 1239 curn
996 1177 1112 1258 itaque
1136 1175 1214 1239 loco

123 1264 244 1343 Domini,
267 1268 425 1332 homines
448 1270 516 1332 vivi
546 1279 582 1333 et
617 1268 766 1332 defuncti
792 1271 962 1334 adeuntur
984 1280 1020 1335 et
1049 1271 1214 1333 invocan-

123 1369 173 1435 tur,
187 1364 331 1445 sequitur
348 1363 441 1445 quod
460 1383 528 1427 non
548 1364 593 1428 sit
613 1373 725 1427 status
742 1363 920 1440 ecclesiae,
941 1383 1017 1427 cum
1034 1384 1101 1446 quo
1117 1383 1214 1427 amor

119 1456 295 1539 ‚coniugialis
311 1478 415 1522 unum
435 1468 552 1541 potest
572 1480 696 1541 agere;
720 1469 756 1523 et
775 1480 817 1523 eo
835 1460 958 1535 minus,
978 1461 1058 1523 dum
1079 1469 1214 1523 mentes

123 1549 230 1615 illorum
252 1563 423 1617 terrentur
445 1554 490 1617 ad
516 1554 611 1617 illum
635 1554 765 1618 cultum
789 1575 850 1637 per
872 1556 982 1617 minas
1013 1575 1074 1636 pro
1104 1555 1214 1618 atroci

123 1660 249 1711 carcere:
283 1649 363 1712 inde
393 1647 443 1723 fit,
467 1649 560 1731 quod
587 1650 819 1731 cogitationes
853 1669 919 1713 una
949 1669 1026 1713 curn
1057 1649 1212 1733 loquelis,

119 1738 264 1817 ‚uiolenter
293 1745 510 1825 captiventur
542 1754 578 1808 et
612 1744 839 1822 suffocentur3
876 1744 997 1827 quibus
1026 1743 1212 1821 suffocatis,

124 1830 237 1900 influunt
256 1837 350 1913 talia,
370 1859 457 1921 quae
480 1838 536 1901 vel
559 1848 682 1903 contra
700 1838 882 1902 ecclesiam
901 1849 992 1912 sunt,
1013 1839 1069 1902 vel
1091 1839 1213 1921 imagi·

124 1931 197 1993 naria
217 1953 277 2014 pro
300 1932 468 2012 ecclesia;
498 1934 684 2016 exquibus
707 1953 775 1996 non
795 1933 886 1996 aliud
909 1934 1091 2009 redundat,
1111 1953 1213 2016 quam

125 2035 214 2089 aestus
235 2048 296 2109 pro
318 2030 453 2103 scortis,
473 2048 512 2094 ac
537 2028 617 2109 gelu
641 2048 702 2110 pro
724 2026 890 2110 conjuge;
917 2049 962 2090 ex
985 2029 1105 2110 quibus
1128 2029 1213 2091 duo·

124 2116 170 2182 bus
196 2122 290 2186 simul
325 2124 360 2186 in
394 2144 462 2187 uno
492 2121 656 2205 subjecto,
687 2122 767 2187 talis
801 2124 985 2187 indomitus
1020 2123 1213 2206 zelotypiae

123 2209 190 2292 ignis
203 2218 346 2299 profluit.
392 2217 493 2300 Quod
505 2218 691 2283 secundam
709 2237 857 2291 causam,
875 2239 962 2300 quae
978 2228 1032 2282 est
1048 2219 1213 2281 intestina

116 2311 263 2391 cupiditas
286 2312 471 2388 vindictae,
496 2315 693 2378 concernit:
731 2312 816 2377 haec
840 2333 976 2395 prorsus
999 2313 1130 2377 inhibet
1161 2315 1213 2377 in·

124 2398 223 2470 fluxum
255 2409 381 2472 amoris
411 2409 624 2492 coniugialis,
656 2409 819 2473 absorbet
853 2409 960 2484 illum,
992 2420 1028 2474 et
1061 2409 1212 2491 deglutit

123 2492 204 2577 illum,
220 2512 255 2566 et
268 2503 455 2585 jucundum
472 2504 553 2586 ejus,
570 2506 661 2587 quod
678 2513 731 2585 est
748 2503 911 2579 caeleste,
924 2506 1029 2568 vertit
1045 2506 1079 2568 in
1092 2505 1212 2587 jucun·

122 2589 181 2659 dum
195 2595 375 2673 vindictae,
392 2600 484 2681 quod
500 2609 553 2663 est
568 2599 743 2674 infernale,
761 2608 796 2663 et
813 2599 910 2680 hujus
926 2600 1083 2681 proxima
1098 2601 1213 2665 deter-

122 2688 237 2755 minatio
256 2703 311 2758 est
335 2693 379 2755 ad
402 2712 559 2757 uxorem.
604 2693 661 2756 Ex
689 2694 891 2776 apparentia
909 2695 1015 2757 etiam
1039 2702 1101 2769 est,
1121 2695 1213 2777 quod

121 2785 294 2869 malignitas
310 2788 586 2870 atmosphaerae,
604 2809 690 2870 quae
710 2809 755 2851 ex
774 2787 936 2851 halitibus
952 2788 1129 2852 virulentis
1148 2790 1214 2853 cir·
1317 2804 1319 2808 “

120 2881 319 2963 cumjacentis
335 2884 485 2965 regionis
501 2883 545 2947 ibi
562 2884 831 2965 impraegnatur,
848 2883 893 2946 sit
909 2902 1013 2946 causa
1028 2893 1211 2948 succentu·

118 2971 194 3040 tiata.

163 3075 258 3153 376.
282 3070 361 3155 (xi.)
388 3071 485 3151 Quod
492 3072 587 3154 apud
598 3071 760 3155 quosdam
775 3093 837 3135 non
852 3071 900 3136 sit
912 3071 1028 3154 alz'qua
1039 3071 1213 3154 zelotypia,

116 3164 197 3230 ttt'am
218 3189 262 3230 ex
282 3168 393 3232 variis
411 3167 712 3232 causis-Causae
732 3167 856 3232 nullius
875 3166 1078 3248 zelotypiae,
1091 3177 1214 3232 etces·

115 3263 205 3325 santis
220 3261 427 3345 zelotypiae,
447 3272 526 3326 sunt
546 3263 669 3344 plures
714 3260 818 3325 Nulla
834 3261 1007 3343 zelotypia
1026 3271 1079 3325 est
1098 3262 1214 3345 impri-

115 3355 163 3419 mis
178 3356 256 3433 illis,
273 3359 330 3440 qui
348 3378 500 3421 amorem
517 3356 745 3439 conjugialem
762 3376 831 3419 non
848 3356 952 3438 pluris
968 3356 1096 3421 faciunt
1112 3376 1214 3439 quam

114 3454 351 3528 scortatorium,
365 3463 401 3517 et
417 3453 517 3516 simul
532 3452 667 3535 inglorii
680 3460 770 3526 sunt,
785 3453 883 3514 nauci
899 3452 1091 3534 pendentes
1104 3453 1214 3514 nomi-

114 3544 153 3608 nis
178 3548 324 3625 famam;
363 3547 397 3610 hi
427 3567 498 3611 non
526 3547 700 3611 absimiles
729 3556 809 3610 sunt
840 3545 994 3609 uxoratis
1025 3544 1214 3609 lenonibus.

115 3634 200 3705 Nulla
226 3642 401 3723 zelotypia
423 3652 477 3707 est
500 3662 633 3725 quoque
657 3640 734 3714 illis,
759 3641 815 3723 qui
837 3639 931 3703 illam
955 3639 1145 3720 rejecerunt
1169 3660 1214 3702 ex

116 3735 359 3801 confirmatione
381 3738 472 3820 quod
495 3737 635 3800 infestet
658 3737 820 3809 animum,
845 3735 1004 3816 quodque
1032 3734 1065 3796 in
1088 3751 1215 3795 vanum

116 3833 313 3897 custodiatur
330 3853 429 3907 uxor,
448 3841 484 3896 et
501 3831 592 3914 quod
612 3832 639 3894 si
658 3831 862 3904 custoditur,
880 3829 1051 3901 incitetur,
1069 3837 1104 3890 et
1123 3827 1215 3908 quod

117 3918 178 3988 ideo
198 3929 306 3991 satius
329 3927 374 3991 sit
397 3926 516 3990 oculos
538 3925 732 4000 occludere,
756 3933 792 3988 et
817 3943 860 3987 ne
887 3924 1023 4006 quidem
1044 3942 1103 4004 per
1125 3921 1214 3984 fora-

119 4033 179 4083 men
196 4021 303 4085 clavis
325 4022 359 4085 in
380 4020 483 4103 janua
502 4023 690 4084 immittere
713 4019 801 4095 illos,
822 4039 865 4082 ne
888 4018 1015 4100 aliquid
1039 4014 1217 4079 visualiter

120 4111 300 4200 detegatur:
332 4117 437 4200 aliqui
459 4117 650 4199 rejecerunt
673 4115 767 4178 illam
792 4135 837 4177 ex
859 4112 1031 4177 calumnia
1053 4110 1216 4192 imposita

120 4214 226 4277 nomini
239 4213 446 4295 zelotypiae,
460 4213 657 4294 cogitantes
669 4210 760 4293 quod
776 4210 827 4273 vir
842 4209 898 4291 qui
911 4207 961 4270 vir
974 4204 1057 4268 nihil
1071 4205 1194 4268 timeat
1207 4223 1215 4281 ;

121 4300 202 4388 aliqui
215 4307 329 4372 adacti
349 4317 430 4372 sunt
449 4308 494 4371 ad
512 4306 730 4389 rejiciendum
746 4304 852 4378 illam,
871 4322 913 4367 ne
932 4322 986 4365 res
1002 4299 1215 4363 domesticae

121 4405 374 4480 pessumdentur,
389 4413 462 4467 tum
479 4423 521 4467 ne
536 4404 571 4467 in
586 4401 735 4466 forensia
746 4399 916 4481 vituperia
931 4396 1071 4471 incidat,
1086 4394 1114 4457 si
1129 4411 1217 4457 uxor
