2782 5026
127 417 169 485 62
476 433 659 485 usnemu
682 433 911 486 snrmurrns

128 611 162 666 et
182 601 217 666 in
235 601 292 667 illo
305 623 379 667 esse
394 602 539 685 possint,
556 625 656 687 quom
678 602 740 687 qui
757 603 880 667 adeunt
901 598 1089 672 Dominum,
1107 615 1148 660 ac
1168 613 1244 657 vera

128 697 279 761 ecclesiae
299 708 426 775 amant,
445 708 478 762 et
506 699 590 762 bona
610 700 680 781 ejus
701 694 996 778 faciunt-Quod
1026 712 1096 756 non
1128 689 1184 753 alii
1212 688 1244 750 in

129 793 223 856 illum
254 812 405 857 amorem
425 794 575 868 veniant,
592 812 696 876 quarn
727 794 782 875 qui
817 791 945 855 adeunt
974 788 1175 857 Dominum,
1199 790 1249 845 est

129 888 206 970 quia
228 885 385 969 conjugia
403 890 651 969 monogamica,
672 908 758 970 quae
777 895 857 949 sunt
876 885 973 948 unius
994 882 1057 945 viri
1080 897 1159 943 cum
1184 896 1248 984 una

129 1001 248 1056 uxore,
266 983 535 1063 correspondent
550 980 708 1063 conjugio
722 980 860 1044 Domini
875 989 910 1043 et
927 976 1105 1048 ecclesiae,
1124 982 1160 1035 et
1177 989 1252 1052 qura

129 1085 225 1140 ortus
240 1075 372 1138 illorum
392 1087 445 1140 est
465 1098 510 1139 ex
529 1076 688 1159 conjugio
703 1077 784 1139 boni
802 1086 839 1138 et
856 1074 930 1137 veri
950 1072 992 1134 de
1011 1069 1137 1152 quibus
1153 1085 1254 1148 supra

133 1168 181 1252 (n.
199 1170 243 1233 60
260 1179 296 1234 et
315 1169 385 1254 62).
431 1169 535 1253 Quod
558 1192 603 1234 ex
622 1171 689 1234 hoc
708 1181 797 1244 ortu,
817 1179 853 1232 et
876 1168 935 1231 illa
950 1160 1255 1244 correspondentia

130 1275 292 1347 sequatur
308 1266 399 1348 quod
418 1285 514 1329 amor
528 1286 609 1329 vere
625 1263 825 1346 coniugialis
844 1264 889 1326 sit
907 1282 928 1325 a
947 1260 1110 1331 Domino,
1129 1277 1170 1320 ac
1189 1253 1255 1317 illis

130 1360 186 1441 qui
202 1357 329 1423 directe
343 1360 456 1442 Ipsum
469 1359 610 1433 adeunt,
624 1379 693 1422 non
707 1366 822 1440 potest
835 1355 1028 1421 confirmari
1040 1353 1085 1415 ad
1102 1351 1254 1434 plenum,

130 1454 194 1517 nisi
213 1455 246 1516 in
265 1455 377 1534 specie
396 1454 439 1515 de
458 1453 590 1516 duobus
609 1452 675 1516 illis
691 1453 824 1516 arcanis
841 1451 1066 1531 transigatur,
1083 1445 1178 1528 quod
1198 1441 1256 1505 fiet

130 1548 164 1610 in
188 1545 484 1621 transadtionibus,
505 1568 591 1630 quae
615 1547 703 1610 hanc
727 1547 883 1627 proxime
902 1543 1092 1623 excipiunt,
1113 1555 1256 1621 quarum

132 1661 198 1705 una
216 1644 278 1705 erit
296 1642 339 1705 de
359 1643 490 1723 origine
509 1643 634 1705 amoris
653 1641 853 1722 conjugialis
871 1660 918 1703 ex
937 1637 1098 1718 conjugio
1119 1633 1257 1697 boniet

131 1738 212 1810 veri,
229 1756 269 1800 ac
289 1736 399 1800 altera
413 1737 457 1798 de
476 1735 634 1817 conjugio
650 1735 788 1799 Domini
807 1745 843 1798 et
863 1733 1052 1805 Ecclesiae,
1070 1740 1106 1793 et
1126 1729 1171 1793 de
1187 1727 1258 1809 ejus

132 1831 447 1910 correspondentia.
492 1827 595 1910 Quod
614 1850 659 1892 ex
682 1830 735 1893 his
751 1839 924 1910 sequatur,
943 1826 1035 1909 quod
1056 1843 1154 1887 amor
1173 1842 1258 1885 con·

129 1924 266 2006 jugialis
282 1926 326 1988 sit
342 1925 431 2006 apud
448 1924 620 1987 hominem
637 1925 824 1988 secundum
837 1930 967 1985 statum
980 1919 1150 1983 ecclesiae
1166 1916 1259 1999 apud

132 2018 239 2094 illum,
259 2019 363 2081 etiarn
381 2019 426 2082 ibi
445 2018 626 2081 videbitur.

196 2126 260 2194 71·
291 2111 392 2194 Quod
416 2133 484 2175 non
503 2112 561 2175 alii
583 2113 616 2174 in
639 2131 754 2175 amore
772 2132 852 2175 vere
872 2108 1055 2192 conjugiali
1074 2128 1153 2171 esse
1177 2126 1260 2188 pos·

134 2207 213 2282 sint,
237 2226 338 2289 quam
368 2208 424 2288 qui
453 2207 621 2286 recipiunt
643 2205 739 2269 illum
767 2227 788 2269 a
818 2205 978 2277 Domin0,
1003 2204 1060 2285 qui
1087 2211 1170 2265 sunt
1185 2212 1188 2216 ’
1203 2200 1262 2283 qui

134 2301 251 2382 Ipsum
275 2298 402 2364 dirodie
422 2301 560 2375 adeunt,
580 2310 615 2362 et
639 2301 758 2363 vivunt
777 2301 882 2363 vitam
902 2298 1070 2362 ecclesiae
1093 2296 1140 2359 ab
1164 2295 1261 2377 Ipso,

135 2406 188 2460 est
207 2397 284 2478 quia
302 2394 360 2458 ille
378 2414 484 2469 amor,
505 2415 550 2457 ex
569 2415 631 2457 suo
650 2404 727 2456 ortu
746 2404 782 2456 et
805 2415 850 2456 ex
870 2413 931 2455 sua
950 2390 1265 2472 correspondentia

134 2487 319 2570 spectatus,
336 2498 390 2551 est
407 2488 577 2562 caelestis,
594 2487 789 2567 spiritualis,
806 2484 955 2561 sanstus,
972 2505 1086 2567 purus,
1105 2495 1142 2548 et
1159 2503 1263 2546 mun-

136 2583 198 2645 dus
228 2602 308 2664 prae
337 2582 429 2644 omni
459 2601 574 2643 amore
604 2582 661 2661 qui
690 2581 779 2662 apud
809 2580 955 2661 angelos
984 2579 1071 2642 caeli
1102 2589 1140 2641 et
1167 2578 1263 2660 apud

135 2676 291 2740 homines
306 2674 470 2737 ecclesiae
487 2685 540 2737 est
558 2672 610 2754 (ut
630 2694 740 2754 supra,
760 2694 791 2736 n.
810 2674 890 2756 64);
914 2684 949 2737 et
965 2673 1051 2736 haec
1069 2672 1142 2752 ejus
1158 2673 1265 2736 attri-

136 2771 220 2834 buta
248 2788 316 2832 non
347 2778 490 2847 possunt
520 2768 592 2830 dari
625 2788 727 2849 quam
756 2769 846 2849 apud
880 2769 957 2832 illos
991 2769 1048 2850 qui
1083 2765 1266 2847 conjundli

137 2864 287 2927 Domino
305 2871 395 2933 sunt,
412 2871 448 2923 et
466 2863 509 2924 ab
528 2860 609 2941 Ipso
628 2864 815 2926 consociati
831 2863 964 2944 angelis
980 2862 1087 2938 caeli;
1112 2862 1149 2925 hi
1168 2864 1265 2925 enim

139 2956 270 3035 lugiunt
293 2973 427 3016 amores
450 2953 770 3036 extraconjugiales,
794 2958 850 3038 qui
882 2968 963 3020 sunt
996 2954 1266 3034 conjunctiones

139 3067 216 3112 cum
239 3047 312 3110 aliis
334 3067 435 3128 quam
464 3066 540 3110 cum
571 3051 705 3129 propria
727 3071 786 3113 seu
817 3053 955 3133 proprio
984 3049 1146 3132 conjuge,
1172 3053 1267 3116 sicut

139 3138 265 3204 damna
280 3142 413 3203 animae
428 3150 463 3204 et
481 3143 569 3204 sicut
587 3152 711 3223 stagna
726 3145 866 3223 inferni3
889 3156 925 3209 et
945 3156 1111 3227 quantum
1130 3147 1265 3229 conjux

139 3234 215 3298 illas
231 3232 494 3313 conjuni’tlones,
508 3236 610 3298 etiam
623 3237 734 3318 quoad
751 3237 907 3302 libidines
923 3240 1113 3303 voluntatis
1129 3251 1167 3303 et
1183 3242 1268 3305 inde

140 3326 349 3390 intentiones
360 3326 456 3408 fugit,
470 3338 604 3391 tantum
618 3330 809 3411 purificatur
825 3333 882 3396 ille
897 3353 995 3396 amor
1010 3334 1101 3414 apud
1118 3334 1214 3410 illos,
1229 3346 1269 3399 et

140 3420 179 3482 fit
208 3420 397 3483 successive
426 3422 619 3503 spiritualis,
644 3425 786 3504 primum
816 3427 896 3489 dum
926 3428 1047 3490 vivunt
1078 3429 1112 3491 in
1149 3431 1267 3505 terris,

141 3521 177 3575 et
193 3521 314 3591 postea
328 3514 362 3574 in
378 3513 484 3576 caelo.
528 3514 632 3596 Apud
648 3516 803 3581 homines
819 3540 986 3603 nusquam
1004 3530 1123 3603 potest
1139 3523 1269 3606 aliquis

142 3623 237 3668 amor
258 3603 328 3667 fieri
356 3624 467 3684 purus,
487 3626 550 3670 nec
574 3610 662 3690 apud
682 3612 834 3693 angelos,
854 3615 903 3677 ita
932 3635 1043 3696 neque
1062 3615 1118 3679 hic
1144 3637 1270 3696 amor;

142 3697 203 3760 sed
221 3698 298 3778 quia
316 3698 462 3762 intentio
484 3712 641 3781 quaeest
660 3704 846 3769 voluntatis
869 3709 1029 3789 primario
1046 3707 1230 3790 spectatur
1249 3733 1271 3775 a

143 3790 303 3864 Domino,
323 3792 401 3853 ideo
416 3803 581 3873 quantum
599 3794 702 3860 homo
721 3799 755 3860 in
778 3799 926 3875 hatest,
947 3812 983 3865 et
1004 3804 1037 3865 in
1058 3803 1124 3866 hac
1145 3824 1271 3886 perse-

142 3891 250 3957 verat,
270 3892 405 3945 tantum
423 3885 574 3949 initiatur
595 3889 628 3950 in
652 3891 833 3970 puritatem
863 3907 899 3958 et
929 3894 1156 3960 sandiitatem
1181 3898 1271 3979 ejus,

142 3983 179 4036 et
195 3977 382 4038 successive
399 3979 622 4057 progreditur.
667 3980 768 4063 Quod
784 4006 853 4049 non
869 3987 925 4051 alii
941 3991 1077 4069 possint
1093 3992 1129 4053 in
1146 4011 1273 4058 amore

144 4065 324 4148 conjugiali
336 4069 499 4148 spirituali
509 4090 594 4147 esse,
607 4094 707 4154 quam
724 4079 779 4158 qui
794 4100 814 4140 a
830 4080 980 4145 Domino
993 4084 1083 4146 tales
1100 4096 1198 4162 sunt,
1214 4097 1274 4152 est

144 4159 223 4239 quia
238 4170 290 4223 est
306 4161 437 4223 caelum
454 4164 488 4224 in
504 4164 583 4241 illo;
607 4177 642 4230 et
661 4168 764 4233 homo
780 4175 953 4249 naturalis,
970 4177 1062 4256 apud
1082 4199 1190 4260 quem
1209 4181 1274 4246 ille

146 4268 241 4312 amor
256 4253 364 4317 solum
381 4274 401 4316 a
416 4275 515 4319 carne
532 4258 636 4323 trahit
653 4282 749 4325 suum
765 4264 898 4347 volupe,
913 4288 982 4331 non
999 4281 1121 4350 potest
1139 4295 1274 4357 appro-

147 4343 307 4425 pinquare
319 4347 362 4409 ad
379 4348 520 4428 caelum,
534 4370 596 4416 nec
612 4354 657 4416 ad
672 4355 818 4439 aliquem
831 4362 1003 4443 angelum,
1017 4365 1127 4431 immo
1140 4388 1209 4435 nec
1227 4371 1275 4435 ad
