2782 5026
131 425 193 504 318
477 435 661 487 ntum!
683 434 915 486 saritam

128 618 297 691 qnantum
318 608 354 671 in
375 628 420 672 eo
435 618 491 671 est
509 607 721 673 innocentia.
739 616 797 670 est
819 606 901 688 quia
917 625 1023 670 omne
1044 606 1176 671 bonum
1196 600 1259 671 est

128 724 151 767 a
168 705 331 779 Domino,
349 723 391 766 ac
408 704 610 766 innocentia
627 714 683 765 est
700 703 780 764 duci
796 722 819 765 a
836 701 1001 764 Domino.

127 888 226 957 415.
256 871 324 936 His
340 871 520 952 adficietur
535 872 604 934 hoc
623 820 851 934 affin-tabiis
862 891 918 932 :-

181 995 323 1067 Quodam
341 1011 438 1051 mane
456 1012 526 1049 curn
545 996 705 1065 evigilatus
725 1010 743 1048 e
763 1010 882 1053 somno.
901 995 933 1048 in
958 994 1029 1049 luoe
1054 995 1209 1049 matutina
1227 979 1320 1050 6⁴

128 1091 236 1130 aerem
251 1087 322 1129 ante
340 1076 461 1146 plenam
479 1076 613 1145 vigiliam
631 1076 791 1129 meditans.
809 1075 872 1127 vidi
893 1086 978 1128 trans
996 1073 1164 1129 fenestram
1183 1076 1245 1130 sicu
1264 1060 1333 1107 ⁴·

129 1154 243 1209 fulmen
255 1156 379 1213 micans.
388 1166 420 1208 et
432 1170 504 1207 mox
515 1154 618 1207 auditi
627 1156 705 1207 sicut
715 1155 832 1207 tonitru
841 1170 970 1223 crepans
978 1171 995 1212 ;·
1004 1169 1042 1208 ac
1050 1169 1123 1208 cum
1135 1143 1333 1221 miratub)

129 1250 196 1288 sum
206 1236 286 1288 unde
297 1235 364 1293 hoc,
373 1234 501 1287 audivit
513 1234 699 1287 caelobaec:
718 1231 821 1287 “Sunt
829 1233 923 1302 aliqui
936 1249 998 1286 non
1009 1235 1118 1302 procul
1130 1250 1150 1288 a
1161 1227 1333 1305 tequf'

129 1314 239 1367 acriter
253 1314 471 1367 ratiocinantur
484 1314 523 1367 de
539 1312 607 1366 Deo
620 1324 652 1366 et
670 1314 710 1366 de
725 1324 849 1371 natum
869 1313 1001 1366 tibratio
1015 1312 1094 1366 lucis
1109 1314 1192 1368 sicut
1207 1314 1333 1367 iulf

128 1393 221 1464 guris,
233 1405 264 1446 et
281 1408 390 1462 crepor
405 1393 484 1446 aeris
501 1393 580 1446 sicut
598 1393 725 1447 tonitru.
740 1403 811 1445 sunt
830 1392 1122 1462 compondentiae
1139 1404 1173 1447 et
1193 1390 1333 1448 ind&

128 1473 322 1543 apparentiae
334 1488 452 1542 pugnae
467 1482 499 1524 et
515 1472 683 1526 collisionis
696 1484 954 1541 argumentorum.
966 1472 1006 1525 ab
1025 1488 1089 1525 una
1103 1484 1193 1543 parte
1208 1471 1333 1543 prod

132 1551 207 1610 Deo.
219 1563 252 1606 et
263 1553 303 1605 ab
314 1552 409 1605 altera
421 1567 477 1620 pro
489 1551 623 1604 natura.”

182 1631 282 1686 eausa
293 1631 384 1700 hujus
396 1631 560 1700 spiritualis
571 1646 691 1700 pugnae
704 1629 761 1683 luit
773 1631 866 1684 baec:
883 1641 971 1684 erant
982 1630 1077 1700 aliqui
1090 1637 1218 1686 sannae
1232 1631 1333 1686 in)

131 1710 257 1771 inierno.
271 1712 323 1780 qui
341 1711 484 1763 dixerunt
503 1709 582 1764 inter
599 1726 641 1767 se.
657 1720 673 1737 ⁶·
684 1709 810 1764 Utinam
829 1710 933 1763 liceret
951 1710 1040 1764 nobis
1057 1725 1131 1763 cum
1146 1712 1263 1782 angelis
1276 1715 1333 1755 Α

129 1791 205 1845 caeli
224 1791 315 1859 loqui.
330 1806 366 1843 ac
387 1806 510 1859 prorsus
531 1802 563 1843 et
583 1790 672 1859 plene
692 1789 976 1849 demonstrabimus,
992 1791 1075 1859 quod
1092 1802 1206 1844 natura
1223 1791 1262 1845 sit
1292 1795 1333 1833 Σ

130 1886 220 1941 quam
235 1881 346 1923 vocant
362 1868 459 1922 Deum
478 1885 496 1922 a
513 1885 575 1939 quo
590 1881 661 1922 sunt
676 1870 786 1927 omnia.
799 1879 831 1921 et
849 1868 893 1922 sic
911 1868 993 1938 quod
1011 1866 1096 1922 Deus
1112 1870 1153 1923 sit
1168 1871 1263 1924 modo
1302 1880 1333 1905 ⁴

129 1964 190 2002 vox
205 1949 262 2002 nisi
277 1949 464 2018 intelligatur
475 1960 582 2001 natura
591 1949 616 2001 :⁹⁹
634 1960 666 2002 et
680 1949 752 2019 quia
763 1959 888 2001 satanae
901 1948 945 2001 illi
956 1959 1028 2003 toto
1040 1949 1135 2003 oorde
1147 1960 1181 2003 et
1195 1960 1263 2004 tota
1307 1980 1333 1992 -

131 2029 231 2082 anima
243 2028 274 2081 id
286 2028 487 2083 crediderunt.
497 2039 529 2081 et
539 2043 662 2098 quoque
674 2029 855 2097 cupiverunt
866 2028 950 2098 loqui
963 2044 1033 2082 curn
1045 2029 1165 2098 angelis
1176 2028 1262 2091 caeli.

131 2109 234 2161 datum
248 2119 296 2162 est
308 2108 367 2161 illis
380 2123 418 2161 ex
432 2108 499 2161 luto
512 2123 549 2160 ac
567 2124 585 2161 e
602 2109 736 2162 tenebris
749 2107 856 2161 inlerni
869 2109 1041 2168 ascendere.
1053 2119 1086 2162 et
1100 2123 1173 2162 cum
1186 2110 1262 2162 duo·

131 2187 187 2241 bus
198 2187 313 2257 angelis
325 2198 398 2241 tunc
407 2188 660 2241 descendentibus
674 2204 692 2241 e
706 2188 792 2241 melo
804 2188 905 2257 loqui;
922 2198 1009 2242 erant
1024 2187 1055 2241 in
1071 2188 1191 2242 mundo
1202 2188 1262 2258 spi·

133 2267 255 2326 rituum,
268 2267 319 2336 qui
334 2267 412 2320 inter
424 2267 542 2320 caelum
556 2279 588 2321 et
602 2266 752 2320 infernum
765 2267 881 2321 medius
893 2277 951 2321 est
988 2265 1120 2322 Satanae
1135 2267 1176 2321 ibi
1188 2268 1262 2321 visis

130 2347 247 2416 angelis
259 2347 403 2400 velociter
417 2359 620 2406 accurrerunt.
633 2357 665 2400 et
680 2346 793 2400 furiosa
805 2362 880 2400 voce
894 2346 1075 2408 clamabant,
1086 2355 1102 2374 ‘⁶
1113 2346 1195 2402 Estis
1208 2362 1262 2401 vos

132 2426 229 2496 angeli
249 2427 332 2484 caeli.
348 2443 417 2480 cum
441 2427 551 2497 quibus
571 2426 781 2480 ratiocinando
798 2426 837 2480 de
861 2425 927 2480 Deo
949 2437 980 2480 et
1005 2426 1043 2481 de
1062 2437 1172 2480 natura
1190 2426 1261 2481 licet

132 2505 298 2576 congredi?
317 2505 474 2559 Vocamini
488 2507 641 2575 sapientes
652 2507 723 2576 quia
735 2506 899 2576 agnoscitis
914 2505 1027 2567 Deum:
1045 2507 1100 2561 sed
1113 2507 1157 2561 oh
1169 2522 1260 2577 quam

133 2585 284 2653 simplices
298 2586 386 2645 estis:
408 2586 477 2656 quis
494 2587 579 2640 videt
596 2585 715 2640 Deum?
734 2586 803 2656 quis
818 2586 960 2656 intelligit
975 2586 1047 2656 quid
1066 2585 1171 2641 Deus?
1193 2586 1260 2657 quis

133 2665 215 2733 capit
227 2666 309 2735 quod
328 2664 410 2719 Deus
423 2676 508 2735 regat
523 2678 554 2719 et
569 2682 671 2736 regere
684 2667 781 2735 possit
794 2667 967 2719 universum
982 2682 1017 2719 ac
1032 2667 1139 2720 omnia
1153 2677 1185 2720 et
1200 2666 1260 2720 sin·

132 2745 204 2815 gula
217 2744 303 2814 ejus?
343 2742 427 2814 Quis,
441 2745 498 2798 nisi
518 2746 602 2814 plebs
620 2756 651 2799 et
670 2745 787 2815 vulgus,
799 2745 937 2815 agnoscit
949 2746 1030 2816 quod
1052 2762 1113 2799 non
1127 2746 1213 2799 videt
1225 2760 1260 2799 ac

134 2824 294 2895 intelligit?
331 2823 411 2895 Quid
422 2825 590 2879 exstantius
600 2836 646 2879 est
657 2841 746 2895 quam
757 2826 838 2895 quod
850 2835 956 2879 natura
964 2826 1003 2879 sit
1013 2841 1105 2879 omne
1118 2825 1149 2879 in
1163 2826 1260 2880 omni·

133 2903 210 2957 bus?
246 2902 322 2976 Quis
331 2904 409 2957 vidit
418 2904 499 2957 aliud
512 2905 602 2958 oculo
611 2921 701 2975 quam
712 2903 869 2958 naturam?
888 2904 956 2974 quis
969 2905 1086 2958 audivit
1095 2905 1178 2959 aliud
1189 2920 1260 2960 aure

132 3000 221 3055 quarn
237 2984 396 3038 naturam?
414 2985 482 3055 quis
495 2986 634 3040 odoravit
646 2986 728 3039 aliud
743 3002 813 3040 nare
824 3002 913 3056 quam
926 2988 1090 3044 naturam?
1107 2989 1178 3060 quis
1190 3005 1260 3059 gus-

132 3066 208 3120 tavit
223 3066 303 3119 aliud
319 3065 421 3136 lingua
436 3082 525 3137 quarn
542 3066 703 3120 naturam?
720 3068 788 3137 quis
803 3069 905 3139 aliquo
919 3067 1002 3123 tatlu
1019 3086 1129 3125 manus
1144 3082 1177 3125 et
1195 3087 1260 3126 cor·

133 3145 214 3216 poris
232 3145 326 3199 sensit
344 3146 425 3199 aliud
444 3161 534 3216 quam
555 3145 714 3200 naturam?
752 3146 868 3202 Suntne
883 3165 990 3203 sensus
1008 3151 1146 3220 corporis
1165 3151 1259 3205 nostri

133 3225 190 3279 soli
206 3236 300 3279 testes
312 3225 493 3280 veritatum?
511 3226 579 3296 quis
595 3243 655 3280 non
672 3238 774 3296 potest
792 3244 830 3281 ex
846 3228 905 3282 illis
919 3229 1026 3298 jurare,
1039 3230 1122 3299 quod
1140 3230 1185 3284 ita
1198 3229 1259 3284 sit?

134 3303 250 3359 Suntne
263 3304 363 3375 capita
375 3316 476 3359 vestra
489 3305 518 3358 in
533 3305 662 3359 natura?
682 3307 761 3360 unde
776 3307 906 3362 influxus
919 3308 948 3361 in
962 3309 1166 3378 cogitationes
1178 3310 1259 3379 capi·

133 3396 198 3438 tum
213 3385 268 3439 nisi
283 3401 320 3438 ex
334 3383 405 3439 illa?
443 3384 569 3440 Aulerte
586 3385 675 3446 illam,
686 3403 757 3439 num
771 3387 899 3456 potestis
911 3388 1044 3458 cogitare
1057 3388 1220 3459 quicquam
1230 3388 1260 3444 ?”

135 3463 261 3518 Praeter
274 3465 358 3534 plura
371 3465 476 3519 similis
489 3465 602 3519 farinae
615 3466 681 3520 alia

189 3543 245 3599 His
263 3545 375 3617 auditis
390 3545 488 3615 angeli
509 3546 739 3615 respondebant,
754 3545 842 3600 “Vos
861 3546 904 3599 ita
922 3545 1080 3616 loquimini
1095 3547 1170 3617 quia
1188 3548 1261 3603 estis

134 3640 214 3678 mere
227 3625 397 3686 sensuales;
416 3641 522 3679 omnes
538 3625 567 3678 in
582 3625 705 3679 infernis
719 3626 801 3679 ideas
813 3626 1032 3696 cogitationum
1043 3627 1183 3681 sensibus
1196 3643 1262 3680 cor·

135 3704 215 3774 poris
223 3704 335 3758 habent
345 3705 507 3766 immersas,
516 3721 570 3759 nec
581 3717 708 3774 possunt
717 3722 809 3774 supra
817 3706 885 3760 illos
894 3707 1009 3760 elevare
1018 3717 1153 3766 mentes:
1168 3721 1261 3777 quare

135 3799 190 3838 nos
204 3784 388 3854 ignoscimus
401 3784 502 3844 vobis:
521 3785 585 3838 vita
598 3785 712 3838 maliet
726 3785 795 3839 inde
808 3783 883 3838 fides
898 3784 962 3839 lalsi
976 3784 1103 3840 occlusit
1118 3785 1263 3841 interiora

135 3865 245 3919 mentis
255 3877 379 3926 vestrae.
392 3881 486 3935 usque
500 3877 534 3919 ut
546 3866 676 3920 elevatio
689 3883 779 3936 supra
788 3867 939 3920 sensualia
948 3867 1026 3936 apud
1038 3883 1093 3921 vos
1104 3882 1165 3920 non
1177 3866 1262 3921 dabi-

135 3944 172 3999 lis
184 3945 232 4005 sit,
247 3945 303 3999 nisi
319 3946 347 3998 ln
361 3957 442 3999 statu
457 3957 574 4000 remoto
588 3962 606 3999 a
622 3946 708 4000 malis
721 3946 801 4000 vitae
816 3957 847 4000 et
862 3962 880 4000 a
896 3945 979 4000 falsis
992 3944 1078 4007 fidei;
1097 3962 1169 4000 narn
1182 3957 1261 4001 sata

134 4040 187 4079 nas
199 4040 293 4095 aeque
306 4041 341 4079 ac
354 4026 477 4095 angelus
490 4037 592 4095 potest
606 4026 774 4096 intelligere
784 4042 887 4080 verum
897 4042 966 4080 cum
982 4026 1011 4079 id
1025 4025 1119 4087 audit.
1130 4027 1185 4080 sed
1200 4042 1261 4080 non

134 4105 252 4167 retinet,
266 4105 336 4175 quia
349 4106 461 4159 malurn
475 4106 629 4160 oblitterat
638 4122 751 4166 verum.
761 4121 797 4160 ac
811 4105 926 4160 inducit
936 4105 1053 4160 falsum.
1090 4105 1150 4161 Sed
1166 4107 1262 4177 perci·

135 4185 232 4255 pimus
242 4186 324 4255 quod
338 4201 392 4239 vos
404 4201 482 4239 nunc
492 4185 558 4239 sitis
572 4186 601 4239 in
615 4197 695 4240 statu
707 4197 832 4246 remoto,
843 4197 875 4240 et
888 4186 968 4257 quod
982 4185 1024 4239 sic
1035 4185 1159 4255 possitis
1174 4186 1262 4241 intel·

136 4266 228 4336 ligere
237 4282 338 4319 verum
348 4267 429 4336 quod
440 4266 605 4336 loquimur;
621 4283 713 4336 quare
721 4267 871 4322 attendite
880 4267 918 4321 ad
930 4266 1003 4320 hacc
1011 4282 1087 4336 quae
1097 4267 1262 4322 dicemus.”

190 4349 226 4402 Et
240 4349 395 4404 dixerunt:
415 4357 430 4376 “
441 4349 551 4403 Fuistis
565 4348 593 4401 in
610 4349 723 4402 mundo
738 4348 872 4409 naturali.
883 4360 914 4402 et
927 4347 1064 4402 obivistis
1075 4347 1125 4408 ibi,
1136 4358 1168 4402 et
1182 4363 1262 4403 nunc

135 4428 207 4484 estis
222 4429 249 4482 in
265 4430 377 4484 mundo
390 4429 557 4500 spirituali:
577 4445 647 4483 num
662 4429 845 4500 priusquam
859 4443 939 4483 nunc
951 4426 1081 4484 scivistis
1093 4428 1209 4500 aliquid
1223 4428 1262 4484 de
