2782 5026
335 109 886 176 DEAMORECONJUGIAL1.-N.
908 95 978 177 364.
1151 96 1214 177 287

73 281 177 347 salso.
234 280 288 347 At
311 282 485 346 sciendum
509 289 562 344 est
585 282 676 363 quod
700 290 842 365 uterque
864 301 961 345 amor
987 281 1031 344 sit
1061 278 1214 345 infinitae

75 379 274 442 varietatis.
323 377 400 440 Hoc
421 386 520 460 patet
547 376 726 440 manifeste
754 397 798 440 ex
826 376 958 457 angelis
981 375 1078 451 caeli,
1101 386 1137 440 et
1167 397 1213 439 ex

77 475 260 556 spiritibus
276 472 414 536 inferni:
439 472 473 535 hi
491 482 527 536 et
547 472 595 535 illi
614 473 647 534 in
664 472 792 535 mundo
808 472 974 553 spirituali
990 481 1069 535 sunt
1084 471 1214 549 formae

78 570 130 631 sui
156 569 297 642 amoris,
315 576 350 631 et
374 578 490 631 tamen
515 587 583 630 non
607 567 709 630 datur
731 586 817 629 unus
836 567 980 647 angelus
1000 566 1086 630 caeli
1109 568 1212 630 abso·

79 663 155 726 lute
176 664 298 726 similis
316 662 425 736 alteri,
444 663 555 743 quoad
575 662 705 737 faciem,
726 661 908 742 loquelam,
927 682 1073 742 gressus,
1091 671 1211 744 gestus

79 770 116 822 et
151 778 278 832 mores,
299 777 409 839 neque
437 758 557 839 aliquis
577 757 714 838 spiritus
737 756 877 833 inferni,
912 758 1017 819 immo
1045 776 1109 820 nec
1139 757 1212 818 dari

79 863 206 934 potest
230 855 263 915 in
288 863 477 926 aeternum,
498 863 669 934 utcunque
689 851 960 933 multiplicantur
983 852 1016 914 in
1040 852 1211 932 myriades

81 949 288 1029 myriadum.
333 947 418 1010 Inde
442 959 551 1030 patet,
572 948 662 1030 quod
682 968 815 1011 amores
839 949 907 1012 sint
927 947 1080 1012 infinitae
1099 949 1210 1010 varie·

79 1047 180 1119 tatis,
198 1046 276 1126 quia
291 1043 419 1107 formae
436 1044 569 1107 illorum
587 1043 675 1108 tales
691 1055 780 1107 sunt.
826 1043 942 1108 Simile
959 1055 1013 1108 est
1029 1064 1106 1108 cum
1122 1044 1209 1118 zelo,

79 1141 164 1222 quia
188 1139 241 1202 hic
269 1150 322 1202 est
345 1141 491 1217 amoris;
523 1159 657 1221 nempe,
681 1141 772 1221 quod
796 1160 864 1203 non
889 1141 962 1203 dari
984 1151 1088 1223 queat
1113 1142 1210 1203 unius

77 1235 178 1298 zelus
197 1235 355 1298 absolute
375 1236 494 1298 similis
512 1256 572 1298 seu
591 1236 681 1298 idem
701 1255 777 1298 cum
798 1235 873 1298 zelo
892 1235 1042 1298 alterius.
1088 1236 1127 1299 In
1147 1257 1209 1318 ge·

77 1342 170 1395 nere
190 1342 244 1394 est
264 1330 356 1393 zelus
375 1332 500 1393 amoris
519 1331 610 1403 boni,
631 1340 666 1393 et
684 1331 775 1394 zelus
794 1334 918 1394 amoris
939 1333 1028 1395 mali.

147 1426 251 1508 363·
283 1424 357 1507 (iv.)
391 1424 488 1502 Quod
511 1424 603 1487 aelus
633 1426 758 1488 arnoris
789 1426 873 1500 boni,
901 1436 933 1489 et
961 1428 1053 1491 zelus
1080 1429 1207 1491 amoris

78 1522 179 1594 mali,
204 1522 239 1584 in
262 1521 408 1584 externis
427 1520 497 1583 sibi
514 1520 640 1583 similes
663 1521 742 1594 sint,
762 1522 825 1584 sed
844 1523 878 1584 in
901 1522 1043 1585 internis
1062 1534 1207 1604 prorsus

74 1615 425 1680 adsimiles—zelus
448 1617 481 1679 in
505 1618 660 1679 externis
679 1618 768 1698 apud
788 1619 1046 1699 unumquemvis
1065 1630 1209 1700 apparet

76 1716 173 1776 sicut
202 1714 250 1775 ira
279 1722 315 1775 et
346 1712 648 1786 excandescentia,
674 1723 727 1776 est
752 1715 842 1775 enim
866 1732 961 1776 amor
984 1715 1142 1777 incensus
1172 1725 1208 1780 et

75 1807 317 1871 inflammatus
346 1806 389 1868 ad
424 1807 607 1870 tutandum
638 1827 675 1870 se
708 1817 830 1870 contra
858 1807 1073 1883 violatorem,
1098 1820 1133 1873 et
1163 1812 1208 1873 ad

76 1902 331 1966 removendum
358 1901 464 1964 illum.
513 1900 634 1975 Causa,
660 1902 752 1984 quod
784 1901 876 1965 zelus
906 1905 1030 1966 amoris
1062 1904 1141 1967 boni
1168 1917 1209 1971 ¹et

80 1997 180 2061 zelus
199 1999 324 2059 amoris
347 1996 427 2058 mali
450 2006 637 2077 appareant
661 1996 788 2059 similes
811 1999 844 2060 in
868 1999 1033 2072 externis,
1054 2011 1107 2063 est
1131 2001 1208 2081 quia

76 2113 181 2157 amor
211 2093 292 2154 dum
322 2093 355 2153 in
387 2091 460 2154 zelo
484 2101 548 2165 est,
569 2092 658 2173 apud
689 2102 868 2174 utrumque
891 2093 1025 2174 flagrat,
1049 2104 1086 2158 at
1118 2098 1206 2177 apud

75 2187 405 2252 hominembonum
426 2187 530 2249 modo
552 2187 586 2249 in
609 2188 775 2262 externis,
792 2188 853 2250 sed
876 2190 966 2268 apud
987 2189 1113 2252 malum
1137 2201 1206 2255 tam

75 2287 115 2348 in
135 2284 292 2347 externis
312 2303 412 2365 quam
432 2283 464 2344 in
484 2283 646 2359 internis;
671 2293 706 2346 et
726 2283 806 2345 dum
826 2284 962 2346 interna
980 2304 1049 2347 non
1069 2288 1206 2367 conspi-

72 2383 229 2452 ciuntur,
244 2388 410 2460 apparent
431 2378 493 2441 zeli
512 2378 639 2440 similes
658 2378 692 2441 in
711 2380 885 2441 externis:
910 2389 947 2443 at
963 2379 1053 2460 quod
1071 2400 1206 2461 prorsus

72 2474 266 2538 dissimiles
282 2475 350 2536 sint
366 2475 400 2536 in
416 2473 571 2547 internis,
588 2473 622 2536 in
640 2493 722 2536 mox
734 2483 899 2554 sequente
914 2475 1059 2538 articulo
1075 2477 1206 2540 videbi·

69 2583 147 2636 tur.
186 2569 288 2652 Quod
301 2568 393 2632 zelus
409 2579 574 2651 appareat
593 2571 626 2631 in
640 2570 794 2633 externis
811 2570 898 2633 sicut
917 2571 965 2633 ira
980 2583 1015 2634 et
1031 2573 1206 2636 excande-

70 2668 227 2739 scentia,
249 2665 354 2727 videri
386 2675 422 2728 et
451 2665 558 2727 audiri
584 2675 701 2745 potest
730 2685 775 2727 ex
804 2666 961 2727 omnibus
987 2667 1043 2747 qui
1066 2688 1110 2730 ex
1131 2668 1207 2754 pelo

69 2761 269 2843 loquuntur
281 2770 316 2823 et
330 2770 459 2841 agunt,
482 2769 520 2822 ut
539 2778 600 2840 pro
618 2758 792 2840 exemplo,
803 2780 849 2822 ex
868 2761 1048 2824 sacerdote
1061 2762 1141 2825 dum
1160 2784 1206 2828 ex

73 2857 160 2919 zelo
175 2857 410 2928 concionatur,
424 2855 516 2935 quod
534 2874 638 2916 sonus
658 2853 813 2935 loquelae
830 2853 901 2934 ejus
919 2855 963 2919 sit
982 2856 1083 2931 altus,
1101 2857 1206 2922 vehe-

64 2973 193 3027 1nens,
213 2972 292 3014 acer
315 2961 350 3013 et
373 2970 483 3030 asper.
504 2950 595 3030 quod
614 2949 716 3012 iacies
736 2948 806 3029 ejus
825 2949 1012 3014 incalescat
1033 2961 1069 3015 et
1092 2954 1205 3028 sudet,

67 3048 176 3130 quod
190 3046 308 3111 efferat
326 3067 373 3120 se,
388 3046 555 3127 pulpitum
568 3044 738 3119 verberet,
752 3055 788 3107 et
801 3056 922 3108 contra
938 3046 1103 3111 iacientes
1116 3051 1206 3114 mala

63 3141 200 3223 ignem
220 3162 265 3204 ex
284 3141 415 3204 inferno
434 3148 574 3202 evocet:
599 3139 755 3202 similiter
774 3138 873 3203 multi
892 3140 958 3203 alii.

146 3237 252 3319 364·
281 3236 332 3300 Ut
355 3232 518 3299 distineta
548 3235 625 3298 idea
655 3235 698 3297 de
728 3234 802 3298 zelo
830 3237 920 3317 apud
950 3237 1071 3312 bonos,
1095 3247 1131 3302 et
1162 3240 1206 3303 de

77 3331 161 3396 zelo
183 3332 273 3414 apud
296 3330 417 3405 malos,
437 3350 477 3393 ac
500 3330 544 3392 de
568 3329 703 3392 illorum
722 3330 1007 3406 dissimilitudine,
1028 3352 1206 3416 compare·

71 3440 150 3504 tur,
166 3445 347 3501 necessum
364 3435 417 3488 est
438 3423 504 3507 [ut]
525 3424 637 3505 aliqua
653 3424 731 3487 idea
749 3424 792 3487 de
810 3427 951 3489 internis
971 3439 1006 3490 et
1026 3428 1068 3490 de
1087 3441 1206 3493 exter·

76 3526 137 3586 :ris
156 3524 244 3605 apud
264 3522 420 3584 homines
439 3521 622 3596 formetur;
651 3529 688 3583 ut
712 3518 885 3595 formetur,
905 3523 949 3586 sit
973 3523 1015 3585 de
1039 3523 1105 3586 illis
1128 3526 1206 3589 idea

71 3619 229 3698 plebeia,
246 3617 325 3700 quia
340 3617 445 3678 etiam
465 3634 527 3696 pro
543 3614 653 3695 plebe.
691 3613 838 3679 Sistatur
854 3615 912 3679 illa
928 3637 987 3697 per
1006 3637 1127 3681 nucem
1146 3631 1206 3685 aut

75 3713 317 3796 amygdalum,
337 3730 377 3773 ac
397 3730 456 3792 per
474 3709 607 3773 illorum
626 3709 778 3773 nucleos.
823 3710 964 3775 Interna
983 3714 1072 3794 apud
1096 3715 1206 3779 bonos

78 3820 165 3872 sunt
184 3811 271 3872 sicut
289 3806 400 3870 nuclei
423 3807 515 3868 intus
538 3806 572 3867 in
594 3825 654 3867 sua
672 3805 876 3886 integritate
898 3818 934 3871 et
957 3809 1122 3885 bonitate,
1141 3812 1205 3875 cir·

84 3905 236 3968 cumdati
253 3924 314 3966 sua
329 3912 443 3966 crusta
455 3900 559 3963 solita
574 3910 610 3963 et
629 3900 764 3964 nativa:
788 3912 825 3965 at
844 3921 980 3983 prorsus
996 3905 1206 3972 dissimiliter

82 4001 175 4079 apud
197 4000 328 4076 malos;
361 3998 497 4061 interna
514 3995 649 4059 illorum
676 4005 756 4061 sunt
785 3999 872 4063 sicut
896 4000 1008 4063 nuclei
1037 4001 1093 4064 vel
1124 4022 1204 4084 prae

89 4096 311 4162 amaritudine
327 4091 422 4160 ¹¹¹non
438 4090 569 4170 edules,
585 4089 640 4155 vel
669 4102 798 4175 putres,
826 4093 882 4158 vel
911 4096 1134 4177 vermiculati,
1168 4109 1205 4166 at
