2782 5026
411 114 957 182 ouxnonucouJuoriu1.-u.
980 101 1051 183 360.
1223 101 1284 183 ²85

134 299 223 364 est,
244 287 329 372 quia
348 306 444 351 amor
461 296 607 352 estesse
626 285 720 350 vitae
736 284 893 359 hominis,
910 306 1013 369 quare
1029 287 1086 369 qui
1104 284 1286 368 impugnat

134 403 329 458 amorem,
346 385 525 465 impugnat
545 384 653 464 ipsam
670 382 797 458 vitam;
821 390 857 445 et
874 379 910 445 fit
928 390 1010 445 tunc
1026 391 1139 446 status
1154 401 1285 445 excan-

132 479 361 543 descentiae
394 488 515 542 contra
547 479 835 559 impugnatorem,
870 477 958 540 sicut
990 487 1104 540 status
1136 476 1285 558 cujusvis

131 574 324 650 hominis,
348 593 449 657 quem
479 573 568 637 alter
597 573 799 654 aggreditur
821 572 986 635 occidere.
1030 571 1127 635 Talis
1153 592 1284 636 excan-

129 671 343 734 descentia
358 678 412 733 est
428 670 533 733 cuivis
548 670 667 742 amori,
684 669 789 730 etiam
805 686 937 730 summe
954 666 1106 749 pacifico,
1120 677 1158 732 ut
1176 669 1285 731 mani·

127 765 245 829 feste
267 765 403 828 videtur
425 785 470 828 ex
494 763 641 846 gallinis,
662 763 849 837 anseribus,
869 764 988 827 avibus
1007 764 1117 826 omnis
1135 763 1283 844 generis,

134 860 251 943 quod
284 860 411 941 absque
437 860 559 922 timore
588 860 766 940 insurgant
796 868 918 921 contra
947 858 1035 933 illos,
1059 879 1099 922 ac
1127 857 1283 922 involent

134 955 237 1030 illis,
260 957 317 1037 qui
337 954 477 1018 laedunt
497 953 619 1036 pullos,
640 966 699 1017 aut
718 954 874 1016 auserunt
892 973 1008 1017 escas:
1034 954 1125 1035 quod
1145 955 1284 1036 quibus·

135 1051 238 1114 darn
269 1050 390 1113 bestiis
419 1050 465 1112 sit
494 1049 679 1123 iracundia,
709 1068 749 1111 ac
779 1048 857 1112 seris
888 1048 989 1122 luror,
1020 1050 1047 1110 si
1077 1047 1285 1112 infestantur

137 1145 277 1219 catuli,
302 1155 361 1207 aut
379 1144 529 1207 aufertur
547 1144 684 1224 praeda,
705 1155 826 1207 notum
845 1154 908 1207 est.
955 1142 1057 1225 Quod
1077 1162 1173 1206 amor
1188 1144 1282 1206 dica·

133 1252 211 1304 tur
230 1239 377 1321 flagrare
400 1240 487 1303 sicut
509 1240 608 1320 ignis,
626 1251 679 1303 est
698 1239 776 1322 quia
794 1259 890 1303 amor
909 1259 977 1302 non
997 1238 1088 1301 aliud
1107 1248 1161 1302 est
1180 1257 1282 1319 quam

137 1335 253 1399 calor
277 1333 471 1416 spiritualis,
496 1334 657 1397 oriundus
684 1355 729 1397 ex
757 1335 837 1415 igne
860 1333 941 1396 solis
964 1333 1122 1415 angelici,
1147 1335 1203 1416 qui
1227 1345 1282 1397 est

130 1451 261 1512 purus
274 1448 388 1492 amor:
412 1429 503 1511 quod
520 1448 615 1493 amor
626 1430 670 1492 sit
687 1429 780 1493 calor
793 1431 880 1493 sicut
897 1451 942 1492 ex
958 1430 1048 1510 igne,
1063 1438 1159 1511 patet
1172 1430 1281 1492 mani·

134 1526 244 1590 feste
269 1546 314 1588 ex
337 1524 454 1588 calore
474 1544 654 1606 corporum
673 1526 876 1597 viventium,
897 1525 952 1606 qui
977 1544 1046 1587 non
1071 1523 1208 1587 aliunde
1227 1534 1282 1587 est

141 1640 260 1703 quarn
283 1642 328 1683 ex
353 1639 469 1683 amore
493 1620 649 1695 illorum;
680 1629 752 1682 tum
775 1620 866 1701 quod
890 1619 1046 1682 homines
1068 1618 1281 1683 incalescant

143 1727 191 1779 et
217 1715 472 1779 inflammentur
494 1715 681 1778 secundum
706 1717 831 1777 amoris
854 1714 1099 1778 exaltationes.
1143 1713 1201 1777 Ex
1228 1713 1280 1777 his

144 1820 268 1892 patet,
288 1810 379 1892 quod
399 1809 491 1872 zelus
510 1811 554 1873 sit
574 1811 661 1873 sicut
681 1810 773 1890 ignis
791 1810 916 1873 amoris
934 1808 1093 1889 flagrans.

219 1917 323 1988 359·
349 1903 411 1986 (ii.)
438 1903 535 1981 Quod
537 1904 707 1988 flagratio
722 1925 779 1966 seu
785 1902 930 1987 flamma
941 1903 1034 1966 illius
1046 1903 1182 1976 amoris,
1197 1923 1282 1985 quae

151 2009 209 2062 est
230 1998 332 2074 aelus,
357 2000 404 2062 si!
417 1998 587 2082 flagratio
609 2020 666 2061 seu
679 1998 823 2082 stamma
845 1998 1047 2079 spiritualis,
1070 1997 1212 2061 meando
1237 2019 1281 2060 ex

158 2095 374 2174 infestationi
395 2103 427 2156 et
452 2093 703 2175 impugnatione
723 2091 1007 2174 amoris—Quod
1031 2092 1123 2156 zelus
1146 2093 1191 2155 sit
1218 2092 1278 2156 lia·

150 2191 269 2271 gratio
287 2210 347 2252 seu
365 2189 502 2252 flamma
521 2189 716 2271 spiritualis,
736 2210 782 2252 ex
806 2187 1007 2270 supradidiis
1027 2198 1136 2272 patet.
1181 2186 1276 2269 Quo·

152 2287 247 2348 niam
268 2304 364 2348 amor
382 2285 415 2347 in
436 2285 564 2347 mundo
583 2284 748 2365 spirituali
767 2294 821 2347 est
841 2284 934 2347 calor
952 2285 1112 2348 oriundus
1135 2305 1181 2346 ex
1204 2283 1277 2347 sole

154 2381 211 2454 ibi,
229 2381 307 2444 ideo
323 2381 426 2443 etiam
443 2399 539 2443 amor
555 2401 574 2442 e
590 2379 778 2460 longinquo
794 2389 937 2461 apparet
954 2380 1000 2442 ibi
1016 2381 1103 2442 sicut
1119 2378 1276 2456 flamma;

157 2475 204 2538 ita
230 2495 326 2537 amor
349 2475 510 2538 caelestis
533 2476 622 2556 apud
647 2474 791 2555 angelos
814 2475 920 2552 caeli;
952 2475 1001 2537 ita
1024 2495 1157 2557 quoque
1182 2495 1277 2538 amor

158 2570 326 2633 infernalis
345 2570 434 2651 apud
453 2571 588 2653 spiritus
607 2569 744 2633 inferni:
773 2580 810 2633 at
833 2570 1007 2632 sciendum
1027 2571 1081 2633 est'
1104 2570 1195 2652 quod
1218 2570 1278 2635 illa

159 2663 293 2728 flamma
324 2685 393 2728 non
424 2676 515 2740 urat,
540 2667 628 2729 sicut
654 2665 792 2728 flamma
814 2665 931 2727 mundi
953 2666 1128 2728 naturalis.
1174 2664 1276 2746 Quod

160 2761 248 2824 zelus
272 2763 400 2825 oriatur
422 2782 467 2824 ex
491 2761 749 2842 impugnatione
768 2761 904 2835 amoris,
925 2772 978 2825 est
1002 2763 1080 2844 quia
1103 2781 1199 2824 amor
1221 2773 1275 2827 est

160 2857 247 2920 calor
270 2859 363 2921 vitae
386 2857 550 2938 cujusvis;
575 2879 677 2940 quare
702 2877 779 2921 cum
806 2877 901 2920 amor
928 2859 1020 2921 vitae
1043 2859 1275 2940 impugnatur,
1375 2847 1378 2857 ’

160 2952 249 3016 calor
267 2953 360 3015 vitae
379 2952 538 3016 accendit
556 2973 604 3027 se,
621 2953 761 3028 resistit,
779 2962 814 3016 et
834 2954 981 3034 erumpit
1000 2965 1121 3017 contra
1140 2955 1275 3035 impug-

160 3059 322 3123 natorem,
343 3058 379 3110 et
403 3049 475 3130 agit
494 3049 582 3112 sicut
605 3048 715 3111 hostis
738 3069 783 3111 ex
806 3069 867 3111 sua
888 3050 921 3111 vi
944 3059 980 3111 et
1004 3050 1171 3131 potentia,
1189 3070 1275 3131 quae

160 3154 207 3206 est
226 3145 314 3207 sicut
330 3143 466 3206 flamma
484 3165 529 3205 ex
549 3145 628 3225 igne
644 3163 826 3225 erumpens
844 3145 877 3206 in
896 3154 1087 3207 emotorem
1104 3143 1193 3224 ejus;
1218 3146 1274 3225 qui

161 3238 245 3317 quod
264 3239 309 3301 sit
329 3240 417 3301 sicut
433 3238 532 3319 ignis,
550 3249 692 3320 apparet
712 3260 756 3302 ex
777 3238 884 3302 oculis
899 3239 990 3320 quod
1010 3239 1211 3313 scintillent,
1228 3260 1274 3302 ex

160 3328 237 3395 facie
249 3333 341 3416 quod
358 3333 596 3408 inflammetur,
610 3344 683 3396 tum
700 3354 744 3396 ex
760 3332 917 3415 loquelae
930 3353 1026 3407 sono,
1041 3355 1153 3416 exque
1166 3335 1273 3415 gesti·

161 3423 235 3490 bus:
259 3428 324 3491 hoc
341 3427 421 3491 facit
440 3448 546 3502 amor,
564 3430 642 3510 quia
660 3440 714 3492 est
733 3428 826 3492 calor
842 3428 944 3503 vitae,
962 3448 1004 3491 ne
1020 3431 1273 3509 exstinguatur,

161 3531 191 3584 et
218 3542 295 3586 cum
325 3523 385 3586 illo
411 3525 521 3586 omnis
544 3523 714 3602 alacritas,
738 3523 913 3599 vivacitas,
938 3535 974 3587 et
1004 3524 1274 3605 perceptibilitas

161 3613 302 3695 jucundi,
323 3639 368 3682 ex
388 3639 450 3682 suo
469 3638 595 3683 amore.

216 3716 322 3796 36⁰·
353 3711 538 3794 Quomodo
567 3734 663 3778 amor
691 3714 883 3778 incenditur
912 3723 948 3778 et
982 3714 1206 3779 excandescit
1239 3715 1273 3778 in

162 3806 274 3884 zelum,
304 3809 393 3872 sicut
423 3810 511 3890 ignis
545 3811 577 3872 in
608 3809 791 3884 flammam,
822 3831 867 3873 ex
898 3810 1159 3892 impugnatione
1189 3808 1272 3890 ejus,

161 3899 296 3967 dicetur.
342 3904 453 3968 Amor
471 3905 600 3969 residet
619 3906 652 3967 in
672 3906 852 3969 voluntate
875 3905 1042 3983 hominis;
1066 3905 1127 3967 sed
1147 3905 1180 3967 in
1200 3906 1273 3986 ipsa

160 3997 333 4064 voluntate
347 4020 415 4064 non
428 4001 638 4076 accenditur,
652 4022 767 4065 verum
787 4003 820 4064 in
836 3999 1035 4079 intelledtu;
1059 4010 1112 4064 est
1128 4001 1219 4064 enim
1238 4002 1272 4063 in

158 4093 332 4161 voluntate
347 4097 435 4160 sicut
451 4098 550 4180 ignis,
568 4107 603 4162 et
622 4099 656 4162 in
673 4095 852 4162 intelledtu
868 4099 954 4163 sicut
971 4096 1117 4161 flamma
1161 4095 1273 4162 Amor
