2782 5026
144 415 207 480 286
489 428 672 479 usmcma
694 427 924 479 sxnraurma

141 604 175 666 in
194 602 375 667 voluntate
393 600 437 665 de
460 622 497 665 se
521 602 605 665 nihil
623 602 700 676 scit,
719 601 797 684 quia
815 599 900 665 nihil
923 600 974 663 sui
997 598 1044 664 ibi
1063 600 1181 674 sentit,
1199 618 1250 664 nec

141 719 161 761 a
183 719 221 761 se
238 699 284 761 ibi
300 699 384 778 agit,
405 699 465 761 sed
485 696 552 761 hoc
571 696 610 760 fit
632 698 666 760 in
686 693 864 761 intelleetu
881 705 918 759 et
941 695 1013 776 ejus
1032 696 1250 778 cogitatione3

141 814 246 877 quare
263 812 340 857 cum
359 813 456 856 amor
474 793 707 874 impugnatur,
727 803 809 856 tunc
833 812 870 854 se
893 792 1084 855 exacerbat
1108 793 1141 853 in
1164 790 1252 853 intel·

143 885 245 961 ledtu,
268 887 361 971 quod
385 886 422 950 fit
446 907 506 968 per
528 888 621 950 varia
643 887 842 963 ratiocinia;
872 886 957 948 haec
982 886 1165 949 ratiocinia
1186 896 1253 950 sunt

140 984 227 1046 sicut
256 982 360 1064 ligna,
384 1002 470 1063 quae
500 982 589 1062 ignis
618 982 781 1054 incendit,
805 991 841 1044 et
871 1001 958 1063 quae
988 981 1068 1043 inde
1099 980 1254 1061 flagrant;

141 1089 220 1143 sunt
239 1079 355 1160 itaque
379 1077 437 1139 illa
461 1078 548 1139 sicut
572 1077 719 1140 totidem
739 1076 903 1149 fomenta,
922 1085 981 1137 aut
1005 1076 1095 1138 sicut
1120 1075 1257 1138 totidem

141 1175 306 1237 materiae
319 1172 586 1244 combustibiles,
601 1192 646 1233 ex
663 1172 783 1253 quibus
796 1169 833 1234 lit
848 1169 1032 1250 spiritualis
1044 1169 1105 1232 illa
1118 1169 1258 1242 flamma,

140 1288 227 1351 quae
247 1267 375 1330 multae
394 1267 572 1329 varietatis
590 1277 654 1329 est.

202 1362 303 1444 361·
335 1360 437 1442 Quod
454 1360 559 1424 homo
574 1362 782 1425 accendatur
798 1381 843 1422 ex
860 1360 1123 1441 impugnatione
1139 1359 1262 1422 amoris

140 1456 221 1539 ejus,
241 1457 412 1538 aperietur
431 1458 505 1537 ipsa
522 1474 635 1519 causa.
681 1455 807 1518 Forma
822 1454 971 1517 humana
995 1456 1028 1517 in
1048 1456 1179 1518 intimis
1197 1455 1263 1516 suis

140 1572 160 1615 a
176 1553 348 1615 creatione
364 1562 418 1615 est
434 1550 543 1614 forma
555 1551 679 1614 amoris
694 1562 731 1614 et
746 1551 935 1631 sapientiae
949 1571 957 1626 ;
981 1551 1015 1612 in
1032 1549 1172 1613 homine
1185 1561 1262 1613 sunt

139 1666 260 1710 omnes
275 1644 470 1710 affectiones
485 1647 621 1720 amoris,
635 1656 670 1708 et
686 1646 765 1708 inde
781 1665 901 1708 omnes
918 1645 1160 1727 perceptiones
1176 1646 1261 1727 sapi·

139 1743 254 1804 entiae
284 1743 318 1804 in
345 1738 592 1823 perledtissimo
618 1741 737 1804 ordine
768 1742 994 1821 compositae,
1019 1741 1069 1802 ita
1098 1750 1136 1803 ut
1166 1739 1262 1802 simul

140 1836 267 1901 saciant
286 1837 495 1911 unanimum,
515 1846 551 1899 et
574 1836 622 1898 sic
646 1855 769 1912 unum3
797 1846 880 1899 sunt
899 1834 977 1898 illae
996 1836 1261 1911 substantiatae,

140 1952 219 1994 narn
259 1933 474 1996 substantiae
512 1941 592 1995 sunt
630 1929 782 2012 subjecta
819 1930 963 1994 illarum.
1019 1929 1106 1994 Cum
1148 1932 1260 2015 itaque

139 2026 288 2090 humana
305 2026 412 2092 forma
431 2048 476 2089 ex
496 2026 563 2089 illis
582 2027 774 2107 composita
792 2036 858 2100 est,
875 2035 984 2108 patet,
1002 2026 1106 2106 quod,
1124 2027 1152 2089 si
1169 2046 1261 2090 amor

138 2122 369 2204 impugnatur,
389 2123 492 2185 etiam
517 2123 675 2185 universa
705 2121 765 2185 illa
794 2121 903 2184 forma
932 2140 1008 2182 cum
1038 2122 1198 2184 omnibus
1226 2131 1259 2185 et

139 2218 281 2299 singulis
311 2218 356 2281 ibi
388 2219 421 2281 in
452 2219 596 2281 instanti
626 2238 686 2280 seu
715 2215 815 2279 simul
844 2218 1083 2298 impugnetur:
1119 2227 1156 2282 et
1185 2218 1258 2298 quia

137 2314 296 2377 omnibus
314 2314 400 2375 vivis
422 2334 443 2375 a
464 2314 641 2375 creatione
664 2312 809 2374 inditum
829 2322 883 2374 est
903 2311 991 2374 velle
1015 2312 1049 2374 in
1074 2331 1136 2374 sua
1154 2311 1258 2375 forma

138 2428 349 2490 permanere,
374 2407 439 2471 hoc
466 2408 540 2471 vult
568 2407 759 2471 communis
781 2425 968 2488 compages
997 2427 1018 2468 a
1046 2405 1202 2487 singulis,
1224 2415 1259 2469 et

137 2504 272 2584 singula
291 2525 310 2566 a
330 2505 523 2581 communi;
546 2503 626 2566 inde
646 2522 722 2564 cum
742 2521 838 2564 amor
857 2503 1087 2583 impugnatur,
1109 2502 1259 2566 defendit

137 2618 174 2661 se
205 2620 265 2680 per
286 2597 501 2663 intelled'tum
521 2618 628 2670 suurn,
649 2617 688 2660 ac
718 2593 916 2660 intellectus
939 2617 999 2680 per
1020 2596 1203 2660 rationalia
1224 2607 1258 2662 et

138 2711 201 2772 per
218 2691 453 2770 imaginativa,
470 2709 530 2771 per
544 2710 631 2773 quae
649 2689 713 2754 sibi
731 2701 970 2774 repraesentat
986 2701 1171 2770 eventum;
1193 2693 1254 2755 im-

140 2786 256 2866 primis
279 2804 338 2866 per
360 2784 429 2856 illa,
454 2804 541 2865 quae
563 2805 666 2847 unurn
690 2806 767 2850 cum
789 2806 918 2862 amore,
941 2787 998 2870 qui
1023 2788 1253 2869 impugnatur,

135 2887 262 2959 agunt:
294 2881 384 2961 quod
409 2880 471 2943 nisi
495 2879 603 2956 fieret,
627 2902 673 2943 ex
697 2881 888 2961 privatione
911 2881 999 2945 illius
1022 2886 1160 2959 amoris,
1184 2896 1259 2949 tota

135 2974 193 3036 illa
215 2973 324 3038 forma
347 2974 620 3040 labesad'taretur.
666 2977 751 3040 Inde
775 2997 863 3040 nunc
891 2988 944 3041 est
970 2979 1060 3060 quod
1089 2999 1198 3055 amor,
1223 2989 1257 3044 ut

135 3069 273 3133 resistat
292 3071 618 3151 impugnationibus,
636 3073 848 3136 substantias
863 3071 990 3137 formae
1009 3093 1090 3136 suae
1109 3075 1256 3149 induret,

134 3182 173 3225 ac
197 3165 307 3245 erigat
330 3167 425 3247 quasi
448 3167 480 3228 in
505 3168 637 3239 cristas,
662 3167 808 3230 totidem
832 3168 980 3242 aculeos,
1001 3166 1066 3230 hoc
1090 3179 1156 3244 est,
1178 3172 1258 3233 cris·

134 3267 194 3338 pet
216 3278 274 3338 se;
303 3260 382 3323 talis
401 3271 454 3323 est
477 3262 702 3325 exacerbatio
721 3262 857 3336 amoris,
878 3283 963 3344 quae
982 3272 1127 3326 vocatur
1145 3263 1257 3327 zelus:

133 3373 236 3434 quare
266 3355 293 3416 si
323 3376 392 3419 non
423 3357 523 3420 datur
552 3359 651 3437 copia
680 3359 872 3432 resistendi,
896 3359 1002 3421 oritur
1030 3359 1193 3422 anxietas
1222 3371 1258 3423 et

133 3448 241 3525 dolor,
267 3451 344 3531 quia
374 3453 551 3533 praevidet
575 3451 843 3517 exstinctionem
867 3453 1036 3516 interioris
1059 3454 1153 3516 vitae
1181 3474 1258 3518 cum

128 3543 287 3624 jucundis
305 3545 386 3627 ejus.
432 3547 593 3611 Vicissim
613 3558 740 3622 autem,
761 3550 789 3611 si
807 3567 903 3611 amor
921 3547 1051 3611 favetur
1068 3559 1105 3612 et
1126 3549 1258 3613 mulce·

132 3651 197 3714 tur,
222 3640 330 3704 forma
353 3642 412 3704 illa
434 3644 581 3706 remittit
604 3664 651 3718 se,
671 3642 804 3706 emoliit
827 3664 874 3718 se,
899 3643 1022 3707 dilatat
1046 3664 1095 3718 se,
1115 3663 1155 3706 ac
1175 3645 1258 3708 sub·

131 3737 280 3799 stantiae
298 3736 428 3800 formae
447 3736 531 3823 ¹fiunt
551 3737 656 3814 lenes,
676 3738 837 3814 blandae,
856 3738 1058 3815 clementes,
1068 3749 1106 3803 et
1124 3738 1258 3804 lenoci-

131 3851 196 3894 nra.

194 3925 295 4007 362.
319 3925 393 4010 (iii.)
420 3927 518 4005 Quod
531 3927 623 3992 zelus
638 3927 768 3992 homini
784 3928 841 4005 sit,
862 3929 973 4012 qualis
991 3939 1042 3993 est
1057 3929 1129 4013 q’us
1146 3950 1255 4007 amor,

128 4020 179 4083 ita
193 4021 282 4085 alius
297 4023 351 4085 cui
362 4045 459 4086 amor
473 4023 574 4087 bonus
589 4035 650 4096 est,
666 4024 802 4088 elalius
816 4024 870 4087 cui
882 4045 978 4088 amor
989 4022 1255 4106 malua-Quo·

130 4117 221 4179 niam
245 4118 338 4181 zelus
360 4127 414 4181 est
436 4120 572 4194 amoris,
596 4121 747 4201 sequitur
769 4119 860 4202 quod
884 4119 963 4182 talis
986 4120 1041 4194 sit,
1065 4118 1177 4202 qualis
1201 4128 1255 4184 est

129 4230 243 4290 amor;
272 4224 308 4276 et
332 4216 409 4296 quia
428 4235 564 4277 amores
586 4215 619 4278 in
644 4235 771 4296 genere
795 4225 874 4279 sunt
898 4215 977 4289 bini,
997 4232 1092 4277 amor
1111 4215 1194 4278 boni
1218 4224 1254 4280 et

127 4306 207 4368 inde
226 4310 307 4384 veri,
327 4330 366 4371 ac
386 4329 482 4372 amor
501 4311 581 4373 mali
600 4320 635 4374 et
654 4311 733 4373 inde
751 4310 838 4384 falsi,
856 4310 934 4373 inde
953 4311 987 4372 in
1005 4329 1133 4389 genere
1152 4310 1255 4374 datur

128 4404 221 4466 zelus
240 4424 301 4486 pro
324 4405 416 4468 bono
439 4416 475 4469 et
497 4406 576 4468 inde
596 4425 688 4482 vero,
708 4415 744 4469 et
775 4404 868 4469 zelus
898 4424 959 4488 pro
981 4404 1074 4468 malo
1103 4415 1140 4470 et
1170 4406 1252 4469 inde
