2782 5026
203 439 269 519 408
541 450 788 508 vonurrarns
810 456 995 512 msamas

258 620 337 684 Dixi,
356 621 439 693 quod
465 638 586 694 prorsus
605 624 697 690 nihil;
723 636 755 680 et
778 627 860 697 quod
879 627 1022 684 latuerint
1040 645 1122 686 nunc
1142 647 1198 702 per
1213 634 1321 706 aliquot

203 701 298 755 millia
311 717 470 765 annomm,
482 719 591 773 nempe
604 720 699 775 usque
710 720 729 759 a
742 704 835 761 Hiobi
848 716 1002 778 tempore:
1026 720 1057 764 et
1070 712 1156 781 quod
1168 715 1249 785 apud
1263 716 1320 772 illos

202 781 255 851 qui
269 796 308 835 eo
322 792 459 852 tempore
474 792 505 837 et
519 793 590 838 ante
605 783 680 838 illud
695 785 842 846 vixerunt,
854 786 980 842 scientia
991 791 1320 859 correspondentianm

202 859 293 914 luerit
310 861 436 916 scientia
454 861 654 924 scientiarum,
670 879 708 918 ex
726 880 786 934 qua
804 865 862 921 illis
877 864 1030 936 sapientia.
1046 869 1119 938 quia
1136 871 1272 943 cognitio
1288 872 1319 928 de

201 937 406 1010 spiritualibus
419 956 495 1011 quae
505 941 579 996 caeli
591 953 622 996 et
636 941 706 997 inde
715 941 858 999 ecclesiae
867 954 953 1007 sunt:
972 946 1025 1000 sed
1036 948 1120 1018 quod
1130 950 1257 1006 scientia
1268 952 1318 1013 illa

201 1019 273 1089 quia
290 1035 378 1074 versa
395 1031 441 1074 est
459 1020 490 1074 in
510 1020 737 1084 idololatricam,
753 1039 790 1077 ex
810 1022 919 1078 Divina
935 1023 1059 1080 Domini
1076 1028 1269 1097 providentia
1285 1031 1319 1087 ita

201 1098 375 1153 oblitterata
386 1109 417 1154 et
433 1099 590 1170 deperdita
603 1101 652 1162 sit,
665 1112 700 1155 ut
714 1118 805 1156 nemo
816 1103 926 1157 viderit
937 1104 1060 1175 aliquod
1074 1107 1198 1177 signum
1210 1110 1249 1165 de
1263 1111 1318 1165 illa:

201 1178 254 1233 sed
267 1179 348 1249 quod
362 1194 456 1249 usque
469 1195 549 1233 nunc
560 1195 579 1234 a
592 1179 725 1235 Domino
737 1179 857 1237 detetla
867 1182 915 1244 sit,
929 1193 962 1236 ut
975 1182 1027 1237 fiat
1040 1185 1221 1256 conjunctio
1233 1189 1318 1244 homi·

201 1274 272 1310 num
286 1258 430 1312 ecclesiae
442 1274 511 1312 cum
526 1257 605 1329 ipso,
618 1270 649 1313 et
661 1260 847 1315 consociatio
859 1277 927 1316 cum
942 1263 1073 1333 angelis;
1092 1276 1125 1319 et
1140 1266 1218 1322 haec
1230 1267 1264 1323 fit
1275 1284 1319 1339 per

200 1335 342 1398 Verbum.
356 1337 387 1391 in
400 1354 463 1407 quo
474 1339 576 1394 omnia
588 1349 619 1393 et
631 1339 751 1410 singula
761 1342 1047 1411 correspondentiae
1059 1354 1141 1399 sunt„

255 1416 364 1489 Angeli
383 1417 470 1472 valde
488 1417 584 1489 gavisi
603 1428 683 1480 sunt,
698 1420 780 1488 quod
800 1419 945 1490 placuerit
964 1419 1099 1477 Domino
1115 1425 1250 1481 revelare
1268 1427 1318 1482 hot

201 1511 343 1566 magnum
356 1511 506 1557 arcanum.
516 1513 569 1568 per
577 1497 695 1568 aliquot
708 1498 801 1553 millia
813 1514 960 1553 annorum
973 1509 1036 1554 tam
1049 1503 1111 1556 alte
1120 1506 1321 1567 reconditum:

200 1586 232 1630 et
244 1576 393 1639 dixemnt,
403 1576 485 1647 quod
498 1576 557 1630 hoc
569 1576 609 1631 sit
622 1587 747 1648 propter
755 1577 855 1640 finem,
866 1588 901 1632 ut
914 1577 1048 1634 Ecclesia
1057 1579 1322 1656 christianaquae

200 1654 345 1710 fundatur
355 1671 446 1726 super
458 1654 570 1718 Verbo,
582 1667 614 1711 et
626 1673 706 1711 nunc
719 1657 749 1711 in
761 1671 818 1712 suo
831 1656 891 1711 tine
903 1667 958 1720 ert.
972 1658 1081 1713 iterum
1096 1662 1214 1717 revivat
1225 1675 1257 1719 et
1268 1675 1326 1720 tra·

200 1735 254 1790 hat
268 1735 406 1806 spiritum
425 1752 479 1806 per
496 1736 612 1790 caelum
630 1750 650 1790 a
669 1735 810 1791 Domino.
846 1733 1069 1808 Quaesiverunt
1085 1756 1158 1794 num
1176 1759 1230 1813 per
1246 1744 1324 1798 illam

199 1814 356 1870 scientiam
372 1814 463 1869 hodie
478 1813 630 1870 detectum
649 1815 698 1876 sit,
713 1815 786 1886 quid
803 1814 976 1885 Baptismus
994 1826 1025 1871 et
1044 1817 1119 1888 quid
1136 1819 1230 1876 Sacra
1244 1820 1328 1879 Cena

199 1893 378 1967 significant,
391 1894 429 1949 de
442 1894 552 1964 quibus
564 1903 626 1948 tam
640 1894 722 1948 varia
734 1894 793 1948 huc
806 1910 902 1965 usque
914 1896 1136 1967 cogitaverunt„

253 1973 292 2029 Et
306 1973 457 2044 respondi,
470 1973 552 2043 quod
565 1971 719 2028 detedlum
732 1973 782 2027 sit„

254 2053 319 2122 (rii.)
341 2052 437 2108 Porro
446 2053 517 2114 dixi,
527 2051 618 2124 Quod
627 2051 719 2107 hodie
732 2068 751 2107 a
763 2050 897 2108 Domino
906 2053 1072 2109 revelatum
1081 2055 1123 2110 sit
1133 2057 1172 2112 de
1182 2058 1330 2131 vitapost

199 2143 340 2188 mortem.

253 2213 402 2268 Dixerunt
416 2212 524 2285 angeli,
538 2210 643 2285 “Quid
663 2211 783 2267 devita
802 2222 873 2284 post
892 2211 1041 2271 mortem?
1078 2212 1156 2289 Quis
1178 2233 1240 2275 non
1258 2218 1325 2285 scit,

197 2293 279 2364 quod
294 2294 387 2348 homo
398 2292 483 2348 vivat
496 2303 566 2363 post
579 2303 706 2346 mortem
716 2289 747 2346 Υ·

254 2372 417 2443 Respondi,
431 2371 562 2427 “Sciunt
574 2381 606 2425 et
619 2387 679 2425 non
694 2371 802 2425 sciunt
845 2368 966 2433 Dicunt,
980 2373 1062 2442 quod
1077 2389 1139 2428 non
1152 2374 1256 2441 homo,
1268 2379 1321 2434 sed

196 2451 298 2507 anima
310 2453 391 2523 ejus:
409 2462 441 2506 et
453 2450 535 2522 quod
548 2451 623 2505 haec
635 2450 719 2504 vivat
731 2449 869 2520 spiritus:
887 2460 919 2504 et
931 2450 969 2504 de
982 2451 1089 2521 spiritu
1104 2452 1210 2513 fovent
1223 2456 1318 2512 ideam

196 2531 275 2585 sicut
287 2532 325 2587 de
338 2542 430 2586 vento
439 2540 492 2585 aut
501 2531 631 2591 aethere.
641 2540 672 2584 et
684 2531 764 2600 quod
777 2545 838 2583 non
847 2529 929 2583 vivat
942 2529 1044 2592 homo,
1054 2548 1145 2603 quam
1158 2546 1227 2604 post
1239 2537 1319 2592 diem

197 2611 295 2665 ultimi
309 2611 429 2681 judicii;
453 2622 484 2665 et
499 2612 581 2680 quod
595 2620 668 2663 tunc
681 2624 832 2678 corporea.
843 2624 919 2679 quae
933 2610 1137 2679 relinquerant
1151 2613 1182 2667 in
1196 2617 1318 2677 mundo.

196 2693 317 2747 tametsi
336 2708 355 2747 a
376 2691 535 2752 vermibus,
556 2689 691 2743 muribus
709 2698 740 2742 et
759 2687 891 2758 piscibus
909 2704 1007 2749 exesa,
1024 2691 1272 2762 recolligerentur
1288 2704 1318 2751 et

196 2792 298 2831 rursus
307 2780 519 2843 coaptarentur
528 2769 559 2823 in
569 2784 686 2838 corpus,
696 2777 727 2822 et
734 2767 815 2836 quod
826 2767 964 2822 homines
973 2768 1017 2822 sic
1025 2769 1218 2825 resurrecturi
1231 2773 1318 2830 sint''

251 2855 400 2909 Dixerunt
414 2849 522 2920 angeli,
538 2848 644 2920 “Quid
661 2845 740 2900 hoc?
776 2844 852 2917 Quis
872 2862 931 2900 non
950 2847 1007 2901 scit
1025 2849 1108 2918 quod
1129 2850 1222 2906 homo
1237 2853 1318 2907 vivat

195 2935 289 2990 homo
302 2943 372 3004 post
381 2942 518 2990 mortem.
529 2945 598 2982 cum
608 2927 673 2981 sola
682 2925 851 2979 differentia
859 2926 940 2995 quod
953 2936 1026 2980 tunc
1034 2927 1118 2982 vivat
1128 2928 1224 2985 homo
1233 2932 1318 3002 spiri·

194 3015 300 3074 tualisr
319 3022 351 3067 et
365 3011 448 3081 quod
463 3008 555 3063 horno
568 3005 732 3076 spiritualis
744 3005 845 3058 videat
861 3004 1015 3058 hominem
1030 3006 1227 3076 spiritualem,
1240 3011 1317 3066 sicut

195 3095 287 3150 homo
303 3084 466 3146 materialis
482 3086 680 3146 materialem:
704 3095 735 3138 et
753 3084 834 3154 quod
851 3100 912 3139 non
927 3083 1022 3139 sciant
1038 3102 1131 3140 unum
1147 3088 1316 3154 discrimen,

195 3171 407 3246 praeterquod
423 3169 453 3222 in
467 3177 548 3221 statu
563 3164 733 3236 perfetliori
747 3163 845 3217 sint?”

249 3252 311 3320 (iv.)
333 3250 554 3322 Quaesiverunt
566 3245 673 3317 angeli.
687 3242 793 3315 “Quid
807 3243 907 3298 sciunt
920 3244 959 3298 de
972 3254 1077 3299 nostro
1090 3245 1215 3311 mundo,
1228 3263 1264 3304 ac
1278 3249 1316 3305 de

194 3334 280 3389 caelo
293 3341 325 3386 et
338 3329 455 3384 inferno
464 3326 494 3382 ?”

247 3411 327 3472 Dixi.
338 3410 419 3480 quod
433 3407 507 3461 nihil
518 3403 669 3466 sciuerint,
677 3413 709 3457 at
721 3402 803 3473 quod
817 3402 941 3457 hodie'a
958 3400 1090 3456 Domino
1100 3401 1254 3460 detectum
1267 3407 1315 3469 sit,

192 3492 288 3564 qualis
301 3500 347 3545 est
360 3488 490 3542 mundus
503 3485 532 3540 in
546 3499 609 3555 quo
621 3483 720 3553 angeli
733 3492 764 3536 et
776 3481 900 3551 spiritus
912 3481 1025 3543 vivunt,
1037 3481 1079 3535 ita
1090 3482 1179 3552 quale
1191 3495 1239 3539 est
1250 3501 1316 3542 cae-

191 3574 253 3628 lum
269 3582 300 3626 et
319 3569 406 3640 quale
422 3576 467 3622 est
484 3564 650 3625 iniernum;
668 3573 732 3616 tum
747 3562 838 3615 etiam
853 3561 934 3630 quod
951 3561 1048 3632 angeli
1068 3571 1099 3615 et
1118 3562 1241 3632 spiritus
1255 3565 1316 3620 sint

191 3652 222 3707 in
235 3647 450 3720 conjundlione
463 3661 532 3700 cum
545 3642 735 3703 hominibus;
754 3650 872 3711 praeter
884 3641 979 3694 multa
991 3641 1137 3696 mirabilia
1150 3644 1188 3697 de
1202 3643 1269 3700 illis.

245 3728 354 3799 Angeli
377 3725 480 3781 laetati
499 3734 578 3784 sunt,
597 3722 679 3792 quod
701 3720 834 3774 Domino
852 3720 998 3789 placuerit
1015 3719 1088 3773 talia
1105 3722 1259 3791 detegere,
1278 3739 1315 3778 ne

189 3811 282 3866 homo
292 3807 420 3877 amplius
433 3822 470 3860 ex
483 3802 652 3874 ignorantia
664 3800 693 3854 in
707 3799 903 3868 ambiguitate
913 3800 952 3853 sit
964 3800 1002 3853 de
1015 3814 1070 3853 sua
1080 3799 1315 3864 immortalitate,

244 3889 295 3958 (v.)
316 3887 456 3957 Amplius
471 3883 542 3943 dixi,
553 3882 633 3952 quod
651 3879 741 3933 hodie
753 3894 772 3933 a
788 3878 919 3933 Domino
933 3879 1097 3933 revelatum
1111 3879 1151 3933 sit
1162 3881 1270 3951 “quod
1284 3882 1313 3935 in

188 3981 290 4024 vestro
300 3967 415 4020 mundo
427 3965 466 4020 sit
476 3963 553 4018 alius
566 3962 618 4017 Sol
627 3978 717 4033 quam
731 3961 762 4015 in
776 3970 889 4020 nostro,
900 3969 931 4013 et
944 3958 1024 4028 quod
1039 3957 1090 4012 Sol
1104 3959 1198 4013 vestri
1209 3960 1314 4015 mundi

187 4047 228 4104 sit
244 4062 335 4118 purus
349 4061 441 4105 amor.
455 4054 486 4098 et
504 4041 585 4113 quod
602 4042 647 4095 sol
664 4040 758 4095 nostri
774 4039 878 4093 mundi
894 4039 934 4093 sit
953 4055 1042 4108 purus
1059 4037 1151 4109 ignis:
1178 4048 1211 4093 et
1232 4040 1312 4110 quod

188 4128 257 4183 ideo
267 4142 358 4181 omne
367 4125 448 4195 quod
463 4121 600 4193 procedit
613 4136 651 4175 ex
664 4131 765 4174 vestro
776 4118 855 4179 Sole,
864 4118 935 4189 quia
946 4128 993 4172 est
1007 4133 1097 4185 purus
1110 4132 1204 4179 amor,
1215 4119 1314 4173 trahat

186 4222 224 4261 ex
239 4206 310 4265 vita.
326 4215 358 4259 et
372 4203 454 4276 quod
467 4216 558 4257 omne
572 4201 656 4270 quod
673 4215 690 4253 a
705 4209 819 4259 nostro.
832 4198 903 4269 quia
917 4207 963 4251 est
978 4211 1069 4265 purus
1084 4195 1171 4265 ignis,
1185 4197 1260 4252 nihil
1276 4213 1313 4253 cx

187 4290 250 4344 vita
261 4289 379 4348 trahat:
399 4297 430 4340 et
448 4285 530 4355 quod
545 4284 614 4337 inde
626 4282 666 4335 sit
679 4279 850 4334 differentia
863 4278 942 4332 inter
953 4275 1107 4345 spirituale
1119 4285 1152 4329 et
1165 4276 1309 4338 naturale,

187 4387 266 4442 quae
280 4369 451 4423 differentia
464 4364 609 4420 hatlenus
622 4364 726 4432 ignota
739 4360 830 4414 etiam
845 4356 964 4412 detetla
979 4366 1033 4410 est.
1072 4355 1116 4408 Ex
1128 4371 1190 4425 quo
1203 4367 1307 4411 notum

187 4449 300 4506 iactum
313 4459 368 4512 est,
376 4448 456 4502 unde
465 4457 512 4501 est
525 4446 576 4498 lux
589 4458 666 4514 quae
680 4439 829 4495 illuminat
842 4436 989 4507 sapientia
1003 4433 1188 4490 intelledtum
1202 4434 1307 4490 huma·
