2782 5026
222 463 276 515 DE
300 462 437 515 AMORE
459 461 778 530 conmotam-tt.
802 464 997 534 153[secundo].
1119 467 1180 535 129

49 641 177 697 quarum
192 632 296 703 plures
308 644 410 689 tamen
426 633 529 689 bestiis
541 649 558 688 a
571 633 729 689 nativitate
749 634 910 705 impressae
929 644 1009 690 sunt.
1046 650 1070 704 3.
1090 633 1179 708 Quod

51 712 241 767 rationalitas
263 713 304 768 sit
326 714 430 769 bestiis
453 729 547 784 aeque
568 730 604 768 ac
625 713 806 769 hominibus.
851 728 877 780 4
897 713 997 786 Quare
1018 715 1044 769 si
1066 715 1181 770 bestiae

55 791 226 854 potuissent
242 791 334 863 loqui.
348 802 410 846 tarn
426 793 553 848 solerter
567 793 818 848 ratiocinarentur
832 793 870 848 de
886 794 968 847 omni
985 810 1016 848 re
1031 794 1110 849 sicut
1126 794 1182 849 ho·

56 865 165 932 mines:
185 871 274 941 cujus
287 871 331 925 rei
347 871 490 926 indicium
504 883 558 934 est,
571 873 653 943 quod
669 872 805 943 cogitent
820 889 857 927 ex
872 873 989 928 ratione
1004 883 1035 927 et
1052 874 1181 943 pruden-

56 941 103 998 tia
116 965 210 1021 aeque
229 966 265 1004 ac
285 950 433 1006 homines.
472 964 495 1020 5.
515 949 605 1022 Quod
625 950 794 1006 intellectus
814 952 854 1006 sit
875 953 971 1007 solum
995 951 1182 1006 modificatio

61 1021 132 1084 lucis
143 1046 160 1084 e
172 1030 245 1090 sole,
256 1041 439 1100 cooperante
448 1031 556 1092 calore,
567 1031 668 1087 medio
680 1031 809 1092 aethere,
820 1031 862 1085 ita
875 1041 908 1086 ut
922 1031 1014 1086 modo
1026 1032 1066 1086 sit
1078 1030 1182 1086 silivi-

61 1111 109 1157 tas
118 1108 268 1163 interioris
279 1119 412 1172 naturae,
421 1121 451 1164 et
461 1110 543 1180 quod
557 1110 631 1165 haec
642 1110 738 1180 possit
746 1110 879 1172 exaltari.
890 1126 984 1181 usque
995 1121 1030 1163 ut
1039 1121 1182 1181 appareat

65 1180 137 1241 sicut
150 1188 308 1259 sapientia.
344 1188 371 1243 6.
391 1188 480 1260 Quod
500 1188 570 1244 ideo
584 1205 694 1244 vanum
709 1189 749 1244 sit
764 1189 886 1244 credere
901 1190 983 1259 quod
1002 1189 1096 1244 homo
1111 1199 1181 1259 post

64 1275 184 1322 mortem
205 1268 274 1338 plus
288 1267 371 1322 vivat
385 1284 476 1339 quam
495 1269 600 1330 bestia,
615 1269 672 1323 nisi
687 1269 768 1341 quod
789 1268 866 1324 iorte
882 1268 978 1338 possit
997 1284 1050 1339 per
1064 1269 1181 1339 aliquot

63 1339 124 1399 dies
139 1358 207 1416 post
222 1347 339 1401 obitum
354 1363 391 1401 ex
406 1347 596 1402 exhalatione
608 1348 688 1402 vitae
703 1349 837 1418 corporis
856 1364 997 1417 apparere
1013 1348 1092 1401 sicut
1105 1348 1182 1401 nim·

61 1418 114 1478 bus
133 1428 187 1480 sub
205 1427 306 1497 specie
325 1426 433 1488 larvae,
448 1437 610 1497 antequam
630 1427 794 1497 dissipatur
809 1427 839 1481 in
855 1439 1011 1488 naturam;
1030 1426 1079 1480 vix
1094 1427 1183 1481 aliter

56 1514 148 1568 quarn
161 1506 239 1559 sicut
248 1506 412 1576 virgultum
426 1521 463 1560 es
476 1505 575 1560 cinere
585 1507 799 1563 exsuscitatum
810 1517 934 1577 apparet
944 1506 974 1560 in
984 1505 1181 1560 similitudine

53 1592 131 1638 suae
143 1583 265 1639 formae.
301 1597 327 1651 7.
348 1584 579 1656 consequenter
590 1586 671 1656 quod
686 1585 799 1656 religio,
812 1601 888 1656 quae
901 1586 991 1640 docet
1003 1586 1097 1640 vitam
1112 1595 1182 1655 post

49 1671 194 1726 mortem,
207 1664 248 1718 sit
263 1664 426 1725 inventum,
439 1674 474 1718 ut
488 1664 639 1734 simplices
652 1674 812 1719 teneantur
825 1664 1004 1719 intrinsecus
1017 1664 1047 1718 in
1059 1664 1182 1719 vinculo

47 1751 101 1806 per
120 1744 188 1813 ejus
201 1745 292 1814 leges,
306 1744 384 1798 sicut
397 1753 539 1798 tenentur
553 1744 739 1798 extrinsecus
753 1760 806 1814 per
817 1743 949 1799 civitatis
962 1743 1052 1814 leges.

103 1820 171 1878 His
179 1822 371 1884 addiderunt.
381 1822 462 1893 quod
474 1838 555 1877 mere
565 1823 712 1893 ingeniosi
723 1823 765 1877 ita
776 1823 998 1886 ratiocinemur,
1009 1838 1070 1877 non
1080 1834 1181 1878 autern

45 1893 269 1973 intelligentes.
308 1902 345 1956 Et
358 1902 579 1972 quaesiverunt,
593 1911 609 1930 ·‘
617 1900 697 1973 Quid
711 1902 913 1973 intelligentes
922 1901 953 1957 ?”

102 1978 261 2036 Dixerunt
274 1981 356 2052 quod
370 1998 429 2036 non
443 1980 623 2043 audiverint,
636 1981 689 2036 sed
702 1982 783 2053 quod
797 1982 840 2036 sic
853 1981 1023 2051 opinentur.

99 2067 309 2132 xgaqumdd.
336 2059 392 2116 His
412 2059 524 2115 auditis
545 2061 686 2115 dixerunt
706 2076 811 2115 omnes
831 2060 882 2131 qui
903 2061 941 2115 ad
960 2076 1078 2115 mensas
1096 2060 1183 2115 sede-

47 2134 141 2200 bant,
155 2147 169 2167 ‘⁴
179 2139 229 2193 Oh
244 2139 344 2211 qualia
360 2155 439 2194 nunc
455 2139 485 2193 in
501 2139 588 2194 terris
604 2149 758 2209 tempora;
777 2139 836 2194 heu
852 2141 999 2210 sapientia
1011 2157 1085 2210 quas
1101 2140 1183 2194 vices

50 2216 166 2281 subiit;
185 2233 311 2273 versane
330 2229 376 2273 est
395 2219 425 2273 in
446 2218 688 2290 ingeniositatem
707 2218 842 2274 fatuam?
879 2219 930 2274 Sol
947 2219 1068 2279 occidit,
1081 2230 1111 2273 et
1127 2220 1183 2273 sub

53 2307 141 2351 terra
153 2309 198 2353 eat
215 2315 233 2352 e
248 2298 396 2359 diametro
414 2299 572 2368 oppositus
591 2313 662 2352 suae
681 2298 825 2353 meridiei.
862 2297 938 2370 Quis
957 2314 1017 2352 non
1033 2314 1070 2352 ex
1089 2299 1183 2352 docu-

57 2387 165 2432 uento
176 2393 214 2433 ex
228 2375 340 2432 relictis
355 2386 387 2431 et
406 2377 535 2433 inventis
551 2377 581 2432 in
597 2377 679 2432 silvis
694 2377 769 2431 scire
788 2387 897 2447 potest,
910 2378 991 2448 quod
1011 2377 1105 2431 homo
1120 2392 1181 2431 non

62 2454 223 2512 instrutlus
241 2456 312 2511 talis
327 2455 387 2511 sit?
425 2456 517 2511 Estne
535 2455 615 2511 sicut
633 2456 812 2512 instruitur?
849 2456 1028 2511 Nasciturne
1048 2457 1078 2510 in
1098 2456 1182 2527 igno-

66 2535 160 2590 rantia
176 2551 244 2607 prae
264 2534 390 2590 bestiis?
428 2534 571 2590 Discetne
588 2533 698 2607 ¹¹¹gradi
719 2546 750 2591 et
769 2535 874 2606 loqui?
918 2535 949 2591 Si
970 2552 1032 2591 non
1052 2537 1182 2601 disceret

68 2610 180 2680 blgradi,
189 2631 260 2669 num
273 2631 307 2670 se
318 2630 409 2684 super
421 2615 512 2684 pedes
526 2614 674 2686 erigeret?
711 2616 749 2670 Et
761 2615 785 2670 si
797 2632 857 2670 non
868 2615 996 2670 disceret
1008 2615 1100 2685 loqui,
1109 2631 1181 2669 num

75 2691 185 2748 mutiret
197 2695 310 2765 aliquid
326 2693 541 2765 cogitationis?
580 2694 672 2749 Estne
690 2694 789 2749 omnis
808 2695 899 2749 homo
918 2695 997 2748 sicut
1017 2693 1182 2755 instruitur,

79 2768 212 2829 insaniens
233 2790 270 2828 ex
293 2772 383 2834 falsis.
399 2789 435 2828 ac
456 2773 575 2844 sapiens
596 2789 634 2828 ex
655 2772 753 2828 veris?
771 2784 802 2827 et
822 2773 973 2828 insaniens
990 2789 1027 2827 ex
1048 2773 1131 2827 ialsis
1151 2773 1181 2826 in

83 2850 150 2903 omni
167 2852 320 2922 phantasia
338 2853 420 2923 quod
439 2853 479 2907 sit
497 2852 663 2922 sapientior
677 2853 813 2922 sapiente
832 2869 868 2907 ex
886 2851 987 2907 veris?
1026 2851 1182 2906 Danturne

85 2924 199 2986 homines
216 2931 291 2987 latui
307 2943 339 2986 et
354 2932 466 2994 vesani,
480 2932 531 3002 qui
548 2947 607 2986 non
629 2932 695 3001 plus
715 2931 853 2985 homines
868 2942 946 2994 sunt,
960 2948 1050 3001 quarn
1068 2931 1181 2985 inventi

89 3003 111 3054 in
121 3006 209 3066 silvis?
245 3011 355 3066 Nonne
373 3012 449 3066 cassi
470 3011 614 3065 memoria
632 3010 678 3064 his
697 3010 810 3064 similes
829 3009 921 3065 sunt?
958 3010 1021 3065 Nos
1034 3027 1071 3065 ex
1085 3011 1131 3064 his
1150 3020 1182 3064 et

91 3080 135 3137 illis
144 3091 342 3149 conclusimus.
352 3092 433 3161 quod
448 3090 540 3145 homo
549 3091 662 3161 absque
675 3088 873 3144 instrudtione
886 3105 946 3144 non
960 3090 1000 3144 sit
1014 3090 1115 3152 homo,
1126 3105 1182 3144 nec

92 3160 170 3230 Mitt.
181 3171 230 3225 sed
243 3171 325 3242 quod
339 3170 379 3224 sit
398 3168 501 3231 forma,
514 3185 591 3240 quae
605 3168 735 3239 recipere
755 3178 855 3239 potest
872 3168 948 3223 inse
964 3169 993 3223 id
1010 3169 1091 3238 quod
1111 3169 1184 3224 iacit

94 3239 223 3311 honinem,
236 3260 267 3305 et
285 3249 329 3304 sic
340 3249 422 3318 quod
442 3264 503 3303 non
519 3260 658 3304 nascatur
676 3249 776 3308 homo.
790 3249 843 3304 sed
859 3250 940 3320 quod
956 3248 1009 3302 fiat
1025 3249 1133 3311 homo:
1152 3259 1183 3303 et

93 3325 152 3388 quod
168 3327 253 3383 homo
267 3328 338 3383 talis
356 3327 453 3382 forma
468 3339 614 3390 nascatur,
630 3340 664 3383 ut
682 3329 722 3384 sit
740 3345 884 3400 organum
905 3327 1052 3399 recipiens
1067 3328 1146 3382 vitae
1165 3343 1184 3382 a

95 3397 148 3464 Det).
158 3420 272 3478 propter
289 3407 379 3462 finem
401 3418 435 3462 ut
452 3407 492 3462 sit
512 3406 689 3477 subjedtum
706 3408 734 3461 in
754 3410 835 3479 quod
859 3409 941 3464 Deus
960 3424 1050 3464 omne
1069 3410 1181 3463 bonum

92 3494 168 3550 postet
180 3487 294 3550 inferre,
304 3497 335 3542 et
348 3503 402 3557 per
410 3487 552 3541 unionem
563 3486 672 3542 Secum
684 3487 853 3542 beatificare
868 3488 897 3541 in
908 3499 1073 3543 aeternum.
1112 3487 1183 3542 Per·

92 3559 189 3629 cipimus
198 3585 234 3623 ex
243 3583 383 3624 sermone
392 3577 501 3628 vestro,
513 3567 594 3637 quod
606 3566 752 3636 sapientia
762 3566 853 3621 hodie
864 3567 892 3620 in
904 3577 1022 3621 tantum
1033 3565 1183 3622 exstindta

89 3652 130 3694 aut
145 3644 280 3703 infatuata
299 3648 347 3709 sit,
369 3656 403 3700 ut
425 3647 462 3701 de
484 3657 563 3701 statu
583 3647 664 3700 vitae
684 3646 839 3699 hominurn
862 3646 987 3700 relativo
1007 3646 1044 3700 ad
1067 3658 1181 3701 statum

88 3719 151 3778 vitae
161 3727 326 3788 bestiarum,
339 3742 460 3796 prorsus
472 3725 546 3779 nihil
561 3727 673 3787 sciant;
692 3725 762 3779 inde
774 3735 829 3786 est,
842 3726 923 3795 quod
941 3742 995 3780 nec
1010 3726 1108 3780 sciant
1120 3736 1181 3780 sta-

86 3811 137 3857 tun
148 3805 218 3862 vitae
231 3807 363 3862 hominis
379 3816 448 3875 post
461 3815 603 3859 mortem:
621 3816 653 3859 at
667 3803 708 3858 illi
723 3804 775 3875 qui
792 3804 872 3858 hunc
887 3804 963 3858 scire
979 3815 1114 3874 possunt.
1128 3805 1182 3859 sed

84 3895 134 3936 non
146 3886 244 3941 volunt
258 3886 343 3946 scire.
359 3895 390 3939 et
406 3884 475 3939 inde
494 3885 577 3938 illum
594 3893 713 3954 negant,
730 3894 764 3938 ut
783 3882 897 3937 iaciunt
916 3882 1003 3936 multi
1023 3901 1059 3938 er
1074 3884 1184 3938 vestris

82 3959 248 4027 Christianis,
268 3964 434 4020 assimilare
454 3979 614 4033 possumus
634 3963 763 4017 inventis
784 3963 813 4016 in
834 3962 933 4023 silvis:
961 3978 1020 4015 non
1043 3963 1125 4033 quod
1145 3977 1184 4017 ex

78 4042 233 4114 privatione
241 4042 447 4098 instnrtlionis
461 4043 502 4096 ita
517 4041 629 4113 stupidi
645 4039 715 4095 faeti
731 4041 800 4103 sint,
814 4041 867 4095 sed
881 4040 962 4110 quod
980 4057 1032 4110 per
1047 4040 1183 4096 fallacias

76 4136 213 4187 sensuum,
234 4139 312 4195 quae
333 4133 405 4177 sunt
425 4123 566 4177 tenebrae
586 4120 757 4184 veritatum,
778 4120 957 4190 semetipsos
980 4119 1022 4173 ita
1042 4119 1183 4189 stupidos

72 4202 212 4260 [ψαῦ’

119 4287 311 4354 Isgiumdola
336 4279 396 4336 Sed
412 4289 485 4334 tunc
497 4278 619 4351 quidam
636 4278 665 4332 in
683 4277 784 4333 medio
801 4277 928 4332 Palladii
941 4287 1032 4338 stans,
1047 4275 1077 4330 in
1092 4291 1182 4331 manu

67 4374 170 4419 oenens
191 4363 328 4432 palmam,
347 4361 432 4423 dixit,
452 4358 614 4414 “Evolvite
635 4372 749 4429 quaeso
770 4357 829 4411 hoc
851 4372 999 4415 arcanum,
1023 4355 1180 4425 quomodo

65 4445 165 4506 homo.
183 4440 278 4498 torma
298 4440 355 4497 Dei
373 4448 499 4502 creatus,
518 4437 626 4493 mutari
647 4435 746 4509 potuit
767 4436 797 4492 in
816 4435 943 4491 formam
962 4434 1090 4490 diaboli:
1119 4435 1183 4490 scio
