2782 5026
155 430 217 514 366
490 442 737 498 vonumrns
760 445 942 498 rusnnmn

154 610 322 679 defructu
342 613 483 690 arboris,
504 614 616 698 deque
634 615 749 698 aliquo
767 616 957 692 esculento,
977 636 1023 680 ex
1047 617 1125 682 solo
1143 617 1222 681 visu
1246 627 1284 682 et

153 708 261 785 tactu,
280 719 316 773 et
339 729 407 772 non
427 710 469 773 de
493 710 650 774 bonitate
669 710 740 791 ejus
762 732 809 775 ex
831 731 953 793 sapore
976 721 1013 775 et
1035 714 1206 778 scientia:
1233 714 1285 776 ita

153 803 282 868 iaciunt
305 824 425 868 omnes
447 805 503 888 qui
522 804 605 868 nihil
628 806 672 869 de
695 806 839 868 internis
858 805 1005 870 hominis
1022 805 1147 870 volunt
1165 809 1282 890 perci-

153 917 245 981 pere.
289 898 375 963 lnde
394 910 448 963 est
467 899 569 963 hodie
588 901 729 963 vesania
747 901 902 983 plurium,
921 902 1014 984 quod
1033 902 1118 966 nihil
1137 904 1223 968 mali
1247 908 1281 968 in

153 993 329 1057 adulteriis
348 994 499 1068 videant,
517 996 622 1058 immo
641 995 731 1077 quod
751 994 909 1078 conjugia
926 998 961 1059 in
979 997 1102 1060 eodem
1119 997 1282 1064 thalamo

153 1087 321 1152 cumillis
351 1088 573 1171 conjungant,
597 1089 663 1153 hoc
693 1100 758 1164 est,
782 1090 973 1154 consimilia
995 1091 1142 1171 iaciant3
1175 1105 1217 1158 et
1247 1095 1282 1158 id

153 1183 327 1246 duntaxat
358 1193 499 1265 propter
525 1186 761 1266 apparentiam
785 1185 1015 1249 similitudinis
1043 1189 1076 1250 in
1107 1191 1282 1253 externis.

153 1275 256 1359 Quod
287 1279 336 1341 ita
365 1280 421 1354 sit,
445 1281 595 1344 convicit
618 1279 684 1345 hoc
707 1281 944 1362 experientiae
965 1279 1282 1347 auetoramentum.

153 1369 337 1453 Quondam
365 1374 409 1437 ab
435 1375 568 1456 angelis
597 1395 642 1438 ex
677 1375 759 1439 orbe
783 1375 965 1458 Europaeo
988 1378 1172 1440 convocati
1198 1389 1284 1442 sunt

152 1468 283 1552 aliquot
299 1480 439 1533 centum
458 1492 503 1533 ex
522 1471 733 1552 pollentibus
749 1473 897 1561 ingenio,
914 1473 1066 1547 eruditis,
1083 1482 1119 1536 et
1139 1474 1282 1554 sapien-

152 1564 245 1629 tibus
267 1566 334 1644 ibi;
362 1575 398 1629 et
420 1568 565 1649 quaesiti
588 1568 631 1629 de
655 1568 849 1631 discrimine
873 1567 1021 1649 conjugii
1043 1578 1079 1630 et
1101 1569 1282 1644 adulterii,

152 1669 189 1725 et
211 1662 324 1742 rogati
348 1672 384 1724 ut
408 1662 627 1726 consulerent
647 1663 798 1726 rationes
817 1659 1014 1726 intellee’tus
1032 1664 1102 1740 sui;
1135 1673 1171 1726 et
1197 1664 1283 1744 post

151 1755 455 1831 consultationem,
474 1776 594 1820 omnes
610 1769 746 1838 praeter
761 1758 893 1831 decem,
906 1759 1169 1840 responderunt,
1183 1759 1283 1840 quod

153 1849 264 1913 solum
287 1849 345 1913 lex
365 1851 507 1914 sorensis
525 1851 628 1914 saciat
647 1852 840 1940 discrimen,
861 1863 1002 1933 propter
1019 1852 1158 1934 aliquod
1178 1873 1282 1918 emo·

153 1943 354 2021 iumentum,
372 1947 462 2028 quod
482 1947 618 2028 quidem
635 1957 751 2028 potest
770 1948 857 2020 sciri,
875 1949 935 2011 sed
955 1968 1061 2030 usque
1077 1966 1282 2013 accommo-

152 2040 226 2104 dari
259 2060 319 2123 per
346 2042 562 2122 prudentiam
592 2041 739 2105 civilem.
785 2042 918 2106 Deinde
945 2043 1151 2124 interrogati
1184 2053 1282 2120 sunt,

154 2153 234 2198 num
258 2136 385 2217 aliquid
409 2137 491 2200 boni
514 2137 655 2201 videant
678 2139 711 2200 in
735 2136 904 2219 conjugio,
924 2146 960 2201 et
983 2137 1109 2219 aliquid
1136 2137 1221 2201 mali
1247 2141 1283 2202 in

153 2230 344 2309 adulterio;
367 2232 557 2296 retulerunt
574 2233 665 2315 quod
682 2253 751 2296 non
767 2233 893 2315 aliquid
909 2233 1077 2296 rationale
1093 2232 1226 2295 malum
1245 2244 1285 2297 et

152 2325 300 2389 bonum:
331 2327 488 2409 quaesiti,
501 2347 580 2391 num
593 2327 720 2410 aliquid
740 2328 884 2410 peccati,
901 2328 1075 2400 dixerunt,
1091 2326 1283 2391 “Ubinam

151 2422 209 2487 id?
231 2433 331 2487 estne
349 2421 475 2486 saelum
495 2423 604 2485 simile
615 2421 643 2484 ?”
680 2419 738 2484 Ad
758 2420 843 2484 haec
860 2440 1036 2503 responsa,
1050 2420 1285 2501 obstupesce·

152 2519 236 2582 bant
251 2518 377 2601 angeli,
395 2530 430 2581 et
447 2518 705 2591 exclamabant,
720 2513 816 2592 “Oh,
835 2516 946 2598 qualis
962 2526 997 2579 et
1014 2525 1142 2598 quanta
1162 2516 1285 2578 obesi-

154 2624 209 2676 tas
228 2612 383 2677 saeculi.”
427 2612 558 2696 Quibus
574 2614 710 2689 auditis,
728 2615 901 2676 centuriae
921 2612 1114 2693 sapientum
1134 2630 1172 2672 se
1192 2629 1285 2673 con-

153 2717 344 2782 verterunt,
369 2718 405 2771 et
437 2708 676 2771 cachinnando
699 2708 789 2770 inter
822 2727 859 2770 se
892 2707 1066 2778 dixerunt,
1089 2703 1186 2767 “Est
1210 2703 1284 2769 hoc

155 2803 329 2866 obesitas?
370 2803 460 2866 Nurn
472 2804 584 2886 aliqua
597 2803 764 2883 sapientia
775 2801 898 2864 dabilis
908 2802 963 2874 sit,
976 2819 1061 2881 quae
1071 2796 1283 2876 convidtrix,

155 2898 247 2980 quod
263 2918 377 2961 amare
394 2919 535 2961 uxorem
552 2899 692 2961 alterius
709 2907 878 2960 mereatur
890 2896 1147 2957 damnationem
1164 2904 1285 2958 aeter·

156 2992 276 3055 nam?”
321 2989 423 3073 Quod
447 3003 561 3056 autem
581 2993 785 3056 adulterium
813 2991 857 3053 sit
882 2989 1007 3053 malum
1027 2988 1217 3070 spirituale,
1240 3010 1285 3054 ac

156 3086 235 3150 inde
252 3087 379 3149 malum
397 3087 538 3162 morale,
552 3107 591 3151 ac
609 3087 736 3150 malum
752 3085 863 3160 civile,
880 3105 920 3148 ac
937 3105 956 3148 e
972 3086 1141 3147 diametro
1154 3093 1286 3147 contra

131 3258 134 3263 ι
156 3182 361 3264 sapientiam
375 3183 528 3257 rationis,
542 3193 614 3245 tum
632 3183 722 3263 quod
739 3201 835 3244 amor
850 3179 1007 3243 adulterii
1024 3176 1068 3242 sit
1083 3200 1128 3241 ex
1145 3179 1285 3243 inferno

156 3287 191 3341 et
215 3278 258 3341 ad
282 3276 365 3339 illud
384 3278 513 3352 redeat,
534 3287 569 3340 et
592 3278 683 3359 quod
703 3296 799 3340 amor
818 3274 965 3357 conjugii
988 3275 1031 3337 sit
1055 3295 1099 3336 ex
1121 3274 1221 3337 caelo
1246 3284 1285 3338 et

156 3372 200 3436 ad
217 3372 282 3436 hoc
296 3373 426 3446 redeat,
440 3374 473 3436 in
487 3374 596 3454 primo
609 3375 722 3455 capite
739 3370 835 3452 hujus
849 3371 969 3444 Partis,
984 3370 1036 3432 De
1050 3367 1284 3451 Oppositione

156 3467 297 3532 Amoris
321 3470 515 3532 scortatorii
539 3478 574 3534 et
605 3467 745 3531 Amoris
768 3466 979 3549 coniugialia,
1003 3466 1283 3529 demonstratum

156 3573 220 3628 est.
266 3561 334 3628 Sed
357 3565 436 3646 quia
458 3565 573 3628 omnia
595 3563 686 3627 mala
709 3564 796 3626 sicut
819 3563 934 3626 omnia
952 3562 1043 3624 bona
1063 3560 1283 3624 latitudinem

157 3668 193 3722 et
223 3659 442 3723 altitudinem
461 3661 659 3732 sortiuntur,
679 3678 718 3722 ac
749 3658 937 3721 secundum
958 3657 1176 3719 latitudinem
1199 3665 1283 3719 sunt

156 3752 223 3817 illis
237 3775 374 3836 genera,
389 3766 424 3818 et
440 3755 626 3818 secundum
641 3753 859 3817 altitudinem
875 3762 954 3815 sunt
971 3752 1037 3814 illis
1049 3750 1187 3832 gradus,
1202 3749 1283 3813 ideo

157 3857 195 3912 ut
215 3850 383 3914 adulteria
402 3851 515 3933 quoad
532 3861 710 3932 utramque
729 3849 978 3911 dimensionem
994 3856 1193 3920 noscantur,
1210 3845 1281 3908 dis-

93 4000 99 4012 .
157 3957 341 4028 pescentur
363 3945 422 4009 illa
445 3949 588 4029 primum
620 3947 652 4008 in
684 3966 743 4008 sua
767 3964 906 4026 genera,
929 3952 965 4007 et
991 3951 1114 4024 postea
1142 3941 1178 4004 in
1201 3960 1282 4004 suos

157 4041 307 4122 gradus;
337 4042 428 4125 quod
449 4041 507 4108 fiet
527 4043 560 4106 in
580 4041 644 4105 hac
664 4041 750 4104 serie
762 4061 816 4103 :-

337 4200 379 4269 (i.)
407 4201 493 4271 Quod
502 4203 565 4255 tria
572 4217 684 4270 genera
698 4199 911 4253 adulteremur
922 4199 991 4259 εἰπέ,
1003 4195 1136 4265 simplex,
1148 4196 1283 4266 duplica·

477 4279 547 4332 tum,
561 4279 589 4324 et
602 4272 796 4340 triplicatum.

327 4341 381 4411 (ii.)
409 4342 495 4413 Quod
501 4343 680 4396 adulterium
688 4341 811 4410 simplex
819 4341 858 4393 sit
867 4336 1055 4392 viricaelibis
1062 4354 1127 4391 cum
1139 4337 1281 4392 uxorea!-

479 4415 578 4475 terr'us,
588 4419 642 4466 aut
645 4413 781 4483 feminae
791 4414 933 4480 innuptae
943 4425 1009 4463 cum
1018 4411 1128 4463 martio
1137 4410 1267 4464 alterius.
