2782 5026
305 112 356 162 us
378 104 512 162 nilons
534 105 852 177 comumnes-n.
873 99 945 179 269.
1130 114 1188 161 211

68 294 177 336 mensa
194 292 361 335 crumenae
375 279 532 342 distentae,
545 287 577 334 et
594 280 707 335 circum
726 295 883 335 crumenas
900 277 988 351 copia
1005 293 1196 335 nummorum

68 373 243 416 aureorum.

128 438 168 494 Et
182 439 412 510 quaerebamus,
422 445 439 468 ‘⁸
446 437 523 493 Sunt
539 437 589 493 ilia
601 454 674 509 opes
686 438 820 493 omnium
835 437 940 493 mundi
949 435 980 493 ?”

128 517 290 580 Dicebant,
310 517 406 573 “Non
426 517 562 571 omnium
584 518 697 580 mundi,
717 519 770 572 sed
790 517 925 572 omnium
945 515 1057 589 regni'·
1100 514 1199 572 Sonus

69 597 215 667 loquelae
228 597 347 651 illorum
357 606 422 651 erat
434 597 570 657 sibilaris,
580 606 611 651 et
624 597 679 667 ipsi
693 598 875 667 apparebant
888 596 963 650 iacie
975 595 1112 657 rotunda,
1122 610 1199 666 quae

71 676 221 731 rutilabat
231 676 310 731 sicut
319 690 444 745 squama
453 676 601 738 cochleae,
612 692 647 730 ac
660 676 861 746 pupillaoculi
875 676 904 729 in
919 675 1008 746 plano
1017 674 1105 730 viridi
1115 673 1199 746 quasi

71 755 257 826 fulgurabat,
270 756 351 825 quod
365 764 430 809 erat
442 771 479 809 er
493 755 559 809 luce
572 755 756 825 phantasiae.

130 834 280 890 Stetimus
302 833 331 888 ln
351 835 452 889 medio
475 834 592 889 iliorum
614 845 646 888 et
667 834 805 897 diximus,
820 831 975 888 “Creditis
993 833 1075 905 quod
1094 848 1200 889 omnes

70 929 152 986 opes
164 914 250 984 regni
263 913 470 984 possideatis.”

132 992 173 1048 Et
187 993 416 1063 responderunt,
429 1001 445 1022 ⁶·
456 991 675 1047 Possidemusss’

132 1071 214 1126 Dein
227 1071 439 1142 quaesivimus,
453 1079 468 1100 ‘⁸
477 1071 553 1142 Quis
566 1082 699 1126 vestrum
709 1069 741 1126 ?”

132 1149 290 1212 Dicebant.
304 1148 490 1223 “Quisque’'

132 1229 172 1284 Et
185 1229 396 1301 quaesivimus,
411 1229 600 1301 “Quomodo
614 1227 760 1300 quisque?
779 1229 852 1283 estis
865 1228 980 1285 multi.''

132 1307 291 1370 Dicebant,
305 1307 464 1382 “Quisque
483 1325 520 1363 ex
541 1309 628 1363 nobis
650 1308 715 1369 scit,
730 1308 813 1378 quod
835 1308 937 1362 omnia
955 1307 1020 1378 ejus
1039 1323 1105 1363 mea
1123 1307 1201 1373 sint:

71 1405 141 1444 non
153 1389 227 1443 iicet
239 1388 326 1442 alicui
342 1388 484 1458 cogitare,
500 1388 599 1442 minus
617 1387 725 1449 dicere,
740 1387 809 1442 Mea
822 1404 882 1442 non
897 1398 968 1442 sunt
983 1398 1044 1450 tua,
1058 1389 1110 1443 sed
1129 1388 1201 1442 iicet
1293 1409 1294 1413 ¹

73 1468 215 1540 cogitare
228 1478 259 1522 et
274 1468 381 1528 dicere,
395 1468 459 1522 Tua
472 1477 542 1521 sunt
555 1467 648 1521 mea.”

133 1547 259 1602 Nummi
269 1563 358 1616 super
368 1547 478 1600 mensis
488 1546 671 1617 apparebant
680 1545 758 1600 sicut
771 1561 808 1599 cx
820 1561 893 1600 auro
904 1561 987 1616 puro.
998 1546 1088 1601 etiam
1099 1563 1199 1602 coram

69 1627 185 1690 nobis
207 1627 260 1682 sed
279 1643 348 1680 cum
369 1625 546 1680 immisimus
564 1625 661 1679 lucem
682 1625 720 1679 ab
739 1625 864 1686 oriente,
880 1635 965 1679 erant
985 1626 1109 1697 granma
1127 1628 1201 1690 auri,

69 1722 157 1778 quae
175 1721 230 1777 per
241 1720 432 1760 communem
448 1702 563 1758 unitam
584 1704 770 1773 phantasiam
791 1704 833 1758 ita
852 1704 1103 1775 magniiecerunt:
1121 1706 1202 1760 dice-

70 1788 152 1841 bant
162 1785 246 1856 quod
259 1792 399 1854 oporteat
408 1799 616 1855 quemcunque
626 1783 678 1853 qui
693 1784 792 1843 intrat,
802 1799 904 1837 secum
918 1783 995 1839 ierre
1005 1785 1118 1855 aliquid
1128 1786 1202 1847 auri,

69 1865 161 1936 quod
183 1865 214 1918 in
232 1862 368 1925 frustula,
381 1872 412 1917 et
432 1863 505 1917 haec
524 1863 554 1916 in
569 1863 695 1933 granula
709 1872 820 1925 secant,
833 1873 863 1917 et
883 1878 936 1932 per
949 1862 1010 1917 vim
1026 1863 1202 1934 phantasiae

71 1945 256 1999 unanimam
271 1943 300 1996 in
314 1958 455 1996 nummos
467 1942 634 2013 grandioris
648 1940 761 1996 iormae
773 1941 966 2011 amplificant.

134 2023 174 2078 Et
193 2033 267 2076 tunc
286 2022 424 2083 diximus,
443 2020 617 2075 “Fuistisne
637 2021 698 2075 nati
719 2021 856 2076 homines
876 2020 1020 2076 rationis?
1046 2023 1126 2077 unde
1145 2022 1203 2078 ista

71 2102 206 2158 intuitus
218 2101 381 2156 visionaria
393 2100 479 2155 vobis
492 2110 538 2154 est
546 2099 576 2154 ?”

134 2181 292 2241 Dixerunt,
303 2178 445 2235 “Scimus
458 2180 539 2249 quod
554 2178 672 2233 vanitas
685 2178 860 2249 imaginaria
872 2177 926 2240 sit:
945 2179 997 2234 sed
1012 2180 1082 2251 quia
1096 2180 1203 2251 jucun-

70 2264 134 2317 dat
153 2261 298 2315 interiora
316 2259 426 2313 mentis
444 2269 572 2320 nostrae,
587 2259 731 2312 intramus
751 2258 818 2321 huc,
833 2268 864 2313 et
879 2259 1054 2313 deliciamur
1071 2260 1150 2314 sicut
1166 2275 1203 2314 ex

71 2339 273 2412 possessione
292 2338 442 2400 omnium:
461 2348 492 2392 at
511 2336 636 2392 hicnon
654 2353 805 2392 moramur
823 2337 879 2392 nisi
900 2354 953 2407 per
970 2338 1086 2408 aliquot
1104 2339 1203 2401 horas,

70 2421 191 2491 quibus
203 2417 317 2474 exaiiis
329 2417 505 2487 egredimur,
516 2427 547 2471 et
557 2417 649 2471 toties
659 2433 743 2471 mens
756 2432 828 2471 sana
838 2417 925 2472 nobis
935 2418 1028 2471 redit:
1046 2417 1098 2472 sed
1109 2433 1204 2488 usque

71 2497 338 2554 obleClamentum
351 2495 544 2550 visionarium
560 2506 694 2550 nostrum
708 2497 831 2550 alternis
843 2497 1024 2565 supervenit,
1037 2511 1073 2550 ac
1086 2495 1157 2550 iacit
1169 2508 1204 2551 ut

73 2578 229 2648 pervices
244 2576 431 2636 reinttemus.
445 2584 476 2629 ct
495 2590 548 2644 per
559 2575 641 2628 vices
653 2575 857 2645 egrediamur3
876 2575 919 2629 sic
934 2575 1056 2629 alternis
1072 2575 1204 2645 sapimus

73 2668 115 2711 et
129 2657 312 2711 insanimus:
330 2654 441 2708 scimus
459 2654 549 2708 etiam
565 2653 647 2726 quod
666 2654 741 2729 dura
759 2670 823 2709 sors
842 2665 962 2709 maneat
981 2654 1047 2709 iilos
1065 2655 1117 2725 qui
1135 2666 1203 2709 astu

74 2736 248 2806 surripiunt
261 2733 328 2788 aliis
340 2749 396 2788 sua
408 2733 513 2788 bona.¹'

136 2813 357 2886 Quaesivimus,
370 2810 479 2883 “Quae
492 2828 557 2867 sors
566 2810 596 2866 ?”

138 2893 295 2954 Dicebant.
310 2892 552 2953 “Absorbentur,
566 2907 601 2946 ac
620 2890 692 2945 nudi
712 2892 906 2945 intruduntur
924 2890 954 2945 in
970 2892 1099 2962 aliquem
1116 2891 1205 2948 inier-

73 2973 181 3028 malem
203 2988 363 3034 carcerem,
382 2972 432 3025 ubi
455 2982 596 3025 tenentur
617 2971 751 3025 laborare
774 2986 828 3039 pro
846 2981 930 3025 veste
949 2982 980 3026 et
1001 2987 1056 3042 pro
1074 2972 1151 3033 cibo,
1170 2989 1206 3027 ac

75 3063 190 3120 postea
209 3068 264 3122 pro
282 3050 431 3121 aliquibus
450 3051 555 3111 obolis,
571 3044 647 3120 quos
665 3050 818 3120 colligunt,
833 3050 862 3103 in
878 3050 986 3120 quibus
1003 3061 1119 3120 ponunt
1134 3068 1207 3123 gau·

66 3131 168 3186 <lium
185 3130 289 3186 cordis
306 3130 369 3191 sui;
391 3129 444 3184 sed
462 3129 487 3183 si
510 3129 621 3183 malum
641 3127 755 3184 iaciunt
772 3129 933 3191 sodalibus,
953 3130 1068 3183 dabunt
1089 3142 1204 3201 partem

63 3211 244 3266 <tholorum
257 3224 380 3263 suorum
396 3209 424 3262 in
438 3207 609 3262 muletans·

139 3290 234 3358 269.
257 3288 368 3344 Postea
378 3304 414 3341 ex
424 3287 470 3342 his
481 3287 582 3342 inieris
592 3287 782 3342 ascendimus
794 3286 847 3356 [in]
859 3286 1024 3349 meridiem,
1033 3287 1084 3341 ubi
1095 3287 1206 3343 fuimus

64 3367 175 3434 ptius,
183 3384 220 3424 ac
231 3367 331 3439 angeli
343 3367 382 3420 ibi
397 3366 482 3437 plura
494 3376 662 3420 memoratu
673 3367 765 3437 digna
775 3367 935 3420 narrabant
944 3367 981 3421 de
991 3367 1206 3436 concupiscen·
1292 3432 1296 3442 ἱ

60 3444 133 3499 tia
141 3464 202 3503 non
214 3447 378 3503 visionaria
386 3462 438 3500 seu
453 3445 689 3515 phantasticam
703 3461 763 3515 qua
775 3445 873 3500 omnis
886 3445 978 3500 homo
991 3456 1037 3500 cst
1049 3462 1086 3500 ex
1100 3446 1207 3499 nativi-

59 3531 163 3591 ΠΨ
180 3527 265 3598 quod
286 3525 328 3580 illi
348 3525 419 3579 dum
441 3525 469 3579 in
489 3541 525 3579 ea
543 3535 622 3586 sunt,
636 3524 697 3579 sint
709 3524 787 3579 sicut
805 3523 889 3586 fatui,
902 3534 1046 3579 ettamen
1062 3524 1117 3579 sibi
1135 3525 1207 3594 ipsis

56 3599 244 3662 videantur
255 3606 335 3662 sicut
347 3620 463 3660 summe
476 3605 643 3674 sapientes:
662 3614 693 3658 et
705 3604 786 3674 quod
800 3619 819 3658 a
834 3603 972 3658 fatuitate
989 3604 1037 3657 iila
1051 3602 1207 3658 remittan-
1289 3666 1296 3682 .

56 3687 136 3734 tur
148 3702 202 3758 per
215 3686 296 3742 vices
315 3684 347 3739 in
363 3683 517 3745 rationale,
533 3683 614 3754 quod
633 3683 713 3753 apud
735 3683 802 3737 illos
822 3683 851 3736 in
870 3683 1003 3737 externis
1018 3694 1079 3745 est;
1099 3682 1208 3753 inquo

51 3765 165 3820 Statu
179 3766 291 3828 vident,
304 3773 483 3835 agnoscunt,
499 3773 530 3817 et
545 3762 728 3818 confitentur
742 3762 888 3817 insaniam
904 3778 998 3824 suam,
1011 3762 1063 3816 sed
1080 3777 1175 3832 usque
1190 3780 1208 3818 e

49 3843 165 3921 §atu
176 3845 315 3902 rationali
329 3858 386 3899 suo
400 3843 429 3898 in
440 3853 553 3898 statum
565 3842 701 3897 insanum
712 3858 799 3896 suum
810 3842 991 3911 discupiunt,
1001 3852 1031 3896 et
1041 3857 1162 3910 quoque
1174 3858 1207 3897 se

49 3927 109 3966 ¹¹²
124 3920 208 3982 hunc
220 3926 399 3983 immittunt,
413 3923 492 3977 sicut
504 3939 522 3976 a
534 3919 640 3977 coai‘lo
652 3932 683 3975 et
696 3921 862 3992 injucundo
875 3921 905 3974 in
918 3921 1043 3975 liberum
1058 3930 1089 3974 et
1101 3921 1209 3990 jucun·

43 3989 174 4068 dun„
192 4005 233 4061 ita
243 4001 492 4074 concupiscentia
504 4001 629 4056 interius
642 3999 773 4056 oblectat
789 4000 864 4062 illos,
880 4011 911 4054 et
927 4016 987 4054 non
1001 3999 1207 4069 intelligentia.

43 4063 165 4139 Sum
181 4095 239 4143 tres
256 4098 381 4143 amores
399 4076 589 4144 universales,
608 4097 645 4136 ex
663 4079 772 4151 quibus
790 4096 808 4134 a
825 4079 977 4134 creatione
996 4077 1144 4134 conflatus
1161 4093 1207 4136 est
