2782 5026
127 471 179 550 '14
482 481 665 532 petieras
687 479 919 530 samexrme

134 651 291 721 templum,
307 660 338 704 et
356 665 462 704 omnes
481 648 590 703 domus
608 649 793 702 sonabantur
804 649 894 703 aedes
912 664 1022 703 sacrae.
1061 647 1095 703 In
1116 649 1166 704 illa
1183 651 1249 703 urbe

109 786 115 799 ,
134 732 275 786 viderunt
286 729 469 784 affluentiam
485 745 522 782 ex
538 730 620 782 omni
635 730 748 799 angulo
762 742 858 782 terrae
870 729 1120 798 circumjacentis,
1133 740 1165 783 et
1180 730 1251 784 inter

133 811 202 866 illos
212 826 368 864 numerum
378 810 577 865 sacerdotum.
586 809 638 879 qui
651 810 808 862 venientes
817 809 1027 877 suscipiebant,
1036 810 1215 868 salutabant,
1223 820 1252 862 et

132 891 298 962 prehensos
317 890 455 943 manibus
473 890 624 942 ducebant
642 890 680 942 ad
701 901 804 957 portas
822 889 937 957 templi,
951 900 983 942 et
1002 888 1072 943 inde
1091 889 1121 942 in
1141 890 1252 958 aliquas

132 971 224 1025 aedes
236 970 348 1024 circum
362 969 517 1038 templum,
530 980 562 1022 et
576 969 734 1022 initiabant
749 969 815 1021 illos
831 969 862 1021 in
878 983 1039 1037 perennem
1052 968 1168 1022 cultum
1183 968 1252 1027 Dei:

132 1050 269 1103 dicentes
281 1050 362 1119 quod
377 1049 451 1102 haec
464 1048 534 1101 urbs
550 1049 590 1101 sit
604 1048 715 1101 atrium
730 1049 768 1101 ad
784 1049 909 1107 caelum,
922 1058 953 1101 et
971 1047 1053 1117 quod
1070 1048 1162 1118 hujus
1175 1047 1253 1101 urbis

131 1129 279 1199 templum
294 1129 332 1182 sit
347 1129 488 1182 introitus
495 1129 532 1181 ad
544 1126 736 1199 magnificum
749 1138 780 1180 et
792 1127 1008 1196 amplissimum
1018 1126 1166 1196 templum
1174 1127 1253 1197 quod

132 1208 163 1263 in
179 1209 264 1263 caelo
276 1219 331 1265 est,
344 1208 395 1260 ubi
411 1207 493 1260 Deus
507 1208 645 1277 precibus
656 1218 689 1260 et
701 1208 839 1260 laudibus
851 1207 889 1260 ab
901 1207 1017 1277 angelis
1027 1206 1214 1277 glorificatur
1224 1207 1252 1260 in

131 1300 304 1343 aeternum:
322 1296 461 1341 “statuta
474 1287 522 1340 hic
535 1299 567 1340 et
580 1287 620 1340 ibi
633 1298 712 1347 sunt,
722 1287 804 1357 quod
816 1286 944 1356 primum
956 1286 1094 1339 intraturi
1106 1287 1169 1340 sint
1181 1297 1254 1340 tem·

131 1367 224 1438 plum,
238 1379 269 1422 et
284 1367 499 1422 commoraturi
514 1367 553 1419 ibi
569 1378 631 1420 tres
643 1366 709 1420 dies
724 1373 757 1420 et
770 1376 832 1420 tres
845 1364 957 1423 nocles,
970 1376 1001 1419 et
1015 1366 1098 1435 quod
1114 1376 1183 1434 post
1197 1365 1254 1419 hoc

131 1447 353 1501 initiamentum
366 1446 524 1516 ingressuri
534 1446 595 1499 sint
606 1447 635 1499 in
644 1446 734 1515 hujus
744 1446 826 1499 urbis
835 1446 951 1505 domos,
959 1461 1036 1514 quae
1045 1456 1116 1499 sunt
1126 1445 1252 1499 totidem

130 1542 150 1581 a
164 1527 251 1581 nobis
263 1524 466 1580 sanilificatae
479 1526 576 1586 aedes,
590 1537 621 1579 et
636 1526 675 1579 ab
686 1526 761 1580 aede
777 1525 807 1578 in
820 1525 935 1583 aedem,
948 1535 979 1578 et
995 1525 1025 1577 in
1040 1524 1254 1578 communione

129 1621 199 1660 cum
219 1606 410 1678 congregatis
433 1606 482 1666 ibi,
501 1606 622 1665 oraturi,
642 1605 807 1665 clamaturi,
826 1616 857 1657 et
882 1603 1035 1658 recitaturi
1059 1604 1254 1658 concionata:

130 1686 257 1739 omnino
273 1696 377 1740 cavete
392 1685 487 1745 vobis,
501 1701 538 1738 ne
557 1685 640 1739 aliud
659 1683 689 1738 in
709 1684 795 1738 vobis
810 1683 959 1755 cogitetis,
972 1694 1003 1737 et
1021 1699 1090 1737 cum
1106 1682 1253 1738 consociis

130 1764 304 1836 loquamini,
317 1781 407 1835 quam
421 1762 532 1825 sancia,
543 1764 592 1834 pia
603 1776 635 1817 et
648 1762 813 1834 religiosa”

187 1844 260 1899 Post
274 1844 348 1898 haec
359 1844 526 1898 introduxit
535 1844 660 1915 angelus
672 1844 851 1897 comitatum
861 1859 949 1896 suum
963 1842 993 1895 in
1005 1842 1162 1910 templum,
1172 1841 1252 1912 quod

131 1934 196 1977 erat
205 1924 326 1993 plenum
337 1935 368 1977 et
380 1924 583 1993 constipatum
595 1923 705 1983 multis,
717 1923 768 1993 qui
782 1922 812 1976 in
824 1922 1086 1993 magnadignitate
1100 1922 1130 1974 in
1142 1922 1253 1976 mundo

131 2001 259 2063 lucrant,
271 2015 302 2057 et
318 2019 438 2073 quoque
452 2004 554 2057 multis
569 2020 606 2057 ex
621 2003 716 2073 plebe,
730 2013 761 2056 et
777 2003 925 2072 praesidia
939 2003 977 2055 ad
993 2013 1095 2071 portas
1107 2001 1253 2055 collocata

131 2093 225 2141 erant,
238 2099 275 2136 ne
290 2083 429 2152 cuiquam
446 2093 516 2136 ante
531 2082 799 2136 commorationem
812 2082 903 2135 trium
917 2082 1032 2135 dierum
1046 2081 1151 2134 liceret
1165 2080 1252 2137 exire.

133 2159 171 2215 Et
186 2161 264 2215 dixit
276 2162 407 2233 angelus,
421 2170 438 2190 ⁴⁸
447 2161 500 2216 Est
517 2162 607 2216 hodie
622 2162 774 2216 secundus
789 2161 892 2221 dies,a
907 2177 968 2230 quo
983 2160 1015 2214 hi
1028 2160 1152 2230 ingressi
1166 2169 1252 2220 sunt:

131 2240 256 2294 lustrate
267 2240 341 2302 illos,
348 2252 378 2294 et
386 2241 635 2312 glorificationem
646 2240 702 2295 Dei
711 2241 828 2294 illorum
836 2240 1004 2294 videbitis.''
1032 2239 1070 2294 Et
1079 2240 1252 2298 lustrabant

130 2330 162 2375 et
175 2320 315 2374 viderunt
329 2321 487 2392 plerosque
500 2321 693 2381 dormientes,
703 2331 735 2375 et
747 2320 798 2390 qui
811 2319 944 2391 evigilati
957 2330 1037 2381 sunt,
1046 2319 1211 2374 oscitantes
1222 2329 1252 2373 et

129 2400 310 2462 oscitantes:
337 2412 368 2454 et
393 2401 540 2470 quosdam
566 2416 603 2454 ex
627 2400 773 2454 continua
789 2399 957 2453 elevatione
975 2398 1194 2469 cogitationum
1214 2399 1251 2453 ad

131 2477 238 2541 Deum,
251 2491 282 2533 et
297 2496 334 2534 ex
350 2479 434 2533 nullo
450 2480 566 2549 relapsu
583 2480 699 2533 illarum
717 2480 746 2532 in
762 2495 879 2548 corpus,
892 2479 970 2532 sieut
985 2477 1076 2532 iacies
1089 2479 1221 2532 reclusas
1234 2493 1252 2531 a

129 2572 264 2628 corpore,
278 2555 412 2613 ita'enim
426 2559 482 2613 sibi
499 2560 690 2629 apparebant,
704 2569 735 2612 et
751 2558 820 2612 inde
834 2558 923 2612 etiam
936 2557 1019 2619 aliis:
1038 2558 1186 2628 quosdam
1201 2557 1252 2610 de-

130 2636 202 2691 liros
220 2638 316 2692 oculis
334 2654 372 2692 ex
391 2648 536 2708 perpetua
554 2636 908 2700 subtradiioneillorum
932 2638 1033 2699 verbo,
1047 2653 1152 2691 omnes
1171 2652 1252 2690 com·

130 2732 249 2785 pressos
263 2715 392 2786 periore,
405 2728 436 2771 et
451 2718 546 2772 lassos
562 2717 667 2786 spiritu
683 2733 721 2771 ex
735 2717 846 2778 taedio,
859 2727 891 2771 et
906 2733 1026 2770 aversos
1044 2732 1063 2770 a
1081 2716 1208 2786 pulpito,
1220 2724 1251 2770 et

129 2794 303 2857 clamantes,
314 2805 330 2824 ⁴·
340 2794 523 2866 stupescunt
535 2812 622 2849 aures
635 2807 764 2857 nostrae,
779 2796 862 2850 finite
875 2796 1044 2856 conciones,
1058 2811 1119 2849 non
1132 2796 1253 2849 auditur

130 2874 259 2943 amplius
274 2891 341 2934 vox,
355 2885 386 2929 et
402 2875 508 2944 incipit
523 2874 651 2929 lastidiri
667 2876 785 2930 sonus.”
820 2875 858 2930 Et
872 2886 946 2930 tunc
960 2886 1160 2937 surrexerunt,
1175 2885 1208 2929 et
1222 2874 1251 2928 in

129 2954 221 3023 globo
234 2964 450 3007 concurrerunt
462 2955 500 3008 ad
514 2965 624 3024 portas,
638 2954 819 3026 effregerunt
833 2955 907 3016 illas,
920 2966 951 3009 et
964 2955 1110 3025 urgebant
1123 2954 1153 3006 in
1167 2968 1252 3023 prae-

129 3032 214 3092 sidia,
234 3044 265 3086 et
287 3033 447 3102 abigebant
467 3034 525 3087 illa.
565 3033 621 3087 His
641 3034 721 3096 visis,
734 3035 906 3089 sacerdotes
924 3034 1019 3088 secuti
1037 3045 1109 3088 sunt
1127 3033 1203 3095 illos,
1221 3042 1252 3086 et

129 3110 331 3181 adjunxerunt
339 3128 372 3166 se
380 3113 521 3167 lateribus
531 3113 657 3173 illorum,
666 3114 810 3168 docentes
818 3125 848 3168 et
859 3114 1010 3174 docentes,
1019 3122 1147 3172 orantes,
1156 3112 1252 3182 suspi-

130 3199 238 3252 rantes,
258 3191 402 3252 dicentes,
422 3191 604 3247 “Celebrate
623 3191 741 3253 festum,
760 3193 924 3264 glorificate
945 3192 1051 3252 Deum,
1067 3190 1251 3246 saniiifioete

129 3284 201 3329 vos;
223 3269 252 3323 in
272 3271 349 3324 atrio
365 3270 424 3324 hoc
436 3271 509 3324 caeli
524 3272 766 3342 inaugurabimus
778 3288 833 3326 vos
849 3272 879 3324 in
894 3282 1046 3326 aeternam
1059 3271 1251 3343 glorificatio-

129 3364 199 3402 nem
221 3348 276 3403 Dei
302 3350 332 3403 in
358 3350 519 3420 magnifico
543 3361 575 3404 et
599 3351 785 3421 amplissimo
803 3352 918 3420 templo
937 3351 1018 3422 quod
1044 3351 1074 3404 in
1093 3351 1177 3405 caelo
1195 3360 1250 3411 est,

129 3436 161 3481 et
185 3428 229 3482 sic
253 3428 291 3482 ad
317 3428 489 3483 fruitionem
509 3440 648 3484 aeternae
668 3429 846 3486 felicitatis.”
882 3429 942 3485 Sed
963 3431 1036 3485 haec
1054 3431 1092 3484 ab
1112 3430 1169 3484 illis
1188 3445 1250 3483 non

129 3505 289 3567 intelletia,
303 3519 334 3562 et
349 3509 400 3562 vix
411 3509 516 3563 audita
529 3520 607 3571 sunt,
621 3520 745 3580 propter
756 3511 969 3565 hebetudinem
989 3526 1027 3564 ex
1045 3511 1175 3564 duorum
1187 3510 1250 3563 die·

128 3601 194 3639 rum
214 3587 410 3656 suspensione
430 3588 547 3648 mentis,
560 3598 592 3643 et
611 3589 779 3644 retentione
793 3605 812 3644 a
830 3590 1004 3644 domesticis
1022 3600 1054 3644 et
1073 3589 1250 3644 forensibus.

129 3662 189 3719 Sed
208 3680 277 3719 curn
296 3682 327 3720 se
347 3683 365 3720 a
383 3667 587 3722 sacerdotibus
603 3668 731 3722 avellere
749 3669 849 3723 conati
869 3680 948 3730 sunt,
961 3669 1133 3724 sacerdotes
1145 3683 1251 3738 appre-

129 3742 302 3799 hendebant
315 3746 436 3800 brachia
449 3746 577 3808 illorum,
589 3757 621 3801 et
633 3763 754 3818 quoque
765 3758 873 3809 vestes,
886 3759 1025 3819 urgentes
1038 3749 1076 3801 ad
1090 3748 1188 3809 aedes,
1198 3746 1249 3800 ubi

128 3823 526 3888 concionatarecitarentur3
545 3827 597 3880 sed
607 3825 731 3881 irustra:
747 3838 778 3881 et
787 3828 965 3889 clamabant,
976 3835 992 3857 ‘⁴
1002 3827 1175 3897 Relinquite
1185 3842 1249 3887 nos.

128 3902 276 3958 sentimus
291 3904 319 3957 in
333 3919 460 3976 corpore
472 3904 551 3959 sicut
563 3905 756 3976 deliquium.''

184 3981 241 4037 His
257 3980 353 4045 dictis,
367 4000 436 4039 ecce
450 3984 507 4038 visi
523 3995 594 4038 sunt
607 3996 736 4055 quatuor
748 3984 805 4040 viri
822 3985 852 4040 in
867 3986 1003 4041 candidis
1014 3986 1158 4047 vestibus,
1171 3996 1202 4040 et
1219 3986 1250 4039 in

128 4060 227 4125 tiaris:
246 4078 324 4117 unus
339 4078 376 4118 ex
393 4063 450 4118 illis
463 4062 562 4118 luerat
578 4064 607 4117 in
625 4064 740 4118 mundo
758 4065 1009 4136 archiepiscopus,
1022 4076 1053 4120 et
1068 4076 1129 4119 tres
1142 4064 1250 4136 reliqui

128 4138 246 4195 iuerant
261 4142 403 4212 episcopi,
419 4160 498 4199 nunc
515 4142 584 4198 laeti
600 4143 708 4214 angeli.
745 4143 786 4200 Hi
802 4146 1010 4200 convocabant
1025 4146 1205 4206 sacerdotes,
1218 4155 1250 4200 et

128 4221 251 4276 allocuti
268 4222 335 4277 illos
350 4224 499 4286 dixerunt,
513 4224 677 4279 “Vidimus
692 4239 747 4280 vos
761 4241 779 4280 e
793 4225 878 4279 caelo
893 4240 961 4278 cum
977 4225 1084 4279 ovibus
1103 4223 1158 4286 his,
1174 4241 1249 4294 quo·

129 4302 221 4357 modo
240 4319 294 4357 vos
314 4303 435 4373 pascitis
455 4304 535 4366 illos:
560 4304 682 4373 pascitis
701 4303 768 4358 illos
788 4320 884 4374 usque
902 4304 940 4357 ad
960 4304 1106 4358 insanias:
1126 4305 1250 4358 nescitis

128 4381 202 4453 quid
217 4398 270 4451 per
282 4382 531 4453 glorificationem
544 4383 600 4437 Dei
614 4383 808 4453 intelligitur;
827 4383 1005 4454 intelligitur
1015 4382 1127 4438 lrutius
1137 4385 1250 4438 amoris

129 4462 215 4524 lerre,
226 4461 284 4518 hoc
294 4473 348 4525 est,
362 4462 497 4524 fideliter,
507 4463 629 4524 sincere,
639 4473 671 4517 et
683 4463 789 4517 sedule
798 4478 869 4519 suae
883 4461 1045 4518 funilionis
1055 4480 1131 4533 opus
1142 4462 1247 4525 iacere,
