2782 5026
376 110 927 178 uasuonscouJuorsL1.—u.
948 116 1020 181 33²·
1191 102 1252 183 263

131 283 208 344 ⁸uude
220 281 254 336 fit
266 281 392 338 disunio
403 291 434 338 et
446 299 507 338 non
517 282 606 346 unio;
621 283 742 354 insuper
751 299 850 339 amare
863 300 947 340 suam
958 283 1193 357 intelligentiam.
1207 295 1253 341 est

133 377 230 433 sapere
243 377 281 416 ex
294 376 337 424 se,
352 371 384 416 et
395 362 454 416 hoe
466 372 512 417 est
525 363 661 425 insanire.
672 379 763 434 quare
776 373 822 418 est
834 379 934 419 amare
946 380 1031 419 suam
1044 363 1217 421 insaniam.”

181 441 231 495 Ad
244 440 323 495 haec
334 441 390 496 viri
403 442 550 504 dixerunt,
564 441 680 496 “Forte
693 459 769 497 uxor
781 459 813 497 se
825 443 891 497 unit
904 459 972 497 cum
987 443 1097 498 virtute
1109 443 1192 499 viri.”

182 521 231 575 Ad
250 519 327 574 haec
341 519 469 574 riserunt
481 537 597 584 uxores,
611 521 756 584 dicentes,
771 521 898 577 “Virtus
917 538 978 576 non
997 522 1108 584 deficit,
1121 523 1193 577 dum
1205 522 1252 578 vir

130 610 209 653 amat
222 615 349 654 uxorem
363 615 400 654 ex
413 599 619 671 intelligentia,
633 612 664 655 at
680 600 782 655 deficit
800 601 825 655 si
844 616 881 655 ex
901 601 1033 664 insania;
1053 601 1251 673 intelligentia

129 690 175 733 est
186 694 287 733 amare
302 680 397 733 solam
411 695 551 742 uxorem:
569 691 600 734 et
615 680 686 734 huic
699 680 794 734 amori
808 696 868 734 non
885 680 988 735 deficit
999 681 1109 743 virtus:
1128 693 1159 736 at
1173 682 1251 736 insa·

129 758 177 812 nia
195 769 242 812 est
262 774 323 812 non
338 773 437 813 amare
450 775 582 821 uxorem,
595 760 647 813 sed
661 775 773 821 sexum,
787 770 818 813 et
836 760 907 814 huic
920 760 1014 814 amori
1027 759 1129 815 deficit
1141 761 1251 816 virtus:

127 835 383 907 comprehenditis
397 837 455 892 hoc
464 835 495 892 θ’*
592 881 594 884 .

180 916 319 970 Alterum
326 916 500 970 conclusum
508 915 580 971 luit:
591 915 680 971 “Nos
691 915 818 972 leminae
826 917 975 972 nascimur
984 918 1014 972 in
1022 935 1154 973 amorem
1164 919 1251 974 intel-

127 994 269 1066 ligentiae
277 994 425 1058 virorum
440 1011 531 1066 quare
541 996 567 1050 si
579 996 633 1050 viri
643 1006 746 1051 amant
755 1012 839 1051 suam
851 997 1000 1066 propriam
1012 997 1248 1068 intelligentiam.

127 1089 187 1129 non
201 1084 304 1144 potest
317 1075 515 1146 intelligentia
527 1075 604 1129 uniri
619 1091 688 1129 curn
704 1092 760 1130 suo
772 1077 903 1146 genuino
916 1092 1025 1138 amore,
1039 1077 1090 1147 qui
1107 1088 1152 1131 est
1167 1078 1247 1147 apud

126 1168 269 1217 uxorem3
293 1164 325 1208 et
339 1154 364 1208 si
380 1153 577 1225 intelligentia
588 1155 643 1209 viri
658 1171 718 1209 non
732 1155 834 1209 unitur
845 1172 913 1210 curn
927 1172 983 1210 suo
995 1155 1127 1227 genuino
1138 1171 1249 1218 amore.

125 1232 176 1303 qui
189 1241 236 1288 est
249 1233 329 1302 apud
343 1249 476 1295 uxorem,
491 1233 688 1304 intelligentia
700 1234 734 1288 fit
751 1233 866 1289 insania
877 1251 914 1289 ex
932 1233 1019 1297 lastu,
1032 1244 1064 1289 et
1081 1251 1166 1289 amor
1177 1251 1249 1289 con·

124 1312 245 1384 jugialis
260 1311 295 1366 fit
310 1311 421 1384 lrigus;
441 1328 518 1383 quae
530 1329 603 1384 ergo
616 1313 726 1368 femina
738 1324 838 1384 potest
851 1314 936 1369 unire
948 1329 1080 1368 amorem
1095 1331 1183 1369 suum
1199 1313 1249 1369 lri·

126 1392 205 1463 gotis
224 1401 256 1446 et
271 1392 338 1463 quis
353 1392 399 1446 vir
413 1403 514 1462 potest
529 1393 613 1447 unire
629 1392 774 1447 insaniam
790 1392 884 1448 fastus
899 1393 953 1455 sui,
969 1393 1064 1448 amori
1080 1394 1248 1465 intelligen-

127 1471 185 1526 tiae
196 1471 228 1525 ?''

178 1550 223 1605 At
241 1550 383 1604 dixerunt
401 1550 466 1613 viri,
482 1549 597 1606 “Unde
614 1551 680 1606 viro
696 1550 794 1606 honor
814 1552 852 1605 ab
870 1567 971 1613 uxore,
986 1551 1042 1606 nisi
1056 1550 1247 1623 magnilociat

128 1629 356 1701 intelligentiam
370 1630 495 1684 suam?'’
517 1629 577 1684 Sed
596 1631 815 1701 responderunt
831 1647 947 1691 uxores,
964 1630 1032 1685 “Ex
1051 1646 1162 1692 amore,
1177 1630 1248 1701 quia

126 1724 209 1765 amor
219 1709 365 1772 honorat;
384 1726 444 1764 non
455 1719 556 1780 potest
566 1710 664 1765 honor
672 1709 802 1780 separari
815 1711 852 1764 ab
864 1725 974 1772 amore,
985 1709 1037 1764 sed
1048 1720 1150 1780 potest
1162 1726 1247 1766 arnor

127 1790 162 1843 ab
174 1788 321 1844 honore.”
383 1789 385 1793 ‘

177 1868 290 1923 Postea
308 1866 443 1922 lecerunt
461 1868 583 1923 tertium
603 1867 787 1929 conclusum,
801 1867 876 1922 hoc:
901 1867 1079 1922 “videmini
1098 1867 1175 1922 sicut
1190 1885 1246 1923 vos

128 1949 231 2003 ametis
243 1963 360 2010 uxores,
373 1958 405 2001 et
420 1963 480 2002 non
495 1947 605 2001 videtis
618 1947 699 2017 quod
714 1948 752 2001 ab
767 1947 910 2001 uxoribus
922 1947 1072 2009 amemini,
1086 1957 1117 2002 et
1132 1963 1186 2002 vos
1201 1948 1245 2002 sic

129 2027 302 2090 redametis;
326 2027 457 2097 ecquod
477 2026 675 2097 intelligentia
691 2037 790 2081 vestra
809 2026 848 2080 sit
867 2027 1103 2096 receptaculum:
1129 2027 1154 2081 si
1174 2043 1247 2097 ergo

129 2107 233 2162 amatis
246 2106 474 2177 intelligentiam
487 2117 618 2161 vestram
638 2106 668 2161 in
687 2107 780 2165 vobis.
794 2106 829 2160 fit
847 2106 898 2160 illa
916 2106 1138 2175 receptaculum
1153 2107 1245 2161 vestri

129 2187 249 2250 amoris;
268 2196 298 2241 et
313 2201 399 2241 amor
411 2186 531 2255 proprii,
542 2186 613 2256 quia
627 2201 687 2239 non
700 2186 830 2240 sustinet
843 2202 952 2255 parem,
966 2201 1113 2255 nusquam
1126 2184 1161 2239 fit
1172 2200 1245 2240 con·

129 2265 258 2338 jugialis:
276 2266 328 2320 sed
342 2265 485 2336 quamdiu
497 2265 587 2327 valet,
600 2264 716 2319 tamdiu
730 2275 832 2319 manet
845 2264 1067 2319 scortatorius.”

176 2345 225 2401 Ad
245 2344 320 2400 haec
338 2343 394 2399 viri
413 2344 642 2408 conticuerunt;
667 2345 892 2398 murmurabant
910 2355 1019 2407 tamen,
1036 2341 1140 2415 “Quid
1156 2358 1243 2398 amor

130 2424 300 2496 coniugialis
309 2423 340 2479 Υ·

175 2504 351 2559 Audiebant
367 2502 418 2558 illa
431 2502 523 2575 aliqui
540 2502 638 2559 mariti
658 2503 687 2558 in
707 2502 807 2559 caelo:
830 2511 861 2558 et
879 2501 939 2558 tria
955 2502 1096 2558 conclusa
1114 2517 1242 2557 uxorum

132 2582 194 2640 iude
205 2581 433 2640 confirmabant.

534 2765 835 2783 —

627 2947 737 3040 [xvi

520 3135 578 3200 Du
600 3135 842 3200 Poetneum.

183 3337 282 3406 332·
312 3321 348 3388 Si
370 3322 556 3405 indagatur
578 3341 692 3397 causa,
716 3340 776 3384 cur
798 3317 958 3402 conjugia
980 3317 1199 3403 polygamica
1222 3338 1242 3382 e

129 3417 319 3486 Christiano
338 3420 421 3483 orbe
444 3418 547 3501 plane
568 3418 734 3480 damnata
752 3424 844 3490 sunt,
864 3414 924 3479 illa
946 3436 966 3478 a
990 3415 1137 3489 nemine,
1157 3434 1241 3496 qua·

128 3529 254 3599 cunque
272 3515 356 3579 dote
379 3533 433 3578 res
455 3523 557 3577 acute
575 3512 716 3593 ingenio
734 3510 961 3593 perspiciendi
981 3511 1156 3592 praeditus
1174 3516 1241 3582 est,

127 3621 159 3675 ut
181 3618 303 3694 aperta
326 3609 432 3672 videri
456 3615 586 3691 potest,
606 3607 670 3669 nisi
696 3607 788 3689 prius
807 3603 993 3668 instructus
1014 3606 1125 3679 fuerit,
1149 3600 1246 3682 Quod

127 3704 217 3770 detur
230 3725 328 3769 amor
342 3725 419 3767 vere
435 3700 635 3788 conjugialis
645 3723 658 3766 :
684 3699 781 3779 Quod
794 3699 848 3763 hic
869 3720 933 3762 non
955 3698 1080 3762 dabilis
1098 3698 1153 3773 sit,
1175 3695 1245 3760 nisi

128 3819 220 3881 quam
237 3799 328 3863 inter
341 3798 423 3862 duos
436 3819 450 3861 .·
475 3796 572 3876 Quod
590 3816 645 3858 nec
659 3795 747 3859 inter
761 3796 843 3859 duos
859 3792 929 3857 nt'st'
947 3813 970 3856 a
990 3790 1059 3856 solo
1071 3791 1241 3857 Domino:

129 3893 169 3960 Et
182 3896 273 3979 quod
286 3893 362 3957 hut'c
378 3893 489 3957 amori
501 3891 698 3972 inscriptum
713 3889 761 3954 sit
774 3888 898 3953 caelum
914 3908 987 3951 cum
1004 3885 1153 3950 omnibus
1171 3887 1241 3970 qius

123 3990 345 4067 felicitatibus.
392 3987 470 4052 Hae
492 3987 710 4069 cognitiones
737 3985 801 4049 nisi
831 3983 1052 4068 praecedant,
1076 3991 1111 4046 et
1143 3981 1239 4065 quasi

132 4087 265 4166 primunr
288 4085 440 4169 lapidem
463 4091 606 4167 ponant,
631 4082 857 4165 nequicquam
879 4079 1010 4160 satagit
1034 4097 1132 4141 mens
1155 4079 1239 4142 edu·
