2850 5026
148 430 212 496 250
496 430 680 512 omem:
702 429 932 483 summutas

148 595 330 657 mirabiliter,
345 606 379 651 ut
397 597 505 653 sistant
519 615 628 661 unum;
647 615 740 670 quare
754 600 816 655 duo
830 601 909 656 oculi
929 600 1045 657 faciunt
1060 619 1155 659 unum
1167 605 1265 666 visum.

146 676 224 730 duae
242 691 329 731 aures
346 692 439 731 unum
458 677 603 739 auditum,
622 680 700 734 duae
719 695 805 734 nares
824 696 917 734 unum
939 680 1093 744 olfafium
1112 684 1176 738 duo
1195 685 1267 739 labia

147 770 238 809 unam
252 755 410 826 loquelam.
423 757 501 812 duae
514 774 620 812 manus
633 774 726 813 unum
745 759 887 821 laborem,
901 760 963 814 duo
978 762 1071 837 pedes
1085 779 1181 816 unum
1193 780 1267 835 gres

147 850 222 895 sum,
245 836 308 889 duo
328 836 550 907 hemisphaeria
570 838 683 892 cerebri
705 855 798 893 unum
821 838 1023 894 habitaculum
1047 842 1173 903 mentis;
1199 844 1269 898 duae

148 928 283 969 camerae
299 914 398 970 cordis
414 932 504 970 unam
520 917 613 971 vitam
629 919 765 988 corporis
783 935 836 988 per
847 919 1038 989 sanguinem:
1058 922 1120 976 duo
1133 922 1196 976 lobi
1211 923 1269 993 pul·

148 994 247 1048 monis
263 1010 352 1048 unam
366 994 610 1065 respirationem:
628 1007 661 1051 et
673 998 716 1052 sic
731 1015 838 1069 porro:
856 1009 887 1053 at
901 1000 1099 1053 masculinum
1113 1011 1145 1055 et
1159 1001 1269 1056 femini·

149 1089 219 1127 num
234 1073 319 1128 unita
332 1091 385 1144 per
396 1091 529 1130 amorem
542 1092 612 1131 vere
624 1077 833 1149 conjugialem,
847 1078 961 1133 faciunt
973 1095 1062 1133 unam
1078 1081 1173 1135 vitam
1188 1082 1270 1152 plene

149 1154 320 1208 humanam.

203 1230 282 1285 Dum
297 1233 371 1287 haec
384 1233 569 1295 dicebantur,
583 1234 722 1304 apparuit
738 1234 851 1290 fulmen
865 1253 882 1290 a
895 1237 1008 1292 dextris
1020 1238 1102 1308 quod
1119 1239 1230 1299 rubuit.
1241 1251 1271 1294 et

149 1310 260 1366 fulmen
276 1328 294 1367 a
308 1312 438 1366 sinistris
449 1314 531 1383 quod
547 1314 686 1375 canduit:
706 1324 866 1386 utrumque
879 1327 942 1370 erat
958 1318 1038 1379 mite,
1053 1333 1087 1371 ac
1103 1334 1158 1388 per
1171 1320 1278 1373 oculos

149 1392 301 1447 intrabant
320 1391 350 1446 in
366 1404 491 1452 mentes.
507 1404 538 1447 et
553 1393 607 1447 bas
622 1409 743 1464 quoque
760 1395 964 1457 illustrabant:
983 1408 1014 1450 et
1030 1408 1098 1466 post
1117 1398 1169 1452 illa
1184 1398 1271 1452 etiam

148 1471 344 1533 tonitruabat‚
365 1472 447 1541 quod
470 1483 533 1526 erat
553 1472 620 1526 lene
642 1489 812 1528 murmure
832 1476 916 1529 caelo
936 1477 1071 1546 angelico
1090 1477 1227 1532 defluens
1243 1488 1272 1532 et

147 1566 327 1606 accrescens.
365 1550 422 1605 His
432 1552 543 1606 auditis
552 1562 584 1605 et
595 1552 667 1607 visis
677 1553 754 1606 dixit
766 1554 894 1623 sapiens,
905 1563 921 1583 ‘⁴
931 1554 1014 1609 Haec
1024 1556 1097 1609 mihi
1112 1556 1142 1609 in
1156 1557 1271 1629 signum

147 1639 179 1683 et
192 1628 340 1683 monitum
355 1638 435 1690 sunt,
449 1639 484 1683 ut
499 1630 630 1684 sermoni
644 1647 713 1684 meo
728 1632 927 1701 superaddam
943 1632 1025 1694 haec,
1038 1634 1121 1703 quod
1134 1634 1272 1688 dextrum

148 1724 185 1764 ex
199 1709 319 1778 paribus
334 1708 391 1763 illis
401 1708 550 1779 significet
562 1710 676 1763 bonum
690 1710 817 1772 illorum.
827 1722 857 1765 et
867 1712 949 1781 quod
960 1712 1114 1766 sinistrum
1126 1713 1272 1784 significet

148 1804 252 1842 verum
267 1788 402 1849 illorum:
417 1799 448 1843 et
457 1790 539 1858 quod
550 1789 608 1843 hoc
617 1789 656 1843 sit
666 1805 702 1843 ex
712 1791 856 1860 conjugio
865 1790 936 1844 boni
947 1802 978 1845 et
987 1792 1057 1852 veri,
1065 1793 1148 1861 quod
1160 1793 1272 1848 homini

149 1867 179 1921 in
195 1868 348 1922 communi
365 1878 396 1922 et
412 1868 442 1921 in
458 1869 540 1922 omni
556 1869 697 1938 singulari
716 1870 781 1939 ejus
801 1869 975 1940 inscriptum
991 1881 1046 1932 est,
1059 1887 1094 1924 ac
1109 1872 1224 1926 bonum
1242 1888 1272 1926 sc

149 1945 239 2001 refert
253 1948 291 2001 ad
306 1948 504 2008 voluntatem,
520 1958 551 2002 et
565 1964 667 2002 verum
687 1949 725 2002 ad
746 1948 939 2010 intellefium
955 1965 990 2003 ac
1008 1961 1171 2021 utrumque
1187 1951 1271 2006 simul

148 2027 186 2080 ad
200 2043 309 2088 unum:
330 2027 399 2081 inde
412 2037 466 2088 est.
480 2028 563 2097 quod
577 2027 606 2081 in
621 2028 704 2081 caelo
717 2028 823 2082 dexter
835 2029 940 2083 oculus
953 2029 993 2082 sit
1005 2030 1119 2083 bonum
1133 2031 1226 2092 visus,
1239 2046 1272 2085 ac

148 2106 269 2161 sinister
286 2123 390 2161 verum
410 2107 482 2176 ejus.
498 2117 563 2160 tum
583 2107 664 2177 quod
680 2108 786 2161 dextra
804 2108 884 2161 auris
902 2109 942 2162 sit
961 2109 1075 2162 bonum
1094 2109 1225 2171 auditus,
1238 2125 1271 2164 ac

148 2186 269 2240 sinistra
283 2202 387 2240 verum
403 2187 475 2256 ejus.
492 2198 526 2239 ut
541 2196 572 2240 et
586 2187 669 2256 quod
688 2187 794 2240 dextra
809 2202 914 2241 manus
929 2187 969 2242 sit
987 2189 1099 2242 bonum
1121 2189 1271 2259 potentiae

149 2265 288 2327 hominis,
302 2282 337 2319 ac
350 2265 471 2320 sinistra
486 2281 590 2320 verum
603 2265 686 2335 ejus;
705 2277 735 2319 et
750 2266 889 2320 similiter
904 2266 933 2319 in
951 2268 1070 2337 paribus
1086 2268 1225 2338 reliquis:
1242 2278 1271 2322 et

147 2345 290 2413 quoniam
310 2346 448 2399 dextrum
468 2354 500 2399 et
517 2345 672 2400 sinistrum
691 2345 806 2399 illarum
826 2345 1080 2416 significationum
1098 2357 1179 2410 sunt,
1197 2348 1271 2402 dixit

150 2422 306 2486 Dominus,

194 2525 231 2571 'Si
243 2525 327 2570 dexter
337 2524 421 2570 oculus
432 2524 626 2569 scandalizaverit
637 2530 667 2574 te.
678 2537 736 2569 eme
745 2525 826 2576 illum:
837 2559 843 2571 .
853 2559 859 2571 .
869 2560 875 2570 .
886 2559 891 2571 .
902 2525 954 2570 etsi
966 2525 1050 2571 dextra
1061 2539 1147 2572 manus
1157 2526 1271 2572 scandali-

270 2586 357 2631 caverit
368 2593 398 2637 te.
410 2592 510 2642 amputa
520 2585 598 2629 illam'
612 2582 725 2644 [(Μακῂ.
737 2599 759 2631 v.
772 2599 809 2643 29,
820 2585 888 2644 3ο)];

149 2710 201 2764 per
212 2694 293 2764 quod
308 2693 462 2754 intellexit,
476 2694 500 2747 si
516 2694 627 2747 bonum
645 2693 697 2749 fiat
713 2693 833 2756 malum,
847 2695 928 2765 quod
949 2695 1007 2748 hoc
1023 2695 1205 2766 ejiciendum
1218 2695 1270 2751 sit:

148 2785 214 2827 tum

194 2875 268 2931 Quod
279 2874 364 2918 dixerit
375 2875 406 2919 ad
418 2873 555 2931 discipulos,
563 2880 589 2918 ut
600 2875 733 2920 emitterent
744 2882 793 2920 rete
804 2875 828 2918 in
839 2876 947 2919 dextram
959 2883 1050 2933 partem
1060 2875 1155 2933 navigii.
1164 2883 1188 2920 et
1199 2876 1269 2933 quod.

269 2935 328 2978 dum
344 2935 377 2979 lta
393 2934 506 2987 fecerunt,
518 2935 640 2992 ingentem
656 2936 833 2980 multitudinem
850 2936 950 2994 piscium
967 2936 1074 2994 ceperint
1091 2935 1178 2998 [(Joi.
1191 2936 1236 2982 xxi.
1247 2937 1268 2987 6.

268 2993 322 3053 7]):

149 3120 201 3174 per
213 3103 295 3172 quod
311 3103 466 3163 intellexit.
480 3114 514 3158 ut
527 3104 670 3159 docerent
686 3104 799 3159 bonum
812 3103 976 3179 charitatis.
990 3115 1021 3159 et
1034 3106 1115 3176 quod
1131 3105 1176 3161 sic
1188 3105 1268 3160 colli·

148 3192 253 3254 gerent
267 3182 431 3236 homines.''

204 3261 277 3316 Post
296 3262 370 3316 haec
390 3261 477 3323 ditia.
494 3262 602 3317 iterum
622 3263 805 3332 apparebant
824 3263 886 3317 duo
906 3262 956 3316 illa
974 3261 1107 3324 fulmina,
1124 3262 1269 3333 prioribus

149 3341 285 3403 mitiora;
304 3353 335 3395 et
354 3341 511 3396 videbatur
529 3353 608 3403 tunc,
628 3342 710 3412 quod
730 3341 842 3396 fulmen
862 3341 1013 3396 sinistrum
1034 3342 1166 3397 traheret
1185 3357 1268 3397 suum

147 3421 308 3475 candorem
327 3437 365 3475 ex
385 3420 474 3475 rutilo
494 3421 561 3492 igne
579 3419 712 3475 fulminis
730 3421 844 3475 dextri:
863 3421 970 3491 quibus
985 3421 1063 3483 visis.
1079 3421 1163 3482 dixit.
1178 3421 1270 3476 “Hoc

147 3510 193 3555 est
204 3500 321 3570 signum
332 3499 571 3554 confirmativum
583 3501 727 3554 sermonis
738 3500 795 3554 mei
806 3516 822 3554 e
836 3500 925 3560 caelo,
936 3499 1006 3570 quia
1016 3500 1136 3571 igneum
1148 3500 1178 3554 in
1189 3501 1270 3555 caelo

148 3589 194 3634 est
207 3579 329 3636 bonum,
342 3589 372 3633 et
385 3579 546 3632 candidum
563 3578 603 3632 ibi
618 3589 664 3633 est
676 3596 793 3640 verum:
813 3591 844 3632 et
857 3579 938 3649 quod
952 3580 1047 3633 visum
1061 3580 1100 3633 sit
1112 3581 1195 3649 quod
1215 3579 1269 3633 ful·

149 3675 217 3713 men
229 3658 378 3712 sinistrum
390 3659 522 3713 traheret
531 3674 617 3712 suum
628 3660 788 3712 candorem
799 3674 836 3712 ex
847 3658 936 3712 rutilo
947 3657 1015 3729 igne
1025 3657 1158 3713 fulminis
1166 3658 1270 3720 dextri,

148 3738 265 3808 signum
280 3738 548 3792 demonstrativum
562 3747 614 3799 est.
629 3738 710 3808 quod
724 3738 836 3791 candor
848 3736 922 3792 lucis
934 3753 987 3791 seu
1001 3736 1052 3791 lux
1064 3753 1124 3791 non
1136 3737 1219 3793 aliud
1231 3737 1270 3792 sit

148 3834 238 3888 quam
252 3817 393 3887 splendor
406 3816 509 3887 ignis.”

204 3894 261 3951 His
270 3895 387 3957 auditis,
398 3911 502 3949 omnes
514 3911 532 3949 a
545 3893 719 3948 fulminibus
731 3894 795 3956 illis,
805 3903 836 3950 et
849 3910 1013 3950 asermone
1025 3894 1063 3951 de
1077 3894 1143 3958 illis.
1154 3894 1268 3952 accensi

150 3978 230 4032 bono
243 3986 275 4030 et
286 3991 357 4031 vero
370 3974 508 4037 laetitiae,
522 3975 645 4028 domum
661 3974 793 4030 abibant.
