<?xml version="1.0" encoding="UTF-8"?>
<!DOCTYPE html PUBLIC "-//W3C//DTD XHTML 1.0 Transitional//EN"
    "http://www.w3.org/TR/xhtml1/DTD/xhtml1-transitional.dtd">
<html xmlns="http://www.w3.org/1999/xhtml" xml:lang="en" lang="en">
 <head>
  <title>
</title>
<meta http-equiv="Content-Type" content="text/html;charset=utf-8" />
  <meta name='ocr-system' content='tesseract 3.04.00' />
  <meta name='ocr-capabilities' content='ocr_page ocr_carea ocr_par ocr_line ocrx_word'/>
</head>
<body>
  <div class='ocr_page' id='page_1' title='image "./deliciaesapient00swedgoog_0160.png"; bbox 0 0 2782 5026; ppageno 0'>
   <div class='ocr_carea' id='block_1_1' title="bbox 332 443 1208 525">
    <p class='ocr_par' dir='ltr' id='par_1_1' title="bbox 332 443 1208 525">
     <span class='ocr_line' id='line_1_1' title="bbox 332 443 1208 525; baseline -0.009 -13"><span class='ocrx_word' id='word_1_1' title='bbox 332 462 383 512; x_wconf 82' lang='lat' dir='ltr'>ns</span> <span class='ocrx_word' id='word_1_2' title='bbox 406 456 885 525; x_wconf 74' lang='lat' dir='ltr'>suouacouJuctst1.-v.</span> <span class='ocrx_word' id='word_1_3' title='bbox 909 443 978 523; x_wconf 90' lang='lat'>183.</span> <span class='ocrx_word' id='word_1_4' title='bbox 1154 455 1208 522; x_wconf 85' lang='lat'>151</span> 
     </span>
    </p>
   </div>
   <div class='ocr_carea' id='block_1_2' title="bbox 57 624 1215 2363">
    <p class='ocr_par' dir='ltr' id='par_1_2' title="bbox 63 624 1214 1021">
     <span class='ocr_line' id='line_1_2' title="bbox 64 624 1214 704; baseline -0.008 -16"><span class='ocrx_word' id='word_1_5' title='bbox 64 633 216 704; x_wconf 83' lang='lat' dir='ltr'>cogitavi</span> <span class='ocrx_word' id='word_1_6' title='bbox 230 632 265 687; x_wconf 89' lang='lat' dir='ltr'>in</span> <span class='ocrx_word' id='word_1_7' title='bbox 279 631 413 694; x_wconf 86' lang='lat' dir='ltr'>mundo;</span> <span class='ocrx_word' id='word_1_8' title='bbox 430 641 463 686; x_wconf 91' lang='lat' dir='ltr'>at</span> <span class='ocrx_word' id='word_1_9' title='bbox 475 646 554 685; x_wconf 89' lang='lat' dir='ltr'>nunc</span> <span class='ocrx_word' id='word_1_10' title='bbox 566 646 635 685; x_wconf 92' lang='lat' dir='ltr'>cum</span> <span class='ocrx_word' id='word_1_11' title='bbox 648 629 711 682; x_wconf 92' lang='lat' dir='ltr'>vidi</span> <span class='ocrx_word' id='word_1_12' title='bbox 721 626 830 688; x_wconf 88' lang='lat' dir='ltr'>omnia,</span> <span class='ocrx_word' id='word_1_13' title='bbox 841 642 876 682; x_wconf 88' lang='lat' dir='ltr'>ac</span> <span class='ocrx_word' id='word_1_14' title='bbox 888 625 974 696; x_wconf 86' lang='lat' dir='ltr'>tetigi</span> <span class='ocrx_word' id='word_1_15' title='bbox 989 624 1126 679; x_wconf 87' lang='lat' dir='ltr'>manibus</span> <span class='ocrx_word' id='word_1_16' title='bbox 1139 624 1214 679; x_wconf 90' lang='lat' dir='ltr'>meis</span> 
     </span>
     <span class='ocr_line' id='line_1_3' title="bbox 65 704 1214 780; baseline -0.01 -11"><span class='ocrx_word' id='word_1_17' title='bbox 65 713 192 773; x_wconf 88' lang='lat' dir='ltr'>omnia,</span> <span class='ocrx_word' id='word_1_18' title='bbox 212 709 376 766; x_wconf 70' lang='lat' dir='ltr'>convidlus</span> <span class='ocrx_word' id='word_1_19' title='bbox 396 727 461 766; x_wconf 88' lang='lat' dir='ltr'>sum</span> <span class='ocrx_word' id='word_1_20' title='bbox 484 726 537 780; x_wconf 88' lang='lat' dir='ltr'>per</span> <span class='ocrx_word' id='word_1_21' title='bbox 556 710 637 780; x_wconf 87' lang='lat' dir='ltr'>ipsos</span> <span class='ocrx_word' id='word_1_22' title='bbox 657 724 771 768; x_wconf 89' lang='lat' dir='ltr'>sensus,</span> <span class='ocrx_word' id='word_1_23' title='bbox 792 706 874 776; x_wconf 91' lang='lat' dir='ltr'>quod</span> <span class='ocrx_word' id='word_1_24' title='bbox 894 706 950 760; x_wconf 89' lang='lat' dir='ltr'>sim</span> <span class='ocrx_word' id='word_1_25' title='bbox 971 705 1063 759; x_wconf 91' lang='lat' dir='ltr'>homo</span> <span class='ocrx_word' id='word_1_26' title='bbox 1083 704 1161 759; x_wconf 87' lang='lat' dir='ltr'>sicut</span> <span class='ocrx_word' id='word_1_27' title='bbox 1182 704 1214 757; x_wconf 90' lang='lat' dir='ltr'>in</span> 
     </span>
     <span class='ocr_line' id='line_1_4' title="bbox 67 784 1213 858; baseline -0.007 -12"><span class='ocrx_word' id='word_1_28' title='bbox 67 792 215 855; x_wconf 65' lang='lat' dir='ltr'>anundm</span> <span class='ocrx_word' id='word_1_29' title='bbox 233 792 315 847; x_wconf 84' lang='lat' dir='ltr'>adeo</span> <span class='ocrx_word' id='word_1_30' title='bbox 328 801 362 845; x_wconf 94' lang='lat' dir='ltr'>ut</span> <span class='ocrx_word' id='word_1_31' title='bbox 377 806 438 844; x_wconf 91' lang='lat' dir='ltr'>non</span> <span class='ocrx_word' id='word_1_32' title='bbox 453 790 544 845; x_wconf 89' lang='lat' dir='ltr'>sciam</span> <span class='ocrx_word' id='word_1_33' title='bbox 558 789 646 849; x_wconf 87' lang='lat' dir='ltr'>aliud,</span> <span class='ocrx_word' id='word_1_34' title='bbox 660 804 749 858; x_wconf 89' lang='lat' dir='ltr'>quam</span> <span class='ocrx_word' id='word_1_35' title='bbox 762 788 844 857; x_wconf 92' lang='lat' dir='ltr'>quod</span> <span class='ocrx_word' id='word_1_36' title='bbox 857 787 955 841; x_wconf 88' lang='lat' dir='ltr'>vivam</span> <span class='ocrx_word' id='word_1_37' title='bbox 971 785 1049 840; x_wconf 90' lang='lat' dir='ltr'>sicut</span> <span class='ocrx_word' id='word_1_38' title='bbox 1061 784 1131 845; x_wconf 86' lang='lat' dir='ltr'>vixi,</span> <span class='ocrx_word' id='word_1_39' title='bbox 1144 800 1213 839; x_wconf 93' lang='lat' dir='ltr'>cum</span> 
     </span>
     <span class='ocr_line' id='line_1_5' title="bbox 65 863 1213 940; baseline -0.008 -14"><span class='ocrx_word' id='word_1_40' title='bbox 65 871 266 932; x_wconf 76' lang='lat' dir='ltr'>differentia,</span> <span class='ocrx_word' id='word_1_41' title='bbox 282 871 365 940; x_wconf 91' lang='lat' dir='ltr'>quod</span> <span class='ocrx_word' id='word_1_42' title='bbox 384 869 461 925; x_wconf 87' lang='lat' dir='ltr'>ratio</span> <span class='ocrx_word' id='word_1_43' title='bbox 480 885 560 923; x_wconf 90' lang='lat' dir='ltr'>nunc</span> <span class='ocrx_word' id='word_1_44' title='bbox 579 868 653 924; x_wconf 89' lang='lat' dir='ltr'>mihi</span> <span class='ocrx_word' id='word_1_45' title='bbox 672 867 774 924; x_wconf 88' lang='lat' dir='ltr'>sanior</span> <span class='ocrx_word' id='word_1_46' title='bbox 791 866 846 929; x_wconf 75' lang='lat' dir='ltr'>sit:</span> <span class='ocrx_word' id='word_1_47' title='bbox 864 865 1024 935; x_wconf 81' lang='lat' dir='ltr'><strong>aliquoties</strong></span> <span class='ocrx_word' id='word_1_48' title='bbox 1043 863 1151 934; x_wconf 89' lang='lat' dir='ltr'>puduit</span> <span class='ocrx_word' id='word_1_49' title='bbox 1166 879 1213 918; x_wconf 85' lang='lat' dir='ltr'>ms</span> 
     </span>
     <span class='ocr_line' id='line_1_6' title="bbox 63 948 481 1021; baseline -0.01 -15"><span class='ocrx_word' id='word_1_50' title='bbox 63 949 308 1021; x_wconf 79' lang='lat' dir='ltr'>cogitationum</span> <span class='ocrx_word' id='word_1_51' title='bbox 322 948 481 1019; x_wconf 87' lang='lat' dir='ltr'>priorum.”</span> 
     </span>
    </p>

    <p class='ocr_par' dir='ltr' id='par_1_3' title="bbox 64 1021 1215 1257">
     <span class='ocr_line' id='line_1_7' title="bbox 139 1021 1214 1097; baseline -0.006 -14"><span class='ocrx_word' id='word_1_52' title='bbox 139 1029 259 1083; x_wconf 87' lang='lat' dir='ltr'>Similia</span> <span class='ocrx_word' id='word_1_53' title='bbox 272 1029 310 1083; x_wconf 89' lang='lat' dir='ltr'>de</span> <span class='ocrx_word' id='word_1_54' title='bbox 323 1044 354 1083; x_wconf 85' lang='lat' dir='ltr'>se</span> <span class='ocrx_word' id='word_1_55' title='bbox 367 1027 498 1082; x_wconf 88' lang='lat' dir='ltr'>narravit</span> <span class='ocrx_word' id='word_1_56' title='bbox 511 1025 722 1097; x_wconf 87' lang='lat' dir='ltr'>philosophus;</span> <span class='ocrx_word' id='word_1_57' title='bbox 741 1035 873 1080; x_wconf 85' lang='lat' dir='ltr'>attamen</span> <span class='ocrx_word' id='word_1_58' title='bbox 886 1041 955 1078; x_wconf 86' lang='lat' dir='ltr'>curn</span> <span class='ocrx_word' id='word_1_59' title='bbox 968 1023 1024 1078; x_wconf 86' lang='lat' dir='ltr'>hac</span> <span class='ocrx_word' id='word_1_60' title='bbox 1036 1021 1214 1084; x_wconf 73' lang='lat' dir='ltr'>differentia,</span> 
     </span>
     <span class='ocr_line' id='line_1_8' title="bbox 68 1101 1215 1178; baseline -0.009 -15"><span class='ocrx_word' id='word_1_61' title='bbox 68 1108 169 1178; x_wconf 74' lang='lat' dir='ltr'>quod</span> <span class='ocrx_word' id='word_1_62' title='bbox 184 1107 322 1162; x_wconf 85' lang='lat' dir='ltr'>retulerit</span> <span class='ocrx_word' id='word_1_63' title='bbox 334 1123 414 1162; x_wconf 90' lang='lat' dir='ltr'>nova</span> <span class='ocrx_word' id='word_1_64' title='bbox 432 1107 491 1168; x_wconf 92' lang='lat' dir='ltr'>illa,</span> <span class='ocrx_word' id='word_1_65' title='bbox 504 1122 581 1176; x_wconf 90' lang='lat' dir='ltr'>quae</span> <span class='ocrx_word' id='word_1_66' title='bbox 596 1106 751 1160; x_wconf 87' lang='lat' dir='ltr'>audiverat</span> <span class='ocrx_word' id='word_1_67' title='bbox 769 1105 807 1159; x_wconf 87' lang='lat' dir='ltr'>de</span> <span class='ocrx_word' id='word_1_68' title='bbox 825 1104 887 1159; x_wconf 86' lang='lat' dir='ltr'>vita</span> <span class='ocrx_word' id='word_1_69' title='bbox 902 1113 971 1174; x_wconf 90' lang='lat' dir='ltr'>post</span> <span class='ocrx_word' id='word_1_70' title='bbox 985 1113 1122 1164; x_wconf 88' lang='lat' dir='ltr'>mortem,</span> <span class='ocrx_word' id='word_1_71' title='bbox 1136 1101 1215 1155; x_wconf 88' lang='lat' dir='ltr'>inter</span> 
     </span>
     <span class='ocr_line' id='line_1_9' title="bbox 64 1182 1166 1257; baseline -0.005 -16"><span class='ocrx_word' id='word_1_72' title='bbox 64 1187 249 1257; x_wconf 81' lang='lat' dir='ltr'>opiniones</span> <span class='ocrx_word' id='word_1_73' title='bbox 260 1197 292 1241; x_wconf 90' lang='lat' dir='ltr'>et</span> <span class='ocrx_word' id='word_1_74' title='bbox 305 1185 494 1257; x_wconf 79' lang='lat' dir='ltr'>hypotheses,</span> <span class='ocrx_word' id='word_1_75' title='bbox 507 1201 581 1256; x_wconf 87' lang='lat' dir='ltr'>quas</span> <span class='ocrx_word' id='word_1_76' title='bbox 593 1201 631 1239; x_wconf 86' lang='lat' dir='ltr'>ex</span> <span class='ocrx_word' id='word_1_77' title='bbox 643 1184 775 1255; x_wconf 89' lang='lat' dir='ltr'>antiquis</span> <span class='ocrx_word' id='word_1_78' title='bbox 787 1195 819 1238; x_wconf 89' lang='lat' dir='ltr'>et</span> <span class='ocrx_word' id='word_1_79' title='bbox 831 1182 985 1238; x_wconf 86' lang='lat' dir='ltr'>hodiernis</span> <span class='ocrx_word' id='word_1_80' title='bbox 998 1182 1166 1252; x_wconf 85' lang='lat' dir='ltr'>collegerat.</span> 
     </span>
    </p>

    <p class='ocr_par' dir='ltr' id='par_1_4' title="bbox 57 1260 1215 1809">
     <span class='ocr_line' id='line_1_10' title="bbox 138 1260 1214 1335; baseline -0.006 -14"><span class='ocrx_word' id='word_1_81' title='bbox 138 1265 201 1321; x_wconf 85' lang='lat' dir='ltr'>His</span> <span class='ocrx_word' id='word_1_82' title='bbox 218 1265 331 1320; x_wconf 86' lang='lat' dir='ltr'>auditis</span> <span class='ocrx_word' id='word_1_83' title='bbox 344 1266 566 1335; x_wconf 87' lang='lat' dir='ltr'>obstupuerunt</span> <span class='ocrx_word' id='word_1_84' title='bbox 584 1263 689 1333; x_wconf 87' lang='lat' dir='ltr'>sopbi;</span> <span class='ocrx_word' id='word_1_85' title='bbox 713 1273 745 1318; x_wconf 91' lang='lat' dir='ltr'>et</span> <span class='ocrx_word' id='word_1_86' title='bbox 766 1263 808 1318; x_wconf 90' lang='lat' dir='ltr'>illi</span> <span class='ocrx_word' id='word_1_87' title='bbox 831 1263 882 1333; x_wconf 90' lang='lat' dir='ltr'>qui</span> <span class='ocrx_word' id='word_1_88' title='bbox 904 1278 922 1317; x_wconf 93' lang='lat' dir='ltr'>e</span> <span class='ocrx_word' id='word_1_89' title='bbox 943 1262 1045 1316; x_wconf 90' lang='lat' dir='ltr'>schola</span> <span class='ocrx_word' id='word_1_90' title='bbox 1062 1260 1214 1315; x_wconf 82' lang='lat' dir='ltr'>Socratica</span> 
     </span>
     <span class='ocr_line' id='line_1_11' title="bbox 61 1339 1215 1414; baseline -0.005 -14"><span class='ocrx_word' id='word_1_91' title='bbox 61 1355 181 1407; x_wconf 71' lang='lat' dir='ltr'>erant,</span> <span class='ocrx_word' id='word_1_92' title='bbox 194 1345 344 1406; x_wconf 84' lang='lat' dir='ltr'>dixerunt,</span> <span class='ocrx_word' id='word_1_93' title='bbox 357 1344 440 1414; x_wconf 91' lang='lat' dir='ltr'>quod</span> <span class='ocrx_word' id='word_1_94' title='bbox 453 1359 491 1398; x_wconf 88' lang='lat' dir='ltr'>ex</span> <span class='ocrx_word' id='word_1_95' title='bbox 503 1344 589 1399; x_wconf 89' lang='lat' dir='ltr'>novis</span> <span class='ocrx_word' id='word_1_96' title='bbox 601 1343 649 1397; x_wconf 90' lang='lat' dir='ltr'>his</span> <span class='ocrx_word' id='word_1_97' title='bbox 661 1359 678 1398; x_wconf 89' lang='lat' dir='ltr'>e</span> <span class='ocrx_word' id='word_1_98' title='bbox 693 1343 779 1398; x_wconf 88' lang='lat' dir='ltr'>terris</span> <span class='ocrx_word' id='word_1_99' title='bbox 792 1341 964 1412; x_wconf 87' lang='lat' dir='ltr'>percipiant,</span> <span class='ocrx_word' id='word_1_100' title='bbox 978 1340 1058 1411; x_wconf 91' lang='lat' dir='ltr'>quod</span> <span class='ocrx_word' id='word_1_101' title='bbox 1074 1339 1215 1394; x_wconf 87' lang='lat' dir='ltr'>interiora</span> 
     </span>
     <span class='ocr_line' id='line_1_12' title="bbox 65 1418 1214 1490; baseline -0.007 -10"><span class='ocrx_word' id='word_1_102' title='bbox 65 1425 237 1481; x_wconf 72' lang='lat' dir='ltr'>tuentium</span> <span class='ocrx_word' id='word_1_103' title='bbox 248 1423 444 1479; x_wconf 89' lang='lat' dir='ltr'>humanarum</span> <span class='ocrx_word' id='word_1_104' title='bbox 454 1422 619 1479; x_wconf 76' lang='lat' dir='ltr'>successive</span> <span class='ocrx_word' id='word_1_105' title='bbox 628 1423 748 1477; x_wconf 90' lang='lat' dir='ltr'>occlusa</span> <span class='ocrx_word' id='word_1_106' title='bbox 757 1421 825 1482; x_wconf 89' lang='lat' dir='ltr'>sint,</span> <span class='ocrx_word' id='word_1_107' title='bbox 835 1431 866 1476; x_wconf 87' lang='lat' dir='ltr'>et</span> <span class='ocrx_word' id='word_1_108' title='bbox 875 1421 956 1490; x_wconf 90' lang='lat' dir='ltr'>quod</span> <span class='ocrx_word' id='word_1_109' title='bbox 967 1436 1046 1474; x_wconf 91' lang='lat' dir='ltr'>nunc</span> <span class='ocrx_word' id='word_1_110' title='bbox 1060 1419 1088 1473; x_wconf 90' lang='lat' dir='ltr'>in</span> <span class='ocrx_word' id='word_1_111' title='bbox 1100 1418 1214 1472; x_wconf 92' lang='lat' dir='ltr'>mundo</span> 
     </span>
     <span class='ocr_line' id='line_1_13' title="bbox 60 1498 1214 1572; baseline -0.005 -15"><span class='ocrx_word' id='word_1_112' title='bbox 60 1503 163 1559; x_wconf 68' lang='lat' dir='ltr'>fides</span> <span class='ocrx_word' id='word_1_113' title='bbox 175 1502 243 1559; x_wconf 83' lang='lat' dir='ltr'>ialsi</span> <span class='ocrx_word' id='word_1_114' title='bbox 256 1503 355 1559; x_wconf 91' lang='lat' dir='ltr'>luceat</span> <span class='ocrx_word' id='word_1_115' title='bbox 366 1502 444 1557; x_wconf 87' lang='lat' dir='ltr'>sicut</span> <span class='ocrx_word' id='word_1_116' title='bbox 456 1501 573 1563; x_wconf 90' lang='lat' dir='ltr'>veritas,</span> <span class='ocrx_word' id='word_1_117' title='bbox 583 1518 618 1556; x_wconf 91' lang='lat' dir='ltr'>ac</span> <span class='ocrx_word' id='word_1_118' title='bbox 631 1500 824 1572; x_wconf 89' lang='lat' dir='ltr'>ingeniositas</span> <span class='ocrx_word' id='word_1_119' title='bbox 834 1500 916 1554; x_wconf 86' lang='lat' dir='ltr'>latua</span> <span class='ocrx_word' id='word_1_120' title='bbox 929 1500 1006 1554; x_wconf 90' lang='lat' dir='ltr'>sicut</span> <span class='ocrx_word' id='word_1_121' title='bbox 1019 1498 1172 1568; x_wconf 85' lang='lat' dir='ltr'>sapientia,</span> <span class='ocrx_word' id='word_1_122' title='bbox 1182 1507 1214 1553; x_wconf 88' lang='lat' dir='ltr'>et</span> 
     </span>
     <span class='ocr_line' id='line_1_14' title="bbox 57 1579 1214 1652; baseline -0.001 -17"><span class='ocrx_word' id='word_1_123' title='bbox 57 1583 170 1652; x_wconf 73' lang='lat' dir='ltr'>quod</span> <span class='ocrx_word' id='word_1_124' title='bbox 183 1582 237 1637; x_wconf 83' lang='lat' dir='ltr'>lux</span> <span class='ocrx_word' id='word_1_125' title='bbox 246 1581 408 1651; x_wconf 86' lang='lat' dir='ltr'>sapientiae</span> <span class='ocrx_word' id='word_1_126' title='bbox 422 1597 440 1635; x_wconf 90' lang='lat' dir='ltr'>a</span> <span class='ocrx_word' id='word_1_127' title='bbox 452 1581 563 1636; x_wconf 87' lang='lat' dir='ltr'>nostris</span> <span class='ocrx_word' id='word_1_128' title='bbox 572 1580 758 1650; x_wconf 86' lang='lat' dir='ltr'>temporibus</span> <span class='ocrx_word' id='word_1_129' title='bbox 770 1595 801 1634; x_wconf 90' lang='lat' dir='ltr'>se</span> <span class='ocrx_word' id='word_1_130' title='bbox 813 1579 964 1633; x_wconf 83' lang='lat' dir='ltr'>demiserit</span> <span class='ocrx_word' id='word_1_131' title='bbox 976 1580 1014 1632; x_wconf 89' lang='lat' dir='ltr'>ab</span> <span class='ocrx_word' id='word_1_132' title='bbox 1025 1579 1214 1634; x_wconf 89' lang='lat' dir='ltr'>interioribus</span> 
     </span>
     <span class='ocr_line' id='line_1_15' title="bbox 57 1658 1214 1728; baseline -0.002 -12"><span class='ocrx_word' id='word_1_133' title='bbox 57 1661 202 1716; x_wconf 72' lang='lat' dir='ltr'>‹ierebri</span> <span class='ocrx_word' id='word_1_134' title='bbox 216 1660 246 1714; x_wconf 88' lang='lat' dir='ltr'>in</span> <span class='ocrx_word' id='word_1_135' title='bbox 259 1676 295 1715; x_wconf 89' lang='lat' dir='ltr'>os</span> <span class='ocrx_word' id='word_1_136' title='bbox 306 1660 362 1715; x_wconf 89' lang='lat' dir='ltr'>sub</span> <span class='ocrx_word' id='word_1_137' title='bbox 372 1676 485 1721; x_wconf 88' lang='lat' dir='ltr'>nasum,</span> <span class='ocrx_word' id='word_1_138' title='bbox 498 1659 549 1714; x_wconf 92' lang='lat' dir='ltr'>ubi</span> <span class='ocrx_word' id='word_1_139' title='bbox 563 1659 613 1713; x_wconf 88' lang='lat' dir='ltr'>illa</span> <span class='ocrx_word' id='word_1_140' title='bbox 624 1675 723 1713; x_wconf 87' lang='lat' dir='ltr'>coram</span> <span class='ocrx_word' id='word_1_141' title='bbox 737 1658 833 1713; x_wconf 89' lang='lat' dir='ltr'>oculis</span> <span class='ocrx_word' id='word_1_142' title='bbox 845 1669 969 1728; x_wconf 88' lang='lat' dir='ltr'>apparet</span> <span class='ocrx_word' id='word_1_143' title='bbox 981 1658 1059 1712; x_wconf 85' lang='lat' dir='ltr'>sicut</span> <span class='ocrx_word' id='word_1_144' title='bbox 1072 1658 1214 1728; x_wconf 89' lang='lat' dir='ltr'>splendor</span> 
     </span>
     <span class='ocr_line' id='line_1_16' title="bbox 59 1738 763 1809; baseline -0.006 -14"><span class='ocrx_word' id='word_1_145' title='bbox 59 1739 170 1800; x_wconf 81' lang='lat' dir='ltr'>labri,</span> <span class='ocrx_word' id='word_1_146' title='bbox 182 1755 219 1795; x_wconf 92' lang='lat' dir='ltr'>ac</span> <span class='ocrx_word' id='word_1_147' title='bbox 231 1739 351 1809; x_wconf 85' lang='lat' dir='ltr'>loquela</span> <span class='ocrx_word' id='word_1_148' title='bbox 363 1739 425 1795; x_wconf 88' lang='lat' dir='ltr'>oris</span> <span class='ocrx_word' id='word_1_149' title='bbox 437 1739 507 1793; x_wconf 90' lang='lat' dir='ltr'>inde</span> <span class='ocrx_word' id='word_1_150' title='bbox 520 1739 598 1792; x_wconf 90' lang='lat' dir='ltr'>sicut</span> <span class='ocrx_word' id='word_1_151' title='bbox 609 1738 763 1808; x_wconf 83' lang='lat' dir='ltr'>sapientia.</span> 
     </span>
    </p>

    <p class='ocr_par' dir='ltr' id='par_1_5' title="bbox 57 1815 1214 2126">
     <span class='ocr_line' id='line_1_17' title="bbox 143 1815 1213 1888; baseline 0.001 -16"><span class='ocrx_word' id='word_1_152' title='bbox 143 1819 203 1872; x_wconf 89' lang='lat' dir='ltr'>His</span> <span class='ocrx_word' id='word_1_153' title='bbox 220 1818 332 1873; x_wconf 89' lang='lat' dir='ltr'>auditis</span> <span class='ocrx_word' id='word_1_154' title='bbox 353 1818 475 1888; x_wconf 90' lang='lat' dir='ltr'>quidam</span> <span class='ocrx_word' id='word_1_155' title='bbox 491 1834 528 1871; x_wconf 86' lang='lat' dir='ltr'>ex</span> <span class='ocrx_word' id='word_1_156' title='bbox 551 1817 702 1871; x_wconf 88' lang='lat' dir='ltr'>tironibus</span> <span class='ocrx_word' id='word_1_157' title='bbox 727 1816 767 1870; x_wconf 92' lang='lat' dir='ltr'>ibi</span> <span class='ocrx_word' id='word_1_158' title='bbox 789 1815 874 1879; x_wconf 85' lang='lat' dir='ltr'>dixit,</span> <span class='ocrx_word' id='word_1_159' title='bbox 888 1815 952 1870; x_wconf 85' lang='lat' dir='ltr'>“Et</span> <span class='ocrx_word' id='word_1_160' title='bbox 964 1831 1054 1885; x_wconf 88' lang='lat' dir='ltr'>quam</span> <span class='ocrx_word' id='word_1_161' title='bbox 1076 1815 1213 1886; x_wconf 80' lang='lat' dir='ltr'>stupidae</span> 
     </span>
     <span class='ocr_line' id='line_1_18' title="bbox 57 1894 1213 1965; baseline -0.004 -12"><span class='ocrx_word' id='word_1_162' title='bbox 57 1909 206 1953; x_wconf 65' lang='lat' dir='ltr'>tuentes</span> <span class='ocrx_word' id='word_1_163' title='bbox 220 1897 426 1953; x_wconf 84' lang='lat' dir='ltr'>terricolarum</span> <span class='ocrx_word' id='word_1_164' title='bbox 441 1896 548 1958; x_wconf 77' lang='lat' dir='ltr'>hodie:</span> <span class='ocrx_word' id='word_1_165' title='bbox 573 1896 687 1950; x_wconf 86' lang='lat' dir='ltr'>utinam</span> <span class='ocrx_word' id='word_1_166' title='bbox 703 1896 843 1951; x_wconf 86' lang='lat' dir='ltr'>adessent</span> <span class='ocrx_word' id='word_1_167' title='bbox 861 1895 998 1965; x_wconf 89' lang='lat' dir='ltr'>discipuli</span> <span class='ocrx_word' id='word_1_168' title='bbox 1020 1894 1163 1949; x_wconf 86' lang='lat' dir='ltr'>Heracliti</span> <span class='ocrx_word' id='word_1_169' title='bbox 1182 1906 1213 1949; x_wconf 93' lang='lat' dir='ltr'>et</span> 
     </span>
     <span class='ocr_line' id='line_1_19' title="bbox 64 1973 1214 2048; baseline -0.003 -16"><span class='ocrx_word' id='word_1_170' title='bbox 64 1973 265 2039; x_wconf 75' lang='lat' dir='ltr'>Democriti,</span> <span class='ocrx_word' id='word_1_171' title='bbox 277 1976 328 2048; x_wconf 93' lang='lat' dir='ltr'>qui</span> <span class='ocrx_word' id='word_1_172' title='bbox 342 1975 441 2030; x_wconf 88' lang='lat' dir='ltr'>rident</span> <span class='ocrx_word' id='word_1_173' title='bbox 453 1976 491 2029; x_wconf 94' lang='lat' dir='ltr'>ad</span> <span class='ocrx_word' id='word_1_174' title='bbox 504 1976 614 2038; x_wconf 87' lang='lat' dir='ltr'>omnia,</span> <span class='ocrx_word' id='word_1_175' title='bbox 627 1975 721 2045; x_wconf 90' lang='lat' dir='ltr'>etqui</span> <span class='ocrx_word' id='word_1_176' title='bbox 735 1975 808 2030; x_wconf 84' lang='lat' dir='ltr'>flent</span> <span class='ocrx_word' id='word_1_177' title='bbox 822 1976 860 2028; x_wconf 94' lang='lat' dir='ltr'>ad</span> <span class='ocrx_word' id='word_1_178' title='bbox 875 1973 984 2037; x_wconf 87' lang='lat' dir='ltr'>omnia,</span> <span class='ocrx_word' id='word_1_179' title='bbox 997 1984 1029 2029; x_wconf 91' lang='lat' dir='ltr'>et</span> <span class='ocrx_word' id='word_1_180' title='bbox 1043 1975 1214 2030; x_wconf 82' lang='lat' dir='ltr'>audiremus</span> 
     </span>
     <span class='ocr_line' id='line_1_20' title="bbox 60 2055 683 2126; baseline 0 -17"><span class='ocrx_word' id='word_1_181' title='bbox 60 2071 232 2126; x_wconf 70' lang='lat' dir='ltr'>magnum</span> <span class='ocrx_word' id='word_1_182' title='bbox 245 2055 337 2110; x_wconf 86' lang='lat' dir='ltr'>risum</span> <span class='ocrx_word' id='word_1_183' title='bbox 350 2065 382 2111; x_wconf 87' lang='lat' dir='ltr'>et</span> <span class='ocrx_word' id='word_1_184' title='bbox 397 2070 538 2125; x_wconf 85' lang='lat' dir='ltr'>magnum</span> <span class='ocrx_word' id='word_1_185' title='bbox 552 2055 683 2109; x_wconf 87' lang='lat' dir='ltr'>fletum.”</span> 
     </span>
    </p>

    <p class='ocr_par' dir='ltr' id='par_1_6' title="bbox 60 2132 1213 2363">
     <span class='ocr_line' id='line_1_21' title="bbox 144 2132 1213 2204; baseline -0.002 -15"><span class='ocrx_word' id='word_1_186' title='bbox 144 2135 309 2204; x_wconf 90' lang='lat' dir='ltr'>Postquam</span> <span class='ocrx_word' id='word_1_187' title='bbox 323 2132 460 2203; x_wconf 70' lang='lat' dir='ltr'>peraelus</span> <span class='ocrx_word' id='word_1_188' title='bbox 475 2144 521 2189; x_wconf 88' lang='lat' dir='ltr'>est</span> <span class='ocrx_word' id='word_1_189' title='bbox 535 2134 585 2189; x_wconf 91' lang='lat' dir='ltr'>hic</span> <span class='ocrx_word' id='word_1_190' title='bbox 599 2143 773 2193; x_wconf 90' lang='lat' dir='ltr'>conventus,</span> <span class='ocrx_word' id='word_1_191' title='bbox 787 2133 935 2187; x_wconf 87' lang='lat' dir='ltr'>dederunt</span> <span class='ocrx_word' id='word_1_192' title='bbox 949 2132 1045 2187; x_wconf 90' lang='lat' dir='ltr'>tribus</span> <span class='ocrx_word' id='word_1_193' title='bbox 1060 2132 1181 2186; x_wconf 88' lang='lat' dir='ltr'>novitiis</span> <span class='ocrx_word' id='word_1_194' title='bbox 1195 2148 1213 2187; x_wconf 82' lang='lat' dir='ltr'>e</span> 
     </span>
     <span class='ocr_line' id='line_1_22' title="bbox 60 2211 1213 2283; baseline -0.002 -15"><span class='ocrx_word' id='word_1_195' title='bbox 60 2222 168 2268; x_wconf 66' lang='lat' dir='ltr'>terra</span> <span class='ocrx_word' id='word_1_196' title='bbox 183 2229 255 2268; x_wconf 87' lang='lat' dir='ltr'>suae</span> <span class='ocrx_word' id='word_1_197' title='bbox 270 2213 394 2267; x_wconf 88' lang='lat' dir='ltr'>ditionis</span> <span class='ocrx_word' id='word_1_198' title='bbox 410 2212 544 2283; x_wconf 82' lang='lat' dir='ltr'>insignia,</span> <span class='ocrx_word' id='word_1_199' title='bbox 558 2229 635 2283; x_wconf 90' lang='lat' dir='ltr'>quae</span> <span class='ocrx_word' id='word_1_200' title='bbox 649 2222 735 2268; x_wconf 89' lang='lat' dir='ltr'>erant</span> <span class='ocrx_word' id='word_1_201' title='bbox 750 2213 883 2267; x_wconf 87' lang='lat' dir='ltr'>lamellae</span> <span class='ocrx_word' id='word_1_202' title='bbox 896 2228 1030 2282; x_wconf 89' lang='lat' dir='ltr'>cupreae,</span> <span class='ocrx_word' id='word_1_203' title='bbox 1044 2228 1133 2281; x_wconf 88' lang='lat' dir='ltr'>super</span> <span class='ocrx_word' id='word_1_204' title='bbox 1147 2211 1213 2283; x_wconf 90' lang='lat' dir='ltr'>qui·</span> 
     </span>
     <span class='ocr_line' id='line_1_23' title="bbox 64 2291 1092 2363; baseline -0.001 -15"><span class='ocrx_word' id='word_1_205' title='bbox 64 2291 146 2348; x_wconf 72' lang='lat' dir='ltr'>lius</span> <span class='ocrx_word' id='word_1_206' title='bbox 156 2292 258 2363; x_wconf 85' lang='lat' dir='ltr'>aliqua</span> <span class='ocrx_word' id='word_1_207' title='bbox 270 2291 494 2363; x_wconf 85' lang='lat' dir='ltr'>hieroglyphica</span> <span class='ocrx_word' id='word_1_208' title='bbox 505 2301 626 2347; x_wconf 84' lang='lat' dir='ltr'>exarata</span> <span class='ocrx_word' id='word_1_209' title='bbox 637 2302 715 2354; x_wconf 86' lang='lat' dir='ltr'>sunt,</span> <span class='ocrx_word' id='word_1_210' title='bbox 725 2307 793 2347; x_wconf 90' lang='lat' dir='ltr'>cum</span> <span class='ocrx_word' id='word_1_211' title='bbox 807 2291 916 2363; x_wconf 87' lang='lat' dir='ltr'>quibus</span> <span class='ocrx_word' id='word_1_212' title='bbox 927 2291 1092 2347; x_wconf 89' lang='lat' dir='ltr'>abiverunt.</span> 
     </span>
    </p>
   </div>
   <div class='ocr_carea' id='block_1_3' title="bbox 59 2425 689 2536">
    <p class='ocr_par' dir='ltr' id='par_1_7' title="bbox 59 2425 689 2536">
     <span class='ocr_line' id='line_1_24' title="bbox 59 2425 689 2536; baseline 0 -18"><span class='ocrx_word' id='word_1_213' title='bbox 59 2425 186 2536; x_wconf 52' lang='lat'>2133·</span> <span class='ocrx_word' id='word_1_214' title='bbox 215 2455 377 2519; x_wconf 86' lang='lat' dir='ltr'>Alterum</span> <span class='ocrx_word' id='word_1_215' title='bbox 397 2455 621 2520; x_wconf 88' lang='lat' dir='ltr'>Memorabile</span> <span class='ocrx_word' id='word_1_216' title='bbox 635 2475 689 2518; x_wconf 82' lang='lat' dir='ltr'>t·-</span> 
     </span>
    </p>
   </div>
   <div class='ocr_carea' id='block_1_4' title="bbox 64 2596 1212 4490">
    <p class='ocr_par' dir='ltr' id='par_1_8' title="bbox 64 2596 1212 3065">
     <span class='ocr_line' id='line_1_25' title="bbox 143 2596 1212 2669; baseline 0 -17"><span class='ocrx_word' id='word_1_217' title='bbox 143 2596 294 2669; x_wconf 84' lang='lat' dir='ltr'>Apparuit</span> <span class='ocrx_word' id='word_1_218' title='bbox 308 2597 382 2651; x_wconf 90' lang='lat' dir='ltr'>mihi</span> <span class='ocrx_word' id='word_1_219' title='bbox 399 2597 429 2651; x_wconf 92' lang='lat' dir='ltr'>in</span> <span class='ocrx_word' id='word_1_220' title='bbox 445 2598 532 2669; x_wconf 80' lang='lat' dir='ltr'>plaga</span> <span class='ocrx_word' id='word_1_221' title='bbox 547 2598 684 2654; x_wconf 87' lang='lat' dir='ltr'>orientali</span> <span class='ocrx_word' id='word_1_222' title='bbox 700 2598 784 2653; x_wconf 89' lang='lat' dir='ltr'>lucus</span> <span class='ocrx_word' id='word_1_223' title='bbox 801 2615 839 2653; x_wconf 88' lang='lat' dir='ltr'>ex</span> <span class='ocrx_word' id='word_1_224' title='bbox 858 2597 963 2669; x_wconf 90' lang='lat' dir='ltr'>palmis</span> <span class='ocrx_word' id='word_1_225' title='bbox 982 2608 1013 2653; x_wconf 89' lang='lat' dir='ltr'>et</span> <span class='ocrx_word' id='word_1_226' title='bbox 1031 2599 1162 2653; x_wconf 86' lang='lat' dir='ltr'>lauribus</span> <span class='ocrx_word' id='word_1_227' title='bbox 1181 2596 1212 2660; x_wconf 84' lang='lat' dir='ltr'>in</span> 
     </span>
     <span class='ocr_line' id='line_1_26' title="bbox 64 2671 1212 2749; baseline 0 -18"><span class='ocrx_word' id='word_1_228' title='bbox 64 2671 218 2731; x_wconf 73' lang='lat' dir='ltr'>ltelicum</span> <span class='ocrx_word' id='word_1_229' title='bbox 230 2693 321 2749; x_wconf 82' lang='lat' dir='ltr'>gyros</span> <span class='ocrx_word' id='word_1_230' title='bbox 333 2676 446 2747; x_wconf 90' lang='lat' dir='ltr'>positis.</span> <span class='ocrx_word' id='word_1_231' title='bbox 482 2677 604 2732; x_wconf 88' lang='lat' dir='ltr'>Accessi</span> <span class='ocrx_word' id='word_1_232' title='bbox 619 2689 651 2731; x_wconf 91' lang='lat' dir='ltr'>et</span> <span class='ocrx_word' id='word_1_233' title='bbox 670 2677 784 2740; x_wconf 85' lang='lat' dir='ltr'>intravi,</span> <span class='ocrx_word' id='word_1_234' title='bbox 800 2689 831 2732; x_wconf 93' lang='lat' dir='ltr'>et</span> <span class='ocrx_word' id='word_1_235' title='bbox 846 2678 994 2732; x_wconf 91' lang='lat' dir='ltr'>ambulavi</span> <span class='ocrx_word' id='word_1_236' title='bbox 1009 2679 1073 2731; x_wconf 89' lang='lat' dir='ltr'>vias</span> <span class='ocrx_word' id='word_1_237' title='bbox 1087 2678 1212 2732; x_wconf 90' lang='lat' dir='ltr'>circum-</span> 
     </span>
     <span class='ocr_line' id='line_1_27' title="bbox 68 2753 1212 2828; baseline 0.001 -18"><span class='ocrx_word' id='word_1_238' title='bbox 68 2753 194 2810; x_wconf 66' lang='lat' dir='ltr'>«iustas</span> <span class='ocrx_word' id='word_1_239' title='bbox 209 2756 240 2809; x_wconf 87' lang='lat' dir='ltr'>in</span> <span class='ocrx_word' id='word_1_240' title='bbox 254 2756 371 2826; x_wconf 90' lang='lat' dir='ltr'>aliquos</span> <span class='ocrx_word' id='word_1_241' title='bbox 382 2772 480 2828; x_wconf 84' lang='lat' dir='ltr'>gyros,</span> <span class='ocrx_word' id='word_1_242' title='bbox 494 2766 525 2810; x_wconf 90' lang='lat' dir='ltr'>et</span> <span class='ocrx_word' id='word_1_243' title='bbox 545 2756 574 2810; x_wconf 89' lang='lat' dir='ltr'>in</span> <span class='ocrx_word' id='word_1_244' title='bbox 593 2755 652 2810; x_wconf 85' lang='lat' dir='ltr'>fine</span> <span class='ocrx_word' id='word_1_245' title='bbox 667 2757 780 2811; x_wconf 88' lang='lat' dir='ltr'>viarum</span> <span class='ocrx_word' id='word_1_246' title='bbox 794 2757 855 2811; x_wconf 92' lang='lat' dir='ltr'>vidi</span> <span class='ocrx_word' id='word_1_247' title='bbox 872 2758 1001 2817; x_wconf 92' lang='lat' dir='ltr'>hortum,</span> <span class='ocrx_word' id='word_1_248' title='bbox 1015 2757 1066 2827; x_wconf 93' lang='lat' dir='ltr'>qui</span> <span class='ocrx_word' id='word_1_249' title='bbox 1086 2757 1212 2812; x_wconf 79' lang='lat' dir='ltr'>iaciebat</span> 
     </span>
     <span class='ocr_line' id='line_1_28' title="bbox 77 2834 1212 2906; baseline 0.004 -19"><span class='ocrx_word' id='word_1_250' title='bbox 77 2834 291 2890; x_wconf 73' lang='lat' dir='ltr'>xneditullium</span> <span class='ocrx_word' id='word_1_251' title='bbox 307 2834 382 2897; x_wconf 86' lang='lat' dir='ltr'>luci;</span> <span class='ocrx_word' id='word_1_252' title='bbox 401 2847 464 2889; x_wconf 90' lang='lat' dir='ltr'>erat</span> <span class='ocrx_word' id='word_1_253' title='bbox 480 2835 650 2905; x_wconf 87' lang='lat' dir='ltr'>ponticulus</span> <span class='ocrx_word' id='word_1_254' title='bbox 665 2836 716 2906; x_wconf 93' lang='lat' dir='ltr'>qui</span> <span class='ocrx_word' id='word_1_255' title='bbox 733 2836 877 2896; x_wconf 80' lang='lat' dir='ltr'>distinxit,</span> <span class='ocrx_word' id='word_1_256' title='bbox 891 2847 922 2890; x_wconf 91' lang='lat' dir='ltr'>et</span> <span class='ocrx_word' id='word_1_257' title='bbox 938 2837 977 2889; x_wconf 91' lang='lat' dir='ltr'>ibi</span> <span class='ocrx_word' id='word_1_258' title='bbox 994 2847 1081 2906; x_wconf 87' lang='lat' dir='ltr'>porta</span> <span class='ocrx_word' id='word_1_259' title='bbox 1095 2852 1113 2890; x_wconf 85' lang='lat' dir='ltr'>a</span> <span class='ocrx_word' id='word_1_260' title='bbox 1129 2846 1212 2906; x_wconf 87' lang='lat' dir='ltr'>parte</span> 
     </span>
     <span class='ocr_line' id='line_1_29' title="bbox 76 2910 1212 2987; baseline 0.006 -23"><span class='ocrx_word' id='word_1_261' title='bbox 76 2910 155 2974; x_wconf 75' lang='lat' dir='ltr'>luci.</span> <span class='ocrx_word' id='word_1_262' title='bbox 163 2924 196 2969; x_wconf 92' lang='lat' dir='ltr'>et</span> <span class='ocrx_word' id='word_1_263' title='bbox 206 2923 294 2984; x_wconf 86' lang='lat' dir='ltr'>porta</span> <span class='ocrx_word' id='word_1_264' title='bbox 302 2929 321 2968; x_wconf 89' lang='lat' dir='ltr'>a</span> <span class='ocrx_word' id='word_1_265' title='bbox 333 2924 416 2984; x_wconf 89' lang='lat' dir='ltr'>parte</span> <span class='ocrx_word' id='word_1_266' title='bbox 427 2914 525 2969; x_wconf 86' lang='lat' dir='ltr'>horti:</span> <span class='ocrx_word' id='word_1_267' title='bbox 540 2915 659 2977; x_wconf 89' lang='lat' dir='ltr'>accessi,</span> <span class='ocrx_word' id='word_1_268' title='bbox 670 2925 701 2969; x_wconf 91' lang='lat' dir='ltr'>et</span> <span class='ocrx_word' id='word_1_269' title='bbox 711 2925 815 2987; x_wconf 86' lang='lat' dir='ltr'>portae</span> <span class='ocrx_word' id='word_1_270' title='bbox 825 2915 1059 2985; x_wconf 87' lang='lat' dir='ltr'>aperiebantura</span> <span class='ocrx_word' id='word_1_271' title='bbox 1072 2915 1212 2979; x_wconf 84' lang='lat' dir='ltr'>custode;</span> 
     </span>
     <span class='ocr_line' id='line_1_30' title="bbox 80 2991 1212 3065; baseline 0.003 -18"><span class='ocrx_word' id='word_1_272' title='bbox 80 2992 222 3062; x_wconf 71' lang='lat' dir='ltr'>quaesivi</span> <span class='ocrx_word' id='word_1_273' title='bbox 233 2991 327 3054; x_wconf 90' lang='lat' dir='ltr'>illum,</span> <span class='ocrx_word' id='word_1_274' title='bbox 337 2992 409 3063; x_wconf 93' lang='lat' dir='ltr'>quid</span> <span class='ocrx_word' id='word_1_275' title='bbox 423 3009 532 3048; x_wconf 89' lang='lat' dir='ltr'>nomen</span> <span class='ocrx_word' id='word_1_276' title='bbox 546 2993 642 3058; x_wconf 71' lang='lat' dir='ltr'>horti,</span> <span class='ocrx_word' id='word_1_277' title='bbox 661 3005 693 3048; x_wconf 92' lang='lat' dir='ltr'>et</span> <span class='ocrx_word' id='word_1_278' title='bbox 702 2993 786 3057; x_wconf 83' lang='lat' dir='ltr'>dixit,</span> <span class='ocrx_word' id='word_1_279' title='bbox 798 3002 813 3022; x_wconf 85' lang='lat'>‘¹</span> <span class='ocrx_word' id='word_1_280' title='bbox 821 2994 1055 3058; x_wconf 84' lang='lat' dir='ltr'>Adramandoni,</span> <span class='ocrx_word' id='word_1_281' title='bbox 1066 2996 1148 3065; x_wconf 92' lang='lat' dir='ltr'>quod</span> <span class='ocrx_word' id='word_1_282' title='bbox 1157 3006 1212 3058; x_wconf 90' lang='lat' dir='ltr'>est,</span> 
     </span>
    </p>

    <p class='ocr_par' dir='ltr' id='par_1_9' title="bbox 94 3066 579 3143">
     <span class='ocr_line' id='line_1_31' title="bbox 94 3066 579 3143; baseline 0.002 -18"><span class='ocrx_word' id='word_1_283' title='bbox 94 3066 238 3125; x_wconf 86' lang='lat' dir='ltr'>Delicium</span> <span class='ocrx_word' id='word_1_284' title='bbox 251 3071 363 3126; x_wconf 89' lang='lat' dir='ltr'>amoris</span> <span class='ocrx_word' id='word_1_285' title='bbox 374 3072 579 3143; x_wconf 84' lang='lat' dir='ltr'>conjugialis.”</span> 
     </span>
    </p>

    <p class='ocr_par' dir='ltr' id='par_1_10' title="bbox 84 3148 1212 3933">
     <span class='ocr_line' id='line_1_32' title="bbox 142 3148 1212 3223; baseline 0.004 -20"><span class='ocrx_word' id='word_1_286' title='bbox 142 3148 264 3211; x_wconf 89' lang='lat' dir='ltr'>Intravi,</span> <span class='ocrx_word' id='word_1_287' title='bbox 277 3160 308 3205; x_wconf 90' lang='lat' dir='ltr'>et</span> <span class='ocrx_word' id='word_1_288' title='bbox 321 3165 390 3205; x_wconf 90' lang='lat' dir='ltr'>ecce</span> <span class='ocrx_word' id='word_1_289' title='bbox 403 3150 495 3213; x_wconf 88' lang='lat' dir='ltr'>oleae,</span> <span class='ocrx_word' id='word_1_290' title='bbox 508 3166 543 3205; x_wconf 93' lang='lat' dir='ltr'>ac</span> <span class='ocrx_word' id='word_1_291' title='bbox 553 3149 631 3206; x_wconf 87' lang='lat' dir='ltr'>inter</span> <span class='ocrx_word' id='word_1_292' title='bbox 642 3152 738 3206; x_wconf 84' lang='lat' dir='ltr'>oleam</span> <span class='ocrx_word' id='word_1_293' title='bbox 751 3162 782 3206; x_wconf 87' lang='lat' dir='ltr'>et</span> <span class='ocrx_word' id='word_1_294' title='bbox 794 3152 891 3207; x_wconf 89' lang='lat' dir='ltr'>oleam</span> <span class='ocrx_word' id='word_1_295' title='bbox 905 3163 1058 3207; x_wconf 87' lang='lat' dir='ltr'>currentes</span> <span class='ocrx_word' id='word_1_296' title='bbox 1070 3163 1101 3207; x_wconf 87' lang='lat' dir='ltr'>et</span> <span class='ocrx_word' id='word_1_297' title='bbox 1114 3153 1212 3223; x_wconf 87' lang='lat' dir='ltr'>pensi·</span> 
     </span>
     <span class='ocr_line' id='line_1_33' title="bbox 84 3225 1212 3303; baseline 0.008 -23"><span class='ocrx_word' id='word_1_298' title='bbox 84 3225 227 3292; x_wconf 73' lang='lat' dir='ltr'>lesvites,</span> <span class='ocrx_word' id='word_1_299' title='bbox 240 3238 272 3284; x_wconf 92' lang='lat' dir='ltr'>et</span> <span class='ocrx_word' id='word_1_300' title='bbox 287 3229 342 3284; x_wconf 90' lang='lat' dir='ltr'>sub</span> <span class='ocrx_word' id='word_1_301' title='bbox 358 3229 417 3284; x_wconf 89' lang='lat' dir='ltr'>illis</span> <span class='ocrx_word' id='word_1_302' title='bbox 430 3240 463 3284; x_wconf 90' lang='lat' dir='ltr'>et</span> <span class='ocrx_word' id='word_1_303' title='bbox 477 3230 555 3285; x_wconf 89' lang='lat' dir='ltr'>inter</span> <span class='ocrx_word' id='word_1_304' title='bbox 570 3229 634 3287; x_wconf 88' lang='lat' dir='ltr'>illas</span> <span class='ocrx_word' id='word_1_305' title='bbox 646 3232 767 3286; x_wconf 86' lang='lat' dir='ltr'>arbusta</span> <span class='ocrx_word' id='word_1_306' title='bbox 785 3231 814 3287; x_wconf 89' lang='lat' dir='ltr'>in</span> <span class='ocrx_word' id='word_1_307' title='bbox 830 3231 969 3295; x_wconf 86' lang='lat' dir='ltr'>floribus;</span> <span class='ocrx_word' id='word_1_308' title='bbox 989 3232 1019 3285; x_wconf 90' lang='lat' dir='ltr'>in</span> <span class='ocrx_word' id='word_1_309' title='bbox 1035 3233 1135 3287; x_wconf 91' lang='lat' dir='ltr'>medio</span> <span class='ocrx_word' id='word_1_310' title='bbox 1146 3234 1212 3303; x_wconf 73' lang='lat' dir='ltr'>eJus</span> 
     </span>
     <span class='ocr_line' id='line_1_34' title="bbox 85 3307 1212 3382; baseline 0.005 -21"><span class='ocrx_word' id='word_1_311' title='bbox 85 3318 152 3361; x_wconf 79' lang='lat' dir='ltr'>erat</span> <span class='ocrx_word' id='word_1_312' title='bbox 163 3307 261 3362; x_wconf 87' lang='lat' dir='ltr'>circus</span> <span class='ocrx_word' id='word_1_313' title='bbox 272 3308 452 3379; x_wconf 87' lang='lat' dir='ltr'>gramineus,</span> <span class='ocrx_word' id='word_1_314' title='bbox 465 3325 554 3380; x_wconf 89' lang='lat' dir='ltr'>super</span> <span class='ocrx_word' id='word_1_315' title='bbox 566 3326 626 3380; x_wconf 92' lang='lat' dir='ltr'>quo</span> <span class='ocrx_word' id='word_1_316' title='bbox 639 3311 784 3365; x_wconf 85' lang='lat' dir='ltr'>sedebant</span> <span class='ocrx_word' id='word_1_317' title='bbox 797 3311 894 3365; x_wconf 91' lang='lat' dir='ltr'>mariti</span> <span class='ocrx_word' id='word_1_318' title='bbox 908 3322 939 3364; x_wconf 92' lang='lat' dir='ltr'>et</span> <span class='ocrx_word' id='word_1_319' title='bbox 949 3327 1065 3373; x_wconf 83' lang='lat' dir='ltr'>uxores,</span> <span class='ocrx_word' id='word_1_320' title='bbox 1079 3327 1114 3366; x_wconf 91' lang='lat' dir='ltr'>ac</span> <span class='ocrx_word' id='word_1_321' title='bbox 1126 3312 1212 3382; x_wconf 88' lang='lat' dir='ltr'>juve·</span> 
     </span>
     <span class='ocr_line' id='line_1_35' title="bbox 93 3386 1211 3459; baseline 0.005 -19"><span class='ocrx_word' id='word_1_322' title='bbox 93 3401 141 3441; x_wconf 81' lang='lat' dir='ltr'>nes</span> <span class='ocrx_word' id='word_1_323' title='bbox 151 3396 185 3441; x_wconf 91' lang='lat' dir='ltr'>et</span> <span class='ocrx_word' id='word_1_324' title='bbox 199 3386 337 3458; x_wconf 88' lang='lat' dir='ltr'>virgines,</span> <span class='ocrx_word' id='word_1_325' title='bbox 352 3388 433 3458; x_wconf 90' lang='lat' dir='ltr'>paria</span> <span class='ocrx_word' id='word_1_326' title='bbox 445 3398 476 3443; x_wconf 89' lang='lat' dir='ltr'>et</span> <span class='ocrx_word' id='word_1_327' title='bbox 492 3388 587 3459; x_wconf 87' lang='lat' dir='ltr'>paria;</span> <span class='ocrx_word' id='word_1_328' title='bbox 605 3400 636 3445; x_wconf 88' lang='lat' dir='ltr'>et</span> <span class='ocrx_word' id='word_1_329' title='bbox 653 3389 682 3444; x_wconf 89' lang='lat' dir='ltr'>in</span> <span class='ocrx_word' id='word_1_330' title='bbox 698 3390 800 3443; x_wconf 89' lang='lat' dir='ltr'>medio</span> <span class='ocrx_word' id='word_1_331' title='bbox 812 3389 883 3443; x_wconf 92' lang='lat' dir='ltr'>circi</span> <span class='ocrx_word' id='word_1_332' title='bbox 899 3390 1008 3444; x_wconf 91' lang='lat' dir='ltr'>humus</span> <span class='ocrx_word' id='word_1_333' title='bbox 1021 3391 1144 3452; x_wconf 87' lang='lat' dir='ltr'>elevata,</span> <span class='ocrx_word' id='word_1_334' title='bbox 1159 3391 1211 3446; x_wconf 91' lang='lat' dir='ltr'>ubi</span> 
     </span>
     <span class='ocr_line' id='line_1_36' title="bbox 92 3462 1210 3539; baseline 0.004 -20"><span class='ocrx_word' id='word_1_335' title='bbox 92 3462 251 3521; x_wconf 80' lang='lat' dir='ltr'>fonticulus</span> <span class='ocrx_word' id='word_1_336' title='bbox 262 3482 300 3521; x_wconf 84' lang='lat' dir='ltr'>ex</span> <span class='ocrx_word' id='word_1_337' title='bbox 313 3465 490 3522; x_wconf 80' lang='lat' dir='ltr'>fortitudine</span> <span class='ocrx_word' id='word_1_338' title='bbox 499 3483 592 3522; x_wconf 89' lang='lat' dir='ltr'>venae</span> <span class='ocrx_word' id='word_1_339' title='bbox 604 3468 712 3522; x_wconf 90' lang='lat' dir='ltr'>saliens</span> <span class='ocrx_word' id='word_1_340' title='bbox 725 3468 754 3521; x_wconf 92' lang='lat' dir='ltr'>in</span> <span class='ocrx_word' id='word_1_341' title='bbox 767 3468 871 3524; x_wconf 88' lang='lat' dir='ltr'>altum.</span> <span class='ocrx_word' id='word_1_342' title='bbox 908 3468 984 3524; x_wconf 90' lang='lat' dir='ltr'>Cum</span> <span class='ocrx_word' id='word_1_343' title='bbox 996 3486 1088 3539; x_wconf 87' lang='lat' dir='ltr'>prope</span> <span class='ocrx_word' id='word_1_344' title='bbox 1098 3470 1210 3524; x_wconf 91' lang='lat' dir='ltr'>circum</span> 
     </span>
     <span class='ocr_line' id='line_1_37' title="bbox 91 3544 1211 3618; baseline 0.005 -21"><span class='ocrx_word' id='word_1_345' title='bbox 91 3558 176 3605; x_wconf 83' lang='lat' dir='ltr'>eram,</span> <span class='ocrx_word' id='word_1_346' title='bbox 189 3544 252 3598; x_wconf 88' lang='lat' dir='ltr'>vidi</span> <span class='ocrx_word' id='word_1_347' title='bbox 272 3544 349 3599; x_wconf 92' lang='lat' dir='ltr'>duos</span> <span class='ocrx_word' id='word_1_348' title='bbox 361 3546 484 3617; x_wconf 84' lang='lat' dir='ltr'>angelos</span> <span class='ocrx_word' id='word_1_349' title='bbox 503 3545 533 3600; x_wconf 89' lang='lat' dir='ltr'>in</span> <span class='ocrx_word' id='word_1_350' title='bbox 553 3563 683 3616; x_wconf 87' lang='lat' dir='ltr'>purpura</span> <span class='ocrx_word' id='word_1_351' title='bbox 695 3556 727 3601; x_wconf 88' lang='lat' dir='ltr'>et</span> <span class='ocrx_word' id='word_1_352' title='bbox 744 3547 877 3608; x_wconf 89' lang='lat' dir='ltr'>coccino,</span> <span class='ocrx_word' id='word_1_353' title='bbox 890 3547 941 3618; x_wconf 87' lang='lat' dir='ltr'>qui</span> <span class='ocrx_word' id='word_1_354' title='bbox 955 3565 1022 3602; x_wconf 91' lang='lat' dir='ltr'>cum</span> <span class='ocrx_word' id='word_1_355' title='bbox 1037 3549 1211 3604; x_wconf 85' lang='lat' dir='ltr'>sedentibus</span> 
     </span>
     <span class='ocr_line' id='line_1_38' title="bbox 92 3623 1211 3698; baseline 0.005 -22"><span class='ocrx_word' id='word_1_356' title='bbox 92 3637 176 3692; x_wconf 85' lang='lat' dir='ltr'>super</span> <span class='ocrx_word' id='word_1_357' title='bbox 186 3623 321 3694; x_wconf 87' lang='lat' dir='ltr'>gramine</span> <span class='ocrx_word' id='word_1_358' title='bbox 334 3623 540 3694; x_wconf 86' lang='lat' dir='ltr'>loquebantur,</span> <span class='ocrx_word' id='word_1_359' title='bbox 551 3636 583 3680; x_wconf 93' lang='lat' dir='ltr'>et</span> <span class='ocrx_word' id='word_1_360' title='bbox 595 3625 794 3696; x_wconf 88' lang='lat' dir='ltr'>loquebantur</span> <span class='ocrx_word' id='word_1_361' title='bbox 807 3627 845 3681; x_wconf 90' lang='lat' dir='ltr'>de</span> <span class='ocrx_word' id='word_1_362' title='bbox 857 3627 973 3698; x_wconf 82' lang='lat' dir='ltr'>origine</span> <span class='ocrx_word' id='word_1_363' title='bbox 986 3629 1097 3682; x_wconf 90' lang='lat' dir='ltr'>amoris</span> <span class='ocrx_word' id='word_1_364' title='bbox 1106 3629 1211 3698; x_wconf 90' lang='lat' dir='ltr'>conju·</span> 
     </span>
     <span class='ocr_line' id='line_1_39' title="bbox 91 3701 1212 3776; baseline 0.006 -20"><span class='ocrx_word' id='word_1_365' title='bbox 91 3701 179 3771; x_wconf 82' lang='lat' dir='ltr'>gialis,</span> <span class='ocrx_word' id='word_1_366' title='bbox 195 3713 229 3757; x_wconf 85' lang='lat' dir='ltr'>et</span> <span class='ocrx_word' id='word_1_367' title='bbox 248 3703 287 3757; x_wconf 91' lang='lat' dir='ltr'>de</span> <span class='ocrx_word' id='word_1_368' title='bbox 307 3703 373 3772; x_wconf 87' lang='lat' dir='ltr'>ejus</span> <span class='ocrx_word' id='word_1_369' title='bbox 387 3703 517 3766; x_wconf 77' lang='lat' dir='ltr'>deliciis:</span> <span class='ocrx_word' id='word_1_370' title='bbox 541 3715 573 3759; x_wconf 92' lang='lat' dir='ltr'>et</span> <span class='ocrx_word' id='word_1_371' title='bbox 592 3705 662 3776; x_wconf 91' lang='lat' dir='ltr'>quia</span> <span class='ocrx_word' id='word_1_372' title='bbox 677 3705 796 3775; x_wconf 90' lang='lat' dir='ltr'>loquela</span> <span class='ocrx_word' id='word_1_373' title='bbox 815 3706 852 3760; x_wconf 92' lang='lat' dir='ltr'>de</span> <span class='ocrx_word' id='word_1_374' title='bbox 874 3722 976 3760; x_wconf 90' lang='lat' dir='ltr'>amore</span> <span class='ocrx_word' id='word_1_375' title='bbox 996 3707 1047 3761; x_wconf 93' lang='lat' dir='ltr'>illo</span> <span class='ocrx_word' id='word_1_376' title='bbox 1066 3706 1131 3769; x_wconf 89' lang='lat' dir='ltr'>luit,</span> <span class='ocrx_word' id='word_1_377' title='bbox 1148 3718 1212 3763; x_wconf 87' lang='lat' dir='ltr'>erat</span> 
     </span>
     <span class='ocr_line' id='line_1_40' title="bbox 91 3781 1211 3856; baseline 0.008 -23"><span class='ocrx_word' id='word_1_378' title='bbox 91 3781 216 3837; x_wconf 86' lang='lat' dir='ltr'>attentio</span> <span class='ocrx_word' id='word_1_379' title='bbox 225 3781 323 3843; x_wconf 89' lang='lat' dir='ltr'>avida,</span> <span class='ocrx_word' id='word_1_380' title='bbox 333 3793 364 3836; x_wconf 93' lang='lat' dir='ltr'>et</span> <span class='ocrx_word' id='word_1_381' title='bbox 377 3783 508 3852; x_wconf 88' lang='lat' dir='ltr'>receptio</span> <span class='ocrx_word' id='word_1_382' title='bbox 522 3784 616 3854; x_wconf 85' lang='lat' dir='ltr'>plena,</span> <span class='ocrx_word' id='word_1_383' title='bbox 630 3795 661 3839; x_wconf 89' lang='lat' dir='ltr'>et</span> <span class='ocrx_word' id='word_1_384' title='bbox 674 3784 744 3840; x_wconf 87' lang='lat' dir='ltr'>inde</span> <span class='ocrx_word' id='word_1_385' title='bbox 753 3784 896 3840; x_wconf 81' lang='lat' dir='ltr'>exaltatio</span> <span class='ocrx_word' id='word_1_386' title='bbox 906 3785 984 3840; x_wconf 92' lang='lat' dir='ltr'>sicut</span> <span class='ocrx_word' id='word_1_387' title='bbox 996 3802 1031 3840; x_wconf 79' lang='lat' dir='ltr'>er</span> <span class='ocrx_word' id='word_1_388' title='bbox 1047 3786 1115 3856; x_wconf 84' lang='lat' dir='ltr'>igne</span> <span class='ocrx_word' id='word_1_389' title='bbox 1128 3802 1211 3842; x_wconf 81' lang='lat' dir='ltr'>amo·</span> 
     </span>
     <span class='ocr_line' id='line_1_41' title="bbox 92 3859 521 3933; baseline 0.009 -20"><span class='ocrx_word' id='word_1_390' title='bbox 92 3859 128 3913; x_wconf 88' lang='lat' dir='ltr'>ris</span> <span class='ocrx_word' id='word_1_391' title='bbox 139 3860 169 3915; x_wconf 90' lang='lat' dir='ltr'>in</span> <span class='ocrx_word' id='word_1_392' title='bbox 184 3876 325 3916; x_wconf 86' lang='lat' dir='ltr'>sermone</span> <span class='ocrx_word' id='word_1_393' title='bbox 337 3862 521 3933; x_wconf 89' lang='lat' dir='ltr'>angelorum.</span> 
     </span>
    </p>

    <p class='ocr_par' dir='ltr' id='par_1_11' title="bbox 92 3937 1211 4490">
     <span class='ocr_line' id='line_1_42' title="bbox 140 3937 1211 4013; baseline 0.004 -18"><span class='ocrx_word' id='word_1_394' title='bbox 140 3937 256 4011; x_wconf 85' lang='lat' dir='ltr'>Collegi</span> <span class='ocrx_word' id='word_1_395' title='bbox 270 3939 300 3994; x_wconf 91' lang='lat' dir='ltr'>in</span> <span class='ocrx_word' id='word_1_396' title='bbox 312 3956 459 3995; x_wconf 87' lang='lat' dir='ltr'>summam</span> <span class='ocrx_word' id='word_1_397' title='bbox 471 3941 545 3995; x_wconf 90' lang='lat' dir='ltr'>haec</span> <span class='ocrx_word' id='word_1_398' title='bbox 558 3957 575 3995; x_wconf 89' lang='lat' dir='ltr'>e</span> <span class='ocrx_word' id='word_1_399' title='bbox 588 3941 707 4012; x_wconf 88' lang='lat' dir='ltr'>loquela</span> <span class='ocrx_word' id='word_1_400' title='bbox 718 3942 854 3997; x_wconf 91' lang='lat' dir='ltr'>illorum:</span> <span class='ocrx_word' id='word_1_401' title='bbox 871 3943 994 4013; x_wconf 87' lang='lat' dir='ltr'>praelati</span> <span class='ocrx_word' id='word_1_402' title='bbox 1005 3953 1075 3998; x_wconf 88' lang='lat' dir='ltr'>sunt</span> <span class='ocrx_word' id='word_1_403' title='bbox 1085 3943 1123 3999; x_wconf 90' lang='lat' dir='ltr'>de</span> <span class='ocrx_word' id='word_1_404' title='bbox 1134 3943 1211 3999; x_wconf 85' lang='lat' dir='ltr'>diffi-</span> 
     </span>
     <span class='ocr_line' id='line_1_43' title="bbox 92 4016 1210 4094; baseline 0.008 -25"><span class='ocrx_word' id='word_1_405' title='bbox 92 4016 136 4071; x_wconf 91' lang='lat' dir='ltr'>cili</span> <span class='ocrx_word' id='word_1_406' title='bbox 152 4018 392 4089; x_wconf 86' lang='lat' dir='ltr'>investigatione,</span> <span class='ocrx_word' id='word_1_407' title='bbox 405 4030 436 4073; x_wconf 91' lang='lat' dir='ltr'>et</span> <span class='ocrx_word' id='word_1_408' title='bbox 452 4020 490 4074; x_wconf 91' lang='lat' dir='ltr'>de</span> <span class='ocrx_word' id='word_1_409' title='bbox 505 4019 618 4075; x_wconf 83' lang='lat' dir='ltr'>difficili</span> <span class='ocrx_word' id='word_1_410' title='bbox 635 4023 826 4092; x_wconf 89' lang='lat' dir='ltr'>perceptione</span> <span class='ocrx_word' id='word_1_411' title='bbox 841 4022 965 4093; x_wconf 86' lang='lat' dir='ltr'>originis</span> <span class='ocrx_word' id='word_1_412' title='bbox 979 4022 1090 4078; x_wconf 87' lang='lat' dir='ltr'>amoris</span> <span class='ocrx_word' id='word_1_413' title='bbox 1104 4023 1210 4094; x_wconf 90' lang='lat' dir='ltr'>conju-</span> 
     </span>
     <span class='ocr_line' id='line_1_44' title="bbox 93 4095 1209 4169; baseline 0.004 -18"><span class='ocrx_word' id='word_1_414' title='bbox 93 4095 179 4167; x_wconf 86' lang='lat' dir='ltr'>gialis,</span> <span class='ocrx_word' id='word_1_415' title='bbox 192 4098 265 4169; x_wconf 89' lang='lat' dir='ltr'>quia</span> <span class='ocrx_word' id='word_1_416' title='bbox 281 4098 368 4169; x_wconf 87' lang='lat' dir='ltr'>origo</span> <span class='ocrx_word' id='word_1_417' title='bbox 386 4099 452 4169; x_wconf 89' lang='lat' dir='ltr'>ejus</span> <span class='ocrx_word' id='word_1_418' title='bbox 470 4109 516 4155; x_wconf 88' lang='lat' dir='ltr'>est</span> <span class='ocrx_word' id='word_1_419' title='bbox 536 4099 645 4155; x_wconf 85' lang='lat' dir='ltr'>Divina</span> <span class='ocrx_word' id='word_1_420' title='bbox 659 4101 799 4163; x_wconf 89' lang='lat' dir='ltr'>caelestis,</span> <span class='ocrx_word' id='word_1_421' title='bbox 814 4112 860 4156; x_wconf 87' lang='lat' dir='ltr'>est</span> <span class='ocrx_word' id='word_1_422' title='bbox 878 4102 957 4156; x_wconf 89' lang='lat' dir='ltr'>enim</span> <span class='ocrx_word' id='word_1_423' title='bbox 976 4102 1102 4157; x_wconf 87' lang='lat' dir='ltr'>Divinus</span> <span class='ocrx_word' id='word_1_424' title='bbox 1117 4118 1209 4164; x_wconf 89' lang='lat' dir='ltr'>amor,</span> 
     </span>
     <span class='ocr_line' id='line_1_45' title="bbox 96 4170 1209 4251; baseline 0.008 -24"><span class='ocrx_word' id='word_1_425' title='bbox 96 4170 198 4233; x_wconf 85' lang='lat' dir='ltr'>Divina</span> <span class='ocrx_word' id='word_1_426' title='bbox 208 4176 365 4249; x_wconf 86' lang='lat' dir='ltr'>sapientia,</span> <span class='ocrx_word' id='word_1_427' title='bbox 378 4189 409 4233; x_wconf 87' lang='lat' dir='ltr'>et</span> <span class='ocrx_word' id='word_1_428' title='bbox 423 4177 549 4233; x_wconf 89' lang='lat' dir='ltr'>Divinus</span> <span class='ocrx_word' id='word_1_429' title='bbox 562 4194 642 4240; x_wconf 88' lang='lat' dir='ltr'>usus,</span> <span class='ocrx_word' id='word_1_430' title='bbox 652 4196 729 4250; x_wconf 86' lang='lat' dir='ltr'>quae</span> <span class='ocrx_word' id='word_1_431' title='bbox 742 4180 800 4235; x_wconf 87' lang='lat' dir='ltr'>tria</span> <span class='ocrx_word' id='word_1_432' title='bbox 813 4190 846 4235; x_wconf 94' lang='lat' dir='ltr'>ut</span> <span class='ocrx_word' id='word_1_433' title='bbox 859 4197 951 4234; x_wconf 91' lang='lat' dir='ltr'>unum</span> <span class='ocrx_word' id='word_1_434' title='bbox 964 4197 982 4234; x_wconf 89' lang='lat' dir='ltr'>a</span> <span class='ocrx_word' id='word_1_435' title='bbox 996 4181 1127 4235; x_wconf 91' lang='lat' dir='ltr'>Domino</span> <span class='ocrx_word' id='word_1_436' title='bbox 1141 4198 1209 4251; x_wconf 86' lang='lat' dir='ltr'>pro·</span> 
     </span>
     <span class='ocr_line' id='line_1_46' title="bbox 95 4254 1210 4329; baseline 0.009 -21"><span class='ocrx_word' id='word_1_437' title='bbox 95 4254 205 4318; x_wconf 80' lang='lat' dir='ltr'>cedunt,</span> <span class='ocrx_word' id='word_1_438' title='bbox 215 4267 246 4312; x_wconf 90' lang='lat' dir='ltr'>et</span> <span class='ocrx_word' id='word_1_439' title='bbox 261 4256 332 4311; x_wconf 92' lang='lat' dir='ltr'>inde</span> <span class='ocrx_word' id='word_1_440' title='bbox 346 4266 380 4310; x_wconf 91' lang='lat' dir='ltr'>ut</span> <span class='ocrx_word' id='word_1_441' title='bbox 393 4273 485 4310; x_wconf 88' lang='lat' dir='ltr'>unum</span> <span class='ocrx_word' id='word_1_442' title='bbox 498 4257 626 4312; x_wconf 88' lang='lat' dir='ltr'>influunt</span> <span class='ocrx_word' id='word_1_443' title='bbox 640 4257 669 4312; x_wconf 89' lang='lat' dir='ltr'>in</span> <span class='ocrx_word' id='word_1_444' title='bbox 683 4258 797 4313; x_wconf 90' lang='lat' dir='ltr'>animas</span> <span class='ocrx_word' id='word_1_445' title='bbox 811 4260 974 4320; x_wconf 88' lang='lat' dir='ltr'>hominum,</span> <span class='ocrx_word' id='word_1_446' title='bbox 988 4270 1019 4314; x_wconf 90' lang='lat' dir='ltr'>et</span> <span class='ocrx_word' id='word_1_447' title='bbox 1032 4276 1084 4329; x_wconf 90' lang='lat' dir='ltr'>per</span> <span class='ocrx_word' id='word_1_448' title='bbox 1095 4261 1210 4317; x_wconf 84' lang='lat' dir='ltr'>animas</span> 
     </span>
     <span class='ocr_line' id='line_1_47' title="bbox 97 4329 1210 4409; baseline 0.009 -26"><span class='ocrx_word' id='word_1_449' title='bbox 97 4329 121 4385; x_wconf 89' lang='lat' dir='ltr'>in</span> <span class='ocrx_word' id='word_1_450' title='bbox 133 4347 246 4392; x_wconf 87' lang='lat' dir='ltr'>mentes</span> <span class='ocrx_word' id='word_1_451' title='bbox 259 4336 389 4396; x_wconf 84' lang='lat' dir='ltr'>illorum,</span> <span class='ocrx_word' id='word_1_452' title='bbox 402 4345 433 4390; x_wconf 90' lang='lat' dir='ltr'>et</span> <span class='ocrx_word' id='word_1_453' title='bbox 447 4335 486 4391; x_wconf 90' lang='lat' dir='ltr'>ibi</span> <span class='ocrx_word' id='word_1_454' title='bbox 500 4336 530 4390; x_wconf 87' lang='lat' dir='ltr'>ln</span> <span class='ocrx_word' id='word_1_455' title='bbox 545 4337 700 4394; x_wconf 88' lang='lat' dir='ltr'>interiores</span> <span class='ocrx_word' id='word_1_456' title='bbox 709 4338 884 4393; x_wconf 66' lang='lat' dir='ltr'>affectiones</span> <span class='ocrx_word' id='word_1_457' title='bbox 896 4351 926 4392; x_wconf 88' lang='lat' dir='ltr'>et</span> <span class='ocrx_word' id='word_1_458' title='bbox 939 4339 1146 4409; x_wconf 83' lang='lat' dir='ltr'>cogitationes,</span> <span class='ocrx_word' id='word_1_459' title='bbox 1157 4357 1210 4409; x_wconf 84' lang='lat' dir='ltr'>per</span> 
     </span>
     <span class='ocr_line' id='line_1_48' title="bbox 97 4405 1206 4490; baseline 0.006 -22"><span class='ocrx_word' id='word_1_460' title='bbox 97 4405 142 4468; x_wconf 81' lang='lat' dir='ltr'>bas</span> <span class='ocrx_word' id='word_1_461' title='bbox 154 4415 181 4470; x_wconf 89' lang='lat' dir='ltr'>in</span> <span class='ocrx_word' id='word_1_462' title='bbox 195 4415 346 4473; x_wconf 85' lang='lat' dir='ltr'>desideria</span> <span class='ocrx_word' id='word_1_463' title='bbox 357 4415 526 4488; x_wconf 89' lang='lat' dir='ltr'>propinqua</span> <span class='ocrx_word' id='word_1_464' title='bbox 537 4417 663 4488; x_wconf 88' lang='lat' dir='ltr'>corpori,</span> <span class='ocrx_word' id='word_1_465' title='bbox 673 4428 705 4472; x_wconf 90' lang='lat' dir='ltr'>et</span> <span class='ocrx_word' id='word_1_466' title='bbox 717 4434 755 4472; x_wconf 82' lang='lat' dir='ltr'>ex</span> <span class='ocrx_word' id='word_1_467' title='bbox 767 4417 815 4473; x_wconf 89' lang='lat' dir='ltr'>his</span> <span class='ocrx_word' id='word_1_468' title='bbox 827 4433 880 4490; x_wconf 89' lang='lat' dir='ltr'>per</span> <span class='ocrx_word' id='word_1_469' title='bbox 892 4416 996 4489; x_wconf 74' lang='lat' dir='ltr'>pectus</span> <span class='ocrx_word' id='word_1_470' title='bbox 1010 4419 1039 4472; x_wconf 89' lang='lat' dir='ltr'>in</span> <span class='ocrx_word' id='word_1_471' title='bbox 1053 4418 1206 4489; x_wconf 78' lang='lat' dir='ltr'>regionem</span> 
     </span>
    </p>
   </div>
   <div class='ocr_carea' id='block_1_5' title="bbox 0 0 1398 5026">
    <p class='ocr_par' dir='ltr' id='par_1_12' title="bbox 0 0 1398 5026">
     <span class='ocr_line' id='line_1_49' title="bbox 0 0 1398 5026; baseline 0 0"><span class='ocrx_word' id='word_1_472' title='bbox 0 0 1398 5026; x_wconf 95' lang='lat' dir='ltr'> </span> 
     </span>
    </p>
   </div>
  </div>
 </body>
</html>
