2850 5026
384 466 434 518 oe
458 462 933 532 AMORECONJUG1AL1.-N.
955 467 1026 532 330.
1212 451 1270 515 261

153 642 267 713 absque
288 640 395 711 spatio,
412 648 517 694 natura
537 650 638 694 autem
662 638 691 699 in
712 637 795 692 omni
815 649 950 707 tempore
972 647 1018 691 est
1037 635 1066 690 in
1086 645 1228 707 tempore,
1244 646 1276 691 et

152 722 183 775 in
196 720 280 776 omni
293 719 391 791 spatlo
402 729 449 774 est
468 720 498 772 in
517 719 630 790 spati0;
654 728 685 772 et
702 727 806 772 natura
818 734 886 771 cum
906 733 961 771 suo
974 727 1110 785 tempore
1128 727 1160 770 et
1178 716 1275 787 spatio

152 804 213 855 iton
229 801 329 874 potuit
348 815 408 853 non
425 799 565 853 inchoare
583 807 615 852 et
632 798 712 859 oriri,
729 814 789 851 non
804 808 904 851 autern
923 795 1014 865 Deus,
1029 796 1080 867 qui
1099 807 1145 850 est
1163 797 1274 866 absque

150 890 288 950 tempore
300 889 332 933 et
345 878 457 950 spatio:
478 894 570 948 quare
585 887 691 931 natura
708 893 727 930 a
747 875 812 931 Deo
827 887 881 937 est,
895 892 955 930 non
973 876 1013 930 ab
1031 886 1162 938 aeterno,
1173 877 1224 930 sed
1245 876 1274 929 in

150 962 296 1029 tempore,
309 957 368 1013 hoc
380 968 434 1019 est,
448 973 588 1012 unacum
601 972 656 1011 suo
669 966 805 1025 tempore
817 966 849 1009 et
861 955 949 1009 simul
963 955 1068 1026 spatio.

204 1048 297 1108 329.
317 1037 480 1107 Postquam
490 1035 743 1090 archididascalus
755 1045 787 1089 et
799 1035 904 1104 reliqui
917 1051 936 1088 a
948 1051 996 1088 me
1005 1035 1170 1095 abiverant,
1183 1034 1273 1104 aliqui

151 1117 243 1188 pueri,
251 1115 303 1187 qui
314 1117 404 1171 etiam
416 1116 445 1169 in
457 1116 529 1170 ludo
538 1115 728 1187 gymnasiaco
738 1113 865 1174 luerunt,
874 1115 1131 1184 sequebanturme
1141 1113 1273 1174 domum,

149 1207 182 1252 et
197 1197 237 1252 ibi
253 1196 373 1268 paulum
386 1196 567 1252 adstiterunt
581 1196 653 1249 mihi
664 1195 820 1256 scribenti;
839 1205 870 1249 et
885 1211 954 1249 ecce
963 1207 1038 1249 tunc
1048 1195 1190 1250 videbant
1199 1196 1274 1249 blat-

149 1288 211 1332 tam
224 1287 393 1331 currentem
407 1293 496 1346 super
508 1277 611 1330 charta
624 1291 697 1337 mea,
712 1285 743 1328 et
756 1274 853 1328 mirati
866 1275 1085 1345 quaesiverunt,
1097 1273 1203 1346 “Quid
1217 1275 1273 1328 hoc

149 1355 360 1410 animalculum
382 1366 443 1410 tam
464 1354 589 1409 velox?''
625 1355 663 1408 Et
681 1354 752 1415 dixi,
765 1355 846 1424 quod
866 1354 984 1408 dicatur
1002 1354 1104 1415 blatta.
1118 1365 1149 1408 et
1167 1354 1206 1409 de
1225 1354 1274 1407 illa

149 1435 235 1489 vobis
245 1435 340 1489 dicam
353 1434 514 1496 mirabilia:
533 1444 563 1489 et
573 1434 644 1495 dixi,
653 1434 734 1505 quod
749 1434 779 1486 in
790 1444 850 1487 tam
862 1435 986 1504 parvulo
995 1434 1066 1488 vivo
1076 1434 1136 1488 sint
1145 1433 1272 1488 totidem

150 1515 285 1567 membra
302 1523 334 1567 et
354 1513 476 1573 viscera,
495 1528 572 1582 quae
594 1512 624 1565 in
646 1512 776 1574 camelo:
801 1521 835 1565 ut
856 1512 936 1581 quod
953 1511 1014 1565 sint
1031 1511 1160 1572 cerebra,
1174 1511 1273 1571 corda,

149 1590 267 1647 fistulae
292 1591 486 1662 pulmonales,
504 1607 617 1662 organa
639 1607 788 1651 sensuum,
809 1601 955 1651 motuum,
980 1602 1012 1645 et
1036 1592 1272 1661 generationum,

149 1670 341 1732 ventriculus,
355 1670 504 1732 intestina,
518 1682 548 1725 et
565 1670 663 1740 plura:
681 1686 716 1724 ac
729 1669 846 1741 singula
860 1679 1004 1724 contexta
1016 1687 1052 1724 ex
1066 1670 1155 1731 fibris,
1167 1671 1273 1731 nervis,

149 1750 230 1805 vasis
247 1750 425 1820 sanguineis,
443 1749 593 1811 musculis,
609 1750 791 1811 tendinibus,
808 1750 998 1809 membranis,
1013 1761 1044 1804 et
1063 1750 1137 1804 haec
1155 1751 1273 1822 singula

148 1830 188 1884 ab
199 1829 299 1884 adhuc
312 1829 489 1899 purioribus,
502 1845 579 1899 quae
591 1829 651 1883 alte
665 1830 742 1884 intra
753 1830 848 1883 aciem
864 1829 962 1883 omnis
975 1829 1054 1883 oculi
1068 1830 1172 1884 latent.

202 1908 353 1964 Dicebant
370 1918 451 1969 tunc,
465 1909 546 1979 quod
568 1926 660 1978 usque
680 1910 835 1980 parvulum
856 1909 914 1963 hoc
932 1909 1034 1962 vivum
1053 1921 1195 1979 appareat
1215 1909 1272 1964 illis

150 2004 213 2043 non
225 1988 313 2043 aliter
324 2004 414 2059 quam
428 1989 505 2042 sicut
517 1988 684 2043 substantia
697 1988 831 2057 simplex.

203 2067 243 2123 Et
257 2068 328 2129 dixi,
343 2067 446 2122 “Sunt
461 2078 561 2121 tamen
579 2068 659 2122 intus
673 2067 913 2128 innumerabilia;
932 2066 1008 2121 haec
1022 2067 1099 2127 dico,
1114 2077 1147 2120 ut
1162 2067 1271 2128 sciatis,

147 2147 229 2218 quod
251 2146 348 2201 simile
368 2147 407 2201 sit
429 2147 458 2200 in
481 2147 564 2200 omni
586 2145 707 2216 objecto
728 2147 809 2217 quod
828 2162 928 2200 coram
948 2147 1034 2200 vobis
1051 2157 1176 2216 apparet
1194 2147 1272 2200 sicut

148 2243 249 2288 unum,
259 2226 393 2296 simplex,
404 2237 436 2280 et
446 2227 611 2287 minimum,
621 2237 684 2280 tam
698 2226 727 2279 in
742 2225 909 2280 atlionibus
919 2242 1008 2296 quam
1023 2226 1052 2279 in
1063 2225 1272 2280 alleflionibus

148 2316 180 2361 et
188 2305 423 2376 cogitationibus
431 2306 555 2360 vestris:
575 2321 696 2375 possum
707 2321 875 2360 asseverare
888 2305 981 2366 vobis,
992 2307 1075 2374 quod
1089 2306 1272 2376 unaquaevis

149 2386 225 2440 mica
239 2384 438 2456 cogitationis,
452 2397 483 2438 et
496 2385 679 2455 unaquaevis
692 2385 771 2439 stilla
783 2383 950 2439 allectionis
961 2396 1086 2446 vestrae,
1096 2385 1136 2439 sit
1149 2385 1272 2439 dividua

149 2480 243 2534 usque
261 2464 298 2518 ad
319 2463 477 2525 infinitum,
493 2472 524 2518 et
542 2464 624 2534 quod
644 2464 721 2518 sicut
740 2464 823 2518 ideae
841 2475 957 2518 vestrae
977 2464 1117 2518 dividuae
1135 2475 1213 2524 sunt,
1230 2464 1271 2518 ita

147 2559 202 2598 vos
216 2543 355 2613 sapiatis:
373 2543 488 2603 scitote,
503 2544 584 2614 quod
600 2559 690 2597 omne
703 2543 831 2597 divisum
845 2543 885 2598 sit
898 2544 964 2613 plus
978 2554 1010 2597 et
1026 2544 1092 2614 plus
1105 2543 1269 2614 multiplex.

146 2632 179 2677 et
190 2638 252 2676 non
266 2623 332 2693 plus
344 2634 376 2676 et
389 2623 455 2692 plus
467 2622 601 2692 simplex,
614 2622 684 2692 quia
697 2623 824 2676 divisum
839 2633 869 2676 et
882 2622 1010 2676 divisum
1025 2623 1146 2693 propius
1159 2633 1190 2677 et
1203 2638 1270 2693 pro·

148 2701 214 2772 pius
228 2701 346 2755 accedit
364 2703 401 2755 ad
422 2700 581 2763 infinitum,
597 2701 626 2754 in
645 2717 706 2771 quo
726 2701 840 2757 infinite
856 2702 957 2756 omnia
971 2712 1058 2764 sunt;
1082 2702 1141 2757 hoc
1157 2718 1268 2756 novum

148 2780 229 2851 prius
241 2779 408 2834 inauditum
421 2781 508 2834 vobis
520 2780 643 2835 reier0.”

202 2859 258 2914 llis
276 2858 371 2920 ditiis,
388 2860 471 2929 pueri
492 2876 511 2914 a
532 2876 580 2914 me
601 2860 759 2914 abiverant
780 2861 818 2914 ad
840 2859 1117 2921 archididascalum,
1133 2869 1164 2915 et
1186 2861 1268 2914 illum

147 2947 334 3010 rogaverunt,
348 2949 382 2993 ut
405 2938 434 2992 in
456 2940 611 3010 gymnasio
632 2940 794 3010 aliquando
815 2950 996 3010 proponeret
1017 2940 1137 3011 aliquod
1158 2956 1268 2995 novum

148 3016 313 3072 inauditum
327 3028 362 3072 ut
374 3018 535 3088 problema.

201 3096 239 3151 Et
251 3096 335 3158 dixit,
350 3097 454 3169 “Quid
463 3097 493 3153 ?’'

201 3175 358 3238 Dixerunt,
369 3175 482 3247 “Quod
492 3193 582 3231 omne
592 3176 720 3231 divisum
734 3177 772 3231 sit
786 3176 852 3247 plus
865 3186 896 3231 et
910 3177 976 3246 plus
989 3177 1153 3247 multiplex.
1164 3186 1195 3232 et
1208 3194 1269 3232 non

148 3255 213 3325 plus
230 3266 262 3310 et
281 3256 347 3324 plus
362 3256 497 3325 simplex,
513 3256 583 3326 quia
601 3256 723 3326 propius
738 3266 769 3311 et
784 3256 907 3327 propius
921 3256 1038 3311 accedit
1055 3257 1093 3310 ad
1110 3255 1268 3318 infinitum,

148 3334 176 3388 in
190 3350 251 3405 quo
265 3333 380 3389 infinite
393 3335 495 3389 omnia
508 3334 605 3389 sunt.”

201 3414 239 3467 Et
253 3415 418 3484 spopondit
432 3415 514 3485 quod
531 3426 727 3484 proponeret;
753 3424 783 3468 et
803 3414 886 3475 dixit,
901 3412 995 3468 “Hoc
1009 3414 1106 3475 video,
1119 3414 1190 3485 quia
1206 3431 1270 3485 per·

147 3492 210 3564 cepi
227 3493 308 3564 quod
324 3510 384 3547 una
400 3492 466 3547 idea
482 3493 624 3547 naturalis
638 3494 676 3547 sit
690 3494 848 3547 continens
862 3493 1122 3547 innumerabilium
1136 3494 1268 3548 idearum

147 3572 362 3642 spiritualium:
388 3573 480 3626 immo
495 3573 576 3641 quod
593 3589 652 3626 una
667 3572 734 3627 idea
749 3573 911 3642 spiritualis
926 3572 1084 3626 continens
1100 3571 1269 3627 innumera·

147 3651 249 3706 billum
261 3652 394 3706 idearum
404 3652 595 3713 caelestium:
615 3651 683 3706 inde
693 3663 739 3707 est
752 3653 910 3706 discrimen
925 3651 1003 3706 inter
1012 3651 1188 3721 sapientiam
1203 3667 1269 3706 cae·

147 3731 251 3786 lestem
265 3731 295 3784 in
308 3747 368 3802 qua
379 3742 450 3785 sunt
461 3730 560 3801 angeli
573 3731 654 3785 tertii
667 3730 749 3793 caeli,
760 3741 791 3785 et
804 3732 882 3785 inter
894 3731 1069 3800 sapientiam
1083 3730 1268 3800 spiritualem

149 3810 177 3864 in
191 3827 252 3881 qua
265 3821 336 3865 sunt
347 3810 445 3881 angeli
459 3810 582 3865 secundi
596 3810 678 3871 caeli,
689 3819 722 3864 ut
735 3820 766 3864 et
780 3809 859 3864 inter
871 3810 1046 3879 sapientiam
1058 3810 1223 3864 naturalem
1238 3809 1267 3863 in

147 3904 206 3960 qua
217 3900 289 3945 sunt
300 3890 399 3960 angeli
412 3890 510 3943 ultimi
523 3889 606 3951 caeli,
620 3901 652 3944 et
664 3905 784 3960 quoque
797 3889 962 3944 homines.”

146 4025 248 4093 330.
277 4012 438 4076 Alterum
458 4011 683 4076 Memorabile
697 4031 750 4074 :—

199 4129 361 4202 Quondam
374 4131 476 4186 audivi
489 4130 716 4186 ventilationem
729 4147 885 4185 amoenam
903 4131 981 4185 inter
997 4131 1086 4194 viros,
1099 4145 1175 4201 quae
1195 4142 1267 4192 erat,

147 4209 184 4265 de
196 4226 268 4265 sexu
283 4210 435 4273 feminino,
446 4228 519 4264 num
533 4211 632 4281 aliqua
641 4210 748 4264 mulier
758 4210 852 4280 possit
864 4226 964 4264 amare
975 4227 1062 4265 suum
1072 4211 1177 4272 virum,
1191 4226 1268 4280 quae

146 4301 318 4344 constanter
330 4301 412 4344 amat
424 4307 507 4345 suam
522 4290 784 4360 pulchritudinem,
798 4290 856 4344 hoc
868 4300 922 4350 est,
933 4305 1009 4359 quae
1022 4301 1102 4343 amat
1115 4306 1146 4344 se
1163 4306 1200 4344 ex
1215 4305 1268 4342 sua

146 4367 249 4424 iorma.
287 4369 499 4424 Convenerunt
511 4369 588 4423 inter
598 4385 630 4423 se
640 4369 778 4439 primum,
789 4370 869 4439 quod
884 4369 1002 4423 feminis
1013 4368 1123 4439 duplex
1137 4367 1266 4439 pulchri·

146 4449 220 4503 tudo
232 4448 280 4512 sit,
294 4465 354 4525 una
367 4449 517 4511 naturalis,
530 4464 608 4519 quae
623 4457 670 4503 est
683 4447 768 4503 faciei
781 4458 813 4503 et
826 4448 968 4518 corporis,
980 4459 1012 4503 et
1024 4449 1120 4503 altera
1129 4448 1267 4519 spiritua·
