2782 5026
219 443 284 511 370
550 441 798 497 vonumrns
820 444 1007 497 msnulns

218 611 393 695 utriusque
411 611 504 675 vitae
527 612 718 688 se'uniant,
738 624 989 697 consequenter
1007 616 1156 692 animae,
1176 617 1252 701 quia
1273 617 1327 682 bae

218 716 298 771 sunt
318 707 483 790 principia
502 707 616 771 vitae:
641 708 727 771 haec
747 710 827 773 unio
845 710 1036 776 animarum
1055 732 1125 775 non
1146 713 1269 777 dabilis
1286 723 1331 777 est

218 802 281 865 nisi
294 821 396 885 quam
412 802 446 864 in
462 801 630 884 conjugiis
643 805 903 885 monogamicis,
917 826 977 868 seu
993 807 1092 869 unius
1103 807 1167 871 viri
1183 827 1262 873 cum
1277 827 1334 872 una

217 918 337 973 uxore,
358 917 427 961 non
445 908 563 962 autem
581 899 616 962 in
634 898 804 981 conjugiis
820 900 1063 985 polygamicis,
1082 923 1144 967 seu
1165 903 1265 967 unius
1282 903 1337 968 viri

216 1011 294 1058 cum
314 991 477 1076 pluribus,
496 994 576 1077 quia
594 994 628 1057 in
651 993 704 1059 his
721 1005 777 1060 est
797 1014 894 1059 amor
912 996 1052 1071 divisus,
1072 998 1107 1060 in
1127 997 1199 1061 illis
1218 999 1338 1063 unitus.¹

217 1087 320 1170 Quod
336 1108 433 1152 amor
447 1088 650 1171 conjugialis
668 1091 702 1153 in
721 1110 882 1174 suprema
896 1091 961 1154 hac
978 1093 1061 1156 sede
1076 1094 1123 1156 sit
1142 1093 1338 1176 spiritualis,

215 1181 355 1247 sandius
377 1195 414 1248 et
437 1205 550 1269 purus,
570 1194 625 1249 est
649 1205 765 1261 causa,
784 1187 863 1269 quia
885 1188 1000 1250 anima
1023 1186 1172 1269 cujusvis
1195 1188 1339 1252 bominis

215 1299 262 1345 ex
281 1280 412 1362 origine
431 1300 492 1344 sua
514 1289 568 1345 est
588 1279 770 1358 caelestis;
800 1302 905 1366 quare
924 1281 983 1347 illa
1004 1304 1025 1347 a
1048 1282 1202 1347 Domino
1221 1285 1339 1349 imme·

215 1374 309 1439 diate
340 1376 462 1459 recipit
486 1374 662 1451 influxum,
685 1376 808 1460 recipit
835 1377 925 1442 enim
956 1377 1000 1441 ab
1030 1377 1112 1460 Ipso
1142 1378 1339 1462 conjugium

214 1470 341 1534 amoris
359 1479 395 1535 et
414 1471 615 1553 sapientiae,
631 1491 691 1535 seu
710 1471 791 1535 boni
810 1481 845 1535 et
865 1472 947 1547 veri,
964 1483 1001 1536 et
1020 1472 1076 1536 hic
1092 1473 1246 1538 influxus
1261 1474 1340 1539 lacit

215 1565 311 1629 illum
334 1565 520 1641 hominem,
544 1576 581 1630 et
603 1567 785 1648 distinguit
812 1588 832 1630 a
861 1566 992 1631 bestiis.
1037 1567 1094 1631 Ex
1124 1568 1191 1633 hac
1217 1569 1340 1633 unione

215 1662 415 1736 animarum,
440 1678 536 1725 amor
558 1660 771 1744 coniugialis,
794 1663 851 1744 qui
873 1663 918 1726 ibi
940 1672 995 1726 est
1026 1663 1058 1726 in
1086 1664 1260 1747 spirituali
1282 1684 1341 1729 sua

215 1753 401 1823 sanctitate
420 1767 456 1822 et
479 1757 642 1841 puritate,
662 1756 782 1821 defluit
805 1758 839 1820 in
861 1758 970 1822 vitam
990 1759 1097 1823 totius
1115 1760 1284 1843 corporis,
1301 1780 1340 1825 ac

215 1850 337 1936 implet
364 1850 459 1918 illam
489 1852 603 1918 beatis
620 1849 790 1934 jucundis,
814 1853 976 1934 quamdiu
999 1873 1089 1918 vena
1117 1853 1191 1936 ejus
1220 1866 1342 1939 aperta

215 1957 345 2024 manet,
365 1949 457 2030 quod
476 1946 515 2011 fit
535 1948 626 2029 apud
644 1947 724 2011 illos
741 1949 799 2030 qui
816 1969 837 2011 a
856 1947 1008 2013 Domino
1026 1950 1225 2031 spirituales
1244 1949 1339 2017 fiunt.

215 2040 317 2124 Quod
345 2043 429 2106 nihil
459 2041 551 2106 aliud
581 2043 670 2107 hanc
695 2043 820 2106 amoris
844 2042 1046 2126 conjugialis
1076 2045 1209 2119 sedem,
1234 2047 1338 2128 origi·

215 2157 306 2213 nem,
337 2158 397 2201 seu
425 2137 559 2202 iontem
588 2147 625 2202 et
655 2137 728 2220 ejus
757 2156 893 2214 venam,
920 2138 1084 2203 occludat
1114 2150 1152 2203 et
1185 2140 1338 2216 obturet,

214 2254 316 2318 quam
329 2232 546 2307 adulterium,
558 2243 654 2316 patet
666 2253 687 2297 a
700 2233 840 2298 Domini
851 2234 975 2308 verbis,
991 2232 1093 2316 Quod
1107 2234 1221 2298 solum
1237 2255 1339 2319 prop·

215 2342 268 2396 ter
290 2329 496 2393 adulterium
519 2327 622 2394 liceat
649 2327 824 2393 dimittere
849 2347 1004 2404 uxorem,
1028 2338 1065 2394 et
1087 2328 1192 2393 aliam
1212 2330 1340 2395 ducere

217 2424 356 2508 (March.
376 2425 451 2488 xix.
480 2422 582 2507 4-9);
618 2434 691 2487 tum
721 2444 767 2487 ex
796 2423 850 2487 bis
873 2425 929 2499 ibi,
954 2422 1057 2506 Quod
1079 2426 1137 2508 qui
1160 2426 1339 2491 dimissam

213 2522 320 2596 ducit,
337 2520 544 2583 adulterium
564 2520 763 2582 committat
781 2517 882 2600 (vers.
902 2518 949 2601 9).
994 2519 1079 2583 Cum
1099 2522 1219 2604 itaque
1237 2541 1341 2604 purus

214 2627 250 2680 et
267 2613 406 2679 sandius
423 2615 481 2678 ille
496 2613 573 2678 lons
585 2615 776 2688 obturatur,
790 2625 826 2677 ut
843 2634 945 2696 supra
961 2612 1088 2678 ditium
1106 2626 1174 2689 est,
1191 2616 1340 2680 circum·

214 2712 363 2794 stipatur
395 2709 453 2773 ille
485 2708 720 2783 foeditatibus,
744 2709 832 2772 sicut
863 2728 1001 2791 gemma
1026 2710 1253 2785 stercoribus,
1280 2720 1340 2775 aut

215 2807 312 2888 panis
335 2806 479 2879 vomitu,
503 2825 590 2887 quae
613 2804 755 2887 puritati
777 2813 813 2867 et
836 2800 1012 2868 santiitati
1035 2804 1125 2867 illius
1149 2804 1258 2870 sontis
1281 2826 1342 2870 seu

215 2901 340 2964 amoris
358 2898 561 2981 conjugialis
581 2919 718 2981 prorsus
736 2898 899 2981 opposita
917 2910 1021 2975 sunt;
1045 2919 1090 2962 ex
1110 2920 1179 2981 qua
1198 2901 1341 2983 opposi-

216 2997 311 3060 tione
329 3005 383 3059 est
401 2995 507 3076 frigus
526 2992 731 3075 conjugiale,
751 3005 787 3057 et
806 2994 993 3057 secundum
1013 2994 1079 3057 hoc
1098 3005 1153 3057 est
1172 2994 1339 3059 lascivum

215 3090 341 3173 volupe
357 3091 482 3154 amoris
498 3089 703 3164 scortatorii,
721 3090 812 3171 quod
831 3108 868 3152 se
887 3099 1012 3169 sponte
1027 3090 1222 3152 consumit:
1249 3091 1341 3173 quod

215 3186 281 3249 hoc
305 3186 350 3249 sit
372 3183 500 3248 malum
524 3185 670 3268 peccati,
690 3195 744 3247 est
768 3184 847 3265 quia
869 3181 1025 3247 sandtum
1045 3184 1211 3264 operitur,
1231 3196 1270 3249 et
1294 3187 1340 3250 sic

215 3301 304 3344 vena
323 3280 394 3363 ejus
413 3281 445 3343 in
466 3300 588 3362 corpus
608 3280 805 3354 obstruitur,
826 3288 862 3342 et
880 3279 956 3342 loco
975 3277 1045 3358 ejus
1064 3277 1247 3359 profanum
1263 3299 1340 3344 suc·

215 3377 319 3452 cedit,
337 3390 373 3439 et
392 3375 489 3456 hujus
507 3394 597 3438 vena
614 3376 648 3438 in
667 3392 790 3457 corpus
806 3373 975 3457 aperitur;
999 3373 1078 3435 inde
1094 3372 1203 3437 horno
1220 3394 1242 3437 a
1259 3393 1340 3438 cae·

216 3471 293 3536 lesti
311 3471 350 3535 tit
368 3470 551 3535 infernalis.

279 3564 380 3648 483.
411 3565 476 3629 His
509 3564 668 3647 adjiciam
695 3564 809 3648 aliqua
840 3583 860 3629 e
890 3561 1019 3626 mundo
1048 3561 1228 3645 spirituali,
1252 3583 1341 3647 quae

216 3671 410 3726 memoratu
429 3651 536 3744 digna
554 3670 634 3723 sunt
649 3679 702 3722 :—

270 3815 399 3871 *Audivi
417 3815 466 3876 ibi,
481 3815 564 3884 quod
580 3812 758 3884 quibusdam
774 3811 847 3867 viris
861 3810 995 3867 uxoratis
1012 3811 1052 3865 sit
1071 3810 1167 3866 libido
1185 3812 1339 3868 scortandi

215 3912 283 3951 curn
307 3895 427 3950 leminis
448 3894 569 3949 illibatis
589 3910 640 3948 seu
665 3892 845 3964 virginibus,
869 3891 1048 3962 quibusdam
1069 3906 1138 3944 cum
1161 3890 1265 3946 libatis
1287 3906 1339 3946 seu

215 3975 338 4036 scortis:
358 3974 535 4044 quibusdam
550 3988 617 4027 cum
628 3971 747 4028 lerninis
757 3970 904 4025 maritatis
916 3986 968 4024 seu
982 3969 1140 4031 uxoribus;
1159 3969 1338 4041 quibusdam

215 4070 284 4110 cum
295 4055 406 4109 talibus
416 4070 453 4110 ex
463 4052 556 4107 nobili
567 4052 712 4122 prosapia,
723 4061 754 4104 et
763 4050 941 4121 quibusdam
953 4065 990 4103 ex
1003 4064 1063 4102 non
1074 4049 1167 4102 nobili
1178 4064 1186 4103 ε
1201 4050 1285 4121 quod
1299 4049 1341 4105 lta

215 4134 264 4196 sit,
276 4150 314 4188 ex
327 4134 462 4205 pluribus
474 4132 591 4187 erariis
605 4130 704 4201 regnis
717 4130 748 4184 in
762 4131 814 4184 illo
827 4130 942 4184 mundo
954 4127 1149 4184 confirmatus
1163 4145 1242 4184 sum.

268 4212 346 4269 Cum
358 4213 520 4267 meditatus
532 4227 599 4266 sum
613 4211 652 4264 de
661 4211 807 4265 varietate
816 4210 920 4263 talium
931 4208 1098 4269 libidinum,
1108 4208 1255 4278 quaesivi,
1268 4223 1338 4263 num

243 4431 260 4465 ⁸
278 4429 358 4477 Nom
373 4429 586 4479 torrorem-Ab
596 4427 704 4475 Auctore
713 4427 761 4473 hoc
773 4425 934 4472 Memorabile
943 4423 1017 4485 signu
1026 4423 1146 4472 dudonis
1156 4425 1280 4474 inclusum
1288 4433 1329 4473 err.
