2782 5026
130 446 173 519 30
478 445 660 497 DELICIAE
683 445 912 501 SAPIENTIAE
993 456 997 461 '

129 614 209 681 inde
232 635 301 678 non
325 615 358 677 in
382 614 443 680 tali
466 616 647 680 anxietate
671 638 715 680 ex
739 616 908 681 desiderio
930 625 966 683 et
988 614 1246 698 exspectatione

128 711 231 779 sunt?
276 710 310 774 Si
341 710 445 774 homo
476 722 555 793 post
582 723 730 776 mortem
753 711 842 775 soret
865 711 936 779 tale
960 732 1119 793 pneuma,
1143 723 1181 778 et
1204 715 1250 779 sic

128 805 255 871 halitus
273 807 379 880 venti,
398 815 479 870 tunc
496 806 551 869 vel
568 807 730 871 volitaret
749 808 782 869 in
803 807 971 882 univers0,
988 806 1042 873 vel
1063 809 1249 872 secundum

129 902 341 983 quorundam
356 902 557 965 traditiones
571 912 803 965 reservaretur
819 903 852 964 in
869 903 1016 984 quodam
1033 921 1089 982 pu,
1102 913 1163 966 aut
1175 922 1251 967 cum

129 994 285 1059 Patribus
304 997 337 1059 in
358 997 475 1070 limbo,
496 1017 602 1078 usque
625 997 669 1061 ad
694 997 850 1060 ultimum
865 996 1053 1077 judicium;
1077 997 1153 1078 quis
1172 997 1251 1061 inde

128 1109 199 1153 non
222 1111 268 1155 ex
291 1091 425 1153 ratione
445 1091 650 1155 concludere
674 1100 801 1172 potest,
827 1092 917 1173 quod
940 1091 989 1154 illi
1011 1091 1067 1172 qui
1090 1091 1253 1159 vixerunt

129 1203 149 1246 a
172 1185 279 1266 prima
302 1186 488 1260 creatione,
512 1206 531 1250 e
562 1206 628 1268 qua
651 1196 835 1249 censentur
857 1205 920 1249 sex
943 1185 1049 1248 millia
1072 1204 1252 1258 annorum,

128 1279 239 1343 adhuc
260 1280 293 1343 in
311 1280 411 1343 simili
430 1291 523 1343 statu
538 1282 645 1343 anxio
664 1291 791 1353 essent,
809 1290 845 1342 et
864 1280 1079 1361 progressive
1099 1280 1133 1343 in
1153 1280 1253 1342 anxi·

128 1374 188 1449 ori,
208 1376 287 1457 quia
305 1377 416 1439 omnis
432 1372 649 1456 exspedtatio
668 1395 713 1438 ex
736 1375 906 1437 desiderio
924 1374 1141 1438 anxietatem
1159 1373 1250 1446 sacit,

128 1479 165 1533 et
188 1490 208 1533 a
226 1480 382 1550 tempore
401 1471 444 1533 ad
464 1481 599 1551 tempus
618 1471 769 1550 adauget
788 1468 905 1532 illam?
928 1469 1071 1550 proinde
1087 1468 1180 1550 quod
1200 1467 1250 1533 illi

129 1564 240 1629 adhuc
260 1565 315 1629 vel
335 1564 520 1628 volitarent
538 1566 573 1628 in
592 1565 761 1638 universo,
781 1563 836 1626 vel
856 1563 976 1626 inclusi
994 1573 1197 1627 tenerentur
1215 1565 1249 1629 in

131 1680 187 1743 pu,
212 1669 247 1723 et
271 1662 318 1723 sic
343 1661 375 1722 in
400 1670 558 1724 extrema
581 1659 740 1723 miseria?
768 1659 923 1722 similiter
942 1657 1099 1721 Adamus
1122 1670 1159 1722 et
1182 1658 1253 1741 ejus

131 1774 240 1830 uxor;
264 1755 421 1817 similiter
438 1754 626 1829 Abraham,
645 1754 720 1817 isac
739 1763 774 1816 et
792 1753 924 1835 Jacob;
949 1763 984 1816 et
1003 1753 1161 1818 similiter
1180 1773 1253 1818 om·

131 1868 193 1911 nes
209 1849 327 1932 reliqui
346 1849 390 1912 ab
408 1849 468 1912 illo
487 1849 665 1930 tempore?
709 1845 792 1911 ¹¹¹Ex
813 1848 863 1912 his
880 1849 1041 1930 sequitur,
1059 1848 1150 1929 quod
1171 1847 1254 1913 nihil

132 1943 388 2007 lamentabilius
411 1943 509 2017 soret,
534 1962 635 2025 quam
668 1944 761 2006 nasci
790 1943 905 2006 homo.
950 1940 1017 2005 Sed
1044 1944 1254 2007 contrarium

132 2039 304 2120 provisum
328 2047 381 2101 est
405 2058 425 2100 a
453 2038 613 2112 Domino,
637 2039 694 2120 qui
717 2047 771 2101 est
793 2036 949 2119 Jehovah
972 2037 1016 2100 ab
1039 2047 1194 2112 aeterno,
1218 2047 1255 2101 et

132 2132 276 2198 Creator
299 2133 456 2207 universi,
481 2134 572 2215 quod
596 2143 708 2196 status
732 2132 890 2205 hominis,
914 2132 970 2213 qui
1004 2152 1041 2195 se
1075 2130 1253 2214 conjungit

132 2248 209 2292 cum
234 2228 314 2308 Ipso
341 2248 401 2308 per
424 2228 531 2291 vitam
554 2227 741 2291 secundum
766 2236 951 2308 praecepta
974 2226 1094 2307 Ipsius,
1119 2227 1255 2295 beatior

131 2334 168 2388 et
187 2323 316 2387 felicior
335 2323 379 2386 sit
399 2333 478 2404 post
497 2333 643 2386 mortem
663 2342 765 2405 quam
785 2331 866 2386 ante
885 2321 978 2383 illam
1002 2322 1035 2383 in
1055 2321 1196 2396 mundo,
1217 2329 1253 2407 et

132 2420 224 2501 quod
248 2418 380 2482 beatior
402 2428 438 2482 et
461 2417 589 2481 felicior
612 2418 656 2481 sit
679 2438 724 2480 ex
748 2436 801 2491 e0,
821 2415 1036 2498 quodhomo
1055 2425 1136 2479 tunc
1157 2416 1254 2496 spiri·

131 2514 233 2578 tualis
256 2515 312 2588 sit,
332 2533 370 2576 ac
395 2512 577 2595 spiritualis
596 2511 701 2575 homo
721 2513 826 2575 sentit
849 2520 885 2574 et
908 2511 1052 2593 percipit
1067 2509 1253 2590 jucundum

131 2608 317 2689 spirituale,
342 2608 432 2689 quod
456 2608 712 2688 supereminens
734 2616 788 2670 est
820 2625 899 2686 prae
919 2604 1069 2687 jucundo
1092 2604 1251 2679 naturali,

131 2702 209 2783 quia
228 2701 349 2764 millies
369 2702 507 2764 excedit
527 2700 620 2763 illud.

195 2810 270 2877 30.
302 2794 403 2877 Quod
431 2795 546 2875 angeli
575 2805 612 2858 et
640 2795 776 2876 spiritus
803 2796 871 2860 sint
898 2795 1066 2867 homines,
1090 2803 1253 2859 constare

131 2899 250 2972 potest
267 2911 312 2952 ex
332 2889 397 2952 illis
418 2890 497 2951 visis
517 2888 730 2961 Abrahamo,
748 2889 926 2963 Guideoni,
948 2889 1093 2961 Danieli,
1114 2898 1150 2952 et
1171 2889 1253 2952 Pro·

132 2985 257 3067 phetis,
288 2984 452 3065 imprimis
484 2983 632 3064 Johanni
666 3004 742 3047 cum
774 2985 908 3065 scripsit
941 2983 1182 3064 Apocalypsin,
1216 2991 1253 3046 et

131 3099 265 3163 quoque
285 3078 480 3142 mulieribus
499 3079 532 3141 in
551 3078 709 3161 sepulcro
728 3079 866 3142 Domini
882 3100 888 3155 ;
913 3079 1016 3141 immo
1036 3077 1115 3159 Ipse
1132 3077 1253 3141 Domi·

132 3195 194 3238 nus
218 3184 297 3256 post
317 3171 599 3237 resurrectionem
625 3171 731 3254 [visus
750 3170 818 3252 est]
840 3174 1023 3254 discipulis.
1069 3171 1171 3254 Quod
1191 3172 1253 3235 visi

132 3271 213 3347 sint,
238 3270 299 3333 luit
323 3289 435 3341 causa,
456 3269 534 3350 quia
557 3278 638 3332 tunc
663 3270 772 3349 aperti
796 3279 876 3331 sunt
901 3267 989 3330 oculi
1012 3267 1151 3349 spiritus
1174 3266 1253 3331 illo·

132 3384 204 3429 rum
220 3386 228 3441 ;
251 3374 288 3428 et
307 3383 384 3427 cum
404 3364 437 3425 hi
456 3364 663 3444 aperiuntur,
681 3372 848 3444 apparent
864 3362 978 3442 angeli
998 3363 1032 3424 in
1052 3382 1112 3424 sua
1131 3361 1251 3436 forma,

131 3470 294 3543 quaeest
319 3459 488 3534 humana;
512 3467 549 3522 at
572 3478 648 3521 cum
672 3458 720 3522 illi
744 3457 833 3521 oculi
857 3458 963 3520 clausi
986 3466 1074 3530 sunt,
1095 3455 1159 3520 hoc
1184 3468 1251 3533 est,

131 3553 284 3618 obvelati
307 3555 379 3616 visu
403 3553 578 3615 oculorum
603 3554 656 3635 qui
680 3554 795 3615 omnia
818 3572 879 3614 sua
903 3552 1043 3615 trahunt
1070 3572 1115 3613 ex
1140 3564 1252 3618 mate·

24 3637 30 3652 ⁸
129 3649 205 3713 riali
225 3649 466 3721 mundo,'tunc
486 3668 554 3711 non
574 3657 751 3728 apparent.

195 3756 262 3823 31.
294 3741 346 3805 At
369 3743 544 3806 sciendum
568 3751 633 3815 est,
658 3741 749 3823 quod
778 3741 884 3804 homo
907 3749 985 3822 post
1009 3749 1156 3804 mortem
1181 3760 1250 3804 non

130 3838 176 3901 sit
198 3838 302 3900 homo
325 3837 501 3911 naturalis,
526 3837 586 3899 sed
614 3836 719 3900 homo
745 3836 939 3918 spiritualis,
964 3846 999 3899 et
1030 3856 1134 3917 usque
1160 3836 1252 3917 quod

132 3933 195 3995 sibi
219 3951 355 4013 prorsus
379 3931 496 3993 similis
516 3941 691 4013 appareat,
715 3951 754 3994 ac
779 3931 828 3993 ita
851 3931 979 4002 similis,
1001 3939 1037 3992 ut
1060 3949 1128 3992 non
1151 3930 1254 3994 aliter

131 4027 230 4101 sciat,
244 4043 346 4107 quam
363 4024 454 4106 quod
470 4023 581 4086 adhuc
597 4025 631 4087 in
648 4026 776 4087 mundo
792 4023 936 4087 naturali
954 4025 998 4086 sit
1012 4045 1019 4100 ;
1044 4024 1143 4086 simili
1159 4025 1250 4087 enim

131 4140 275 4202 corpore
294 4129 359 4192 est,
380 4118 479 4180 simili
498 4118 594 4193 facie,
615 4120 714 4182 simili
734 4118 881 4202 loquela,
902 4129 938 4182 et
957 4118 1122 4181 similibus
1141 4120 1252 4184 sensi·

131 4215 205 4288 bus,
223 4214 302 4295 quia
320 4212 420 4275 simili
437 4210 615 4276 affediione
634 4223 669 4276 et
688 4215 911 4294 cogitatione,
929 4234 988 4276 seu
1008 4213 1108 4276 simili
1128 4213 1251 4278 volun·

132 4317 208 4372 tate
224 4319 259 4370 et
277 4304 464 4371 intelledtu.
504 4307 570 4371 Est
586 4308 722 4389 quidem
741 4305 919 4374 aitualiter
936 4330 1004 4372 non
1023 4309 1153 4384 similis,
1174 4311 1252 4393 quia

132 4411 187 4469 est
206 4403 400 4484 spiritualis,
420 4412 456 4466 et
479 4402 559 4466 inde
582 4402 686 4466 homo
708 4403 869 4481 interior;
893 4406 953 4466 sed
977 4405 1159 4468 discrimen
1183 4425 1251 4469 non
