2782 5026
358 456 409 507 na
431 455 567 508 anons
590 452 911 521 conmotam-n.
929 442 1003 522 406.
1183 455 1219 520 31
1227 454 1244 521 3

119 628 197 694 haec
212 637 361 713 recepta
372 630 416 693 ab
427 629 493 693 illis
506 627 703 694 obvolvitur
714 628 840 692 circum
853 645 1003 692 amorem
1017 626 1152 689 illorum
1166 645 1244 707 pro·

119 726 236 806 prium,
251 735 290 789 et
306 725 387 788 inde
400 745 444 789 ex
460 725 526 788 hoc
540 734 576 788 et
592 724 692 788 simul
709 745 754 789 ex
770 723 829 787 illa
841 722 988 787 infantes
999 733 1129 797 amant,
1143 742 1244 786 oscu-

118 818 233 896 lando,
259 817 515 901 amplectendo,
536 820 720 903 portando,
740 818 959 883 admovendo
982 814 1186 900 pectoribus,
1207 825 1244 881 et

118 934 218 996 super
234 934 375 978 omnem
392 915 531 979 modum
547 913 814 988 adblandiendo,
831 922 868 977 et
883 910 1042 997 spetiant
1059 912 1136 976 illos
1152 912 1242 974 sicut

118 1028 221 1072 unum
234 1029 295 1072 cor
308 1019 343 1074 et
360 1028 462 1072 unam
475 1009 624 1073 animam
636 1027 752 1072 secum
765 1029 773 1087 ;
796 1028 836 1072 ac
850 1008 975 1072 deinde
988 1017 1067 1089 post
1080 1005 1243 1069 infantiae

117 1102 256 1167 illorum
266 1112 397 1168 statum
410 1125 515 1185 usque
531 1105 575 1167 ad
591 1103 800 1187 ephebatum
816 1111 852 1167 et
868 1103 968 1176 ultra,
980 1102 1061 1165 dum
1077 1102 1243 1165 innocen·

117 1198 166 1261 tia
181 1217 253 1261 non
270 1198 416 1279 amplius
429 1198 556 1282 aliquid
568 1207 740 1280 operatur,
753 1197 832 1262 illos
847 1208 966 1261 amant
982 1217 1051 1260 non
1067 1218 1112 1259 ex
1129 1196 1242 1278 aliquo

118 1293 243 1356 timore
267 1293 333 1357 Dei
363 1313 402 1357 ac
433 1295 562 1375 pietate
590 1291 714 1357 adtuali
744 1314 805 1357 seu
834 1294 937 1368 vitae,
962 1313 1025 1357 nec
1053 1313 1098 1356 ex
1128 1291 1244 1374 aliqua

116 1386 352 1469 intelligentia
373 1388 531 1451 rationali
555 1399 590 1452 et
621 1388 739 1451 morali
763 1389 853 1472 apud
875 1387 965 1463 illos,
989 1407 1029 1450 ac
1059 1406 1178 1469 parum
1205 1395 1243 1449 et

116 1483 177 1544 vix
201 1484 383 1565 quicquam
402 1480 561 1564 spectant
583 1484 628 1546 ad
650 1480 849 1547 affeetiones
867 1483 1020 1546 internas
1038 1481 1185 1557 illorum,
1206 1490 1242 1545 et

117 1577 199 1640 inde
221 1577 266 1639 ad
289 1578 436 1641 virtutes
458 1588 493 1643 et
517 1577 627 1642 bonos
646 1597 769 1653 mores,
790 1578 851 1641 sed
876 1578 987 1640 solum
1009 1577 1053 1641 ad
1083 1587 1241 1652 externa,

117 1673 241 1754 quibus
262 1672 402 1752 lavent3
431 1672 484 1736 his
506 1692 659 1738 amorem
682 1693 779 1736 suum
802 1671 1005 1755 adjungunt,
1025 1671 1181 1754 affigunt,
1204 1679 1242 1735 et

116 1767 361 1848 agglutinant3
385 1768 464 1832 inde
477 1769 582 1832 etiam
598 1768 784 1832 occludunt
801 1769 919 1832 oculos
934 1768 978 1832 ad
995 1769 1078 1831 vitia
1092 1767 1239 1843 illorum,

116 1871 327 1925 excusantes
342 1862 401 1926 illa
419 1873 455 1927 et
473 1863 629 1927 faventes
644 1863 732 1926 illis:
757 1883 859 1927 causa
877 1873 945 1938 est,
961 1863 1039 1945 quia
1057 1862 1147 1944 apud
1164 1861 1242 1925 illos

117 1976 214 2021 amor
235 1958 408 2039 progeniei
427 1978 509 2021 suae
528 1969 583 2022 est
601 1979 737 2041 quoque
753 1978 849 2021 amor
867 1959 928 2032 sui,
946 1969 982 2021 et
1001 1958 1055 2021 hic
1075 1958 1241 2021 adhaeret

116 2048 271 2133 subjedlo
289 2053 516 2131 extrinsecus,
535 2073 576 2117 ac
600 2073 669 2116 non
687 2055 794 2116 intrat
812 2053 846 2117 in
865 2053 959 2130 illud,
978 2053 1158 2134 sicutipse
1177 2071 1240 2116 nec

119 2166 222 2210 mse.

181 2241 291 2326 406·
322 2240 441 2323 Qualis
465 2251 519 2306 est
542 2263 638 2307 amor
666 2243 833 2307 infantum
863 2252 899 2307 et
931 2263 1029 2308 amor
1057 2242 1239 2306 liberorum

119 2337 208 2419 apud
228 2337 433 2417 spirituales,
454 2347 489 2401 et
512 2338 622 2421 qualis
643 2339 733 2420 apud
757 2339 941 2413 naturales,
961 2340 1140 2402 evidenter
1162 2358 1240 2418 per·

116 2433 258 2512 spicitur
280 2452 326 2494 ex
348 2431 415 2494 illis
439 2443 519 2514 post
539 2442 709 2497 mortem:
737 2433 889 2517 plerique
908 2435 998 2497 enim
1018 2434 1133 2515 patres
1156 2433 1238 2496 dum

116 2526 196 2590 illuc
213 2527 367 2602 veniunt,
385 2526 607 2591 recordantur
619 2548 755 2592 suorum
775 2528 967 2604 liberorum,
985 2529 1041 2611 qui
1059 2536 1141 2591 ante
1160 2528 1239 2591 illos

116 2623 308 2697 obiverunt,
333 2631 369 2686 et
398 2643 532 2705 quoque
556 2624 724 2687 sistuntur
746 2634 956 2705 praesentes,
981 2634 1016 2687 et
1043 2632 1239 2705 agnoscunt

117 2736 152 2780 se
182 2729 314 2781 mutuo.
369 2715 572 2798 Spirituales
600 2730 716 2801 patres
746 2719 850 2783 modo
879 2720 1049 2801 aspiciunt
1081 2719 1170 2794 illos,
1201 2728 1239 2783 et

116 2822 283 2893 quaerunt
301 2813 336 2874 in
354 2831 423 2894 quo
438 2821 532 2876 statu
548 2823 638 2888 sunt,
657 2824 692 2879 et
711 2814 864 2895 gaudent
883 2815 910 2876 si
929 2815 995 2877 illis
1011 2815 1098 2877 bene
1118 2823 1182 2887 est,
1202 2823 1240 2880 et

117 2906 237 2970 dolent
254 2907 282 2969 si
302 2906 412 2986 male;
436 2917 472 2972 et
488 2917 569 2990 post
584 2908 732 2991 aliquam
748 2908 1025 2982 collocutionem,
1043 2907 1240 2974 instructio·

117 3019 205 3074 nem,
225 2998 485 3065 instructionem
508 3012 544 3067 et
567 3004 837 3067 admonitionem
860 3005 903 3067 de
926 3005 998 3067 vita
1020 3005 1140 3067 morali
1159 3024 1238 3068 cae-

117 3095 205 3170 lesti,
227 3106 388 3178 separant
412 3118 449 3161 se
476 3096 520 3161 ab
549 3097 626 3173 illis,
646 3118 686 3162 ac
716 3110 797 3162 ante
821 3101 1074 3182 separationem
1098 3101 1237 3177 docent,

117 3190 206 3273 quod
223 3211 292 3254 non
309 3192 455 3272 amplius
471 3193 674 3257 recordandi
690 3195 758 3258 sint
775 3204 812 3259 ut
831 3206 959 3278 patres,
977 3197 1055 3278 quia
1072 3196 1239 3259 Dominus

117 3296 167 3349 est
189 3287 307 3349 unicus
325 3286 425 3350 Pater
444 3289 602 3351 omnibus
618 3289 651 3351 in
671 3289 779 3364 cae10,
797 3290 984 3353 secundum
1006 3291 1114 3372 Ipsius
1133 3292 1239 3355 verba

120 3380 257 3462 (Mattlc.
273 3383 372 3444 xxiii.
385 3381 432 3465 9),
447 3394 482 3449 et
499 3385 591 3466 quod
607 3384 753 3458 illorum,
769 3394 806 3448 ut
823 3384 928 3460 liberi,
944 3406 1108 3469 nusquam
1124 3407 1238 3452 recor-

118 3477 249 3540 dentur.
296 3476 416 3541 Patres
439 3489 556 3542 autem
579 3480 764 3554 naturales,
789 3490 826 3544 ut
853 3482 998 3562 primum
1022 3482 1238 3546 animadver-

117 3578 191 3633 tunt
209 3591 246 3633 se
262 3571 419 3635 viventes
435 3583 514 3655 post
531 3584 688 3647 mortem,
706 3593 745 3636 ac
761 3575 795 3637 in
812 3577 1011 3639 memoriam
1027 3597 1123 3639 suam
1139 3598 1238 3641 revo-

117 3676 194 3731 cant
216 3666 353 3741 liberos,
370 3668 426 3750 qui
445 3678 527 3732 ante
543 3668 620 3732 illos
636 3670 828 3745 obiverunt,
845 3681 881 3734 et
900 3692 1034 3753 quoque
1051 3673 1238 3736 secundum

117 3770 235 3822 votum
260 3760 418 3823 desiderii
441 3761 608 3826 sistuntur
627 3774 838 3844 praesentes,
858 3763 951 3828 illico
973 3764 1236 3846 conjunguntur,

115 3861 150 3916 et
169 3852 358 3917 cohaerent
376 3856 464 3919 sicut
483 3855 593 3919 fasces
609 3857 784 3940 colligati3
808 3878 848 3922 ac
865 3869 946 3922 tunc
963 3870 1061 3940 pater
1074 3861 1237 3925 continue

116 3945 309 4012 deledlatur
330 3969 375 4012 ex
399 3947 539 4031 aspectu
558 3951 705 4027 illorum,
725 3961 762 4016 et
791 3974 836 4016 ex
867 3954 1039 4036 colloquio
1058 3974 1134 4017 curn
1158 3955 1237 4019 illis.

115 4040 150 4107 Si
167 4045 293 4108 dicitur
313 4045 412 4125 patri,
430 4046 522 4128 quod
537 4046 674 4129 quidam
693 4068 738 4111 ex
758 4047 872 4112 liberis
890 4048 957 4112 illis
973 4049 1044 4130 ejus
1060 4051 1128 4114 sint
1144 4059 1238 4115 sata·

115 4158 190 4216 nae,
210 4150 247 4203 et
270 4139 362 4222 quod
385 4141 563 4205 intulerint
582 4162 694 4206 noxas
712 4143 822 4219 bonis,
842 4144 1061 4208 nihilominus
1080 4146 1238 4211 continet

113 4234 190 4298 illos
208 4236 243 4297 in
262 4235 369 4316 globo
388 4237 514 4301 circum
533 4257 582 4311 se,
602 4247 661 4302 aut
684 4239 719 4302 in
742 4249 881 4302 caterva
899 4252 980 4304 ante
1003 4260 1059 4319 se;
1091 4242 1118 4303 si
1142 4242 1239 4306 videt

113 4329 185 4410 ipse
203 4330 296 4412 quod
317 4330 479 4395 damnum
499 4333 654 4409 inierant,
672 4343 708 4397 et
728 4334 819 4398 mala
836 4334 973 4409 iaciant,
992 4355 1096 4418 usque
1115 4336 1159 4401 ad
1178 4336 1238 4401 illa

114 4424 196 4489 nihil
216 4426 381 4503 attendit,
401 4447 464 4492 nec
484 4428 649 4493 dissociat
667 4429 815 4514 aliquem
837 4450 858 4494 a
879 4449 936 4510 se;
964 4451 1068 4515 quare
1091 4452 1134 4496 ne
1157 4431 1238 4500 talis
