2782 5026
126 221 190 282 268
471 232 654 286 neumas
674 233 906 287 summme

125 404 227 488 Quod
243 423 341 470 amor
356 404 415 470 ille
430 426 507 470 cum
523 407 592 470 suis
608 406 829 471 felicitatibus
846 428 914 470 non
931 408 1035 472 detur
1052 408 1128 472 aliis
1142 397 1313 494 quain

122 502 179 584 qui
199 502 317 584 Ipsum
339 503 480 575 adeunt,
499 504 579 565 inde
597 503 768 585 sequitur;
795 512 833 566 et
849 503 942 586 quod
961 503 1030 567 illis
1051 505 1108 587 qui
1125 482 1330 568 vivus!t

123 597 312 660 secundum
329 608 515 678 praecepta
532 597 652 678 Ipsius,
669 608 724 661 est
741 599 818 681 quia
834 617 911 660 cum
929 598 998 661 illis
1016 619 1078 681 per
1093 585 1343 679 amorefi‘]¹

124 689 326 772 conjunctus
345 703 399 754 est
421 691 517 773 (Joh.
538 693 607 755 xiv.
627 691 759 774 21-24).

185 798 284 870 337·
310 787 383 869 (iv.)
410 785 439 850 C
438 797 660 868 assequenter,
677 788 768 869 quod
778 809 841 850 non
856 787 939 851 dari
950 798 1050 869 queat
1059 810 1161 853 amor
1171 779 1365 852 verf‘

121 880 332 965 columnalis,
357 882 427 944 nisi
447 901 548 963 quam
570 881 665 962 apud
689 880 765 944 illos
787 882 848 963 qui
873 881 917 945 ab
945 882 1099 946 Ecclesia
1123 882 1228 948 Chris

122 976 219 1039 tiana
239 974 474 1060 sunt-Quod
506 996 575 1039 non
599 976 701 1039 detur
722 996 819 1039 amor
841 977 1054 1058 conjugialis,
1079 978 1192 1061 qualis
1214 970 1382 1040 id‘i

122 1073 321 1152 suocapite
347 1070 394 1151 (n.
421 1071 550 1152 57-73),
574 1083 610 1135 et
634 1072 668 1134 in
691 1071 914 1153 sequentibus
937 1071 1032 1147 illud,
1052 1067 1388 1155 descriptuzfi

122 1175 188 1240 est,
211 1167 259 1229 ita
288 1166 398 1249 qualis
420 1176 474 1230 est
502 1168 536 1229 in
566 1187 626 1229 sua
655 1168 819 1240 essentia,
836 1168 899 1230 nisi
928 1187 1031 1250 quam
1054 1169 1146 1250 apud
1171 1169 1252 1233 illo

122 1262 179 1343 qui
201 1261 246 1325 ab
264 1260 425 1325 Ecclesia
443 1261 637 1325 Christiana
655 1272 745 1336 sunt,
764 1271 819 1325 est
841 1281 954 1336 causa,
974 1265 1054 1344 quia
1072 1263 1132 1326 ille
1151 1284 1232 1327 amo

122 1365 177 1420 est
204 1376 226 1419 a
255 1357 332 1419 solo
357 1357 516 1431 Domino,
541 1366 578 1420 et
608 1356 777 1420 Dominus
800 1375 869 1419 non
891 1356 972 1420 alibi
994 1359 1045 1421 ita
1066 1370 1173 1422 notus
1195 1380 1245 1423 es

1319 888 1374 906 α

13 1443 16 1448 ’
122 1460 160 1514 ut
179 1453 289 1533 possit
309 1453 392 1514 adiri
412 1452 586 1530 ut'Deus;
610 1463 684 1516 tum
700 1453 779 1533 quia
796 1472 893 1515 amor
911 1452 968 1516 ille
987 1464 1040 1516 est
1056 1456 1227 1518 secundu

121 1557 253 1611 statum
276 1548 444 1610 ecelesiae
468 1549 557 1629 apud
582 1549 841 1630 unumquemvis
870 1546 918 1628 (n.
945 1547 1031 1630 130).
1056 1559 1093 1613 et
1124 1554 1228 1632 genui

122 1662 185 1704 nus
204 1653 318 1706 status
337 1643 504 1706 ecclesiae
525 1663 592 1705 non
612 1643 748 1706 aliunde
766 1652 821 1705 est
843 1662 946 1725 quam
968 1663 989 1706 a
1012 1643 1176 1718 Domino,
1197 1648 1236 1709 it

121 1756 190 1799 non
213 1739 306 1819 apud
326 1739 411 1801 alios
430 1757 531 1819 quam
556 1739 611 1819 qui
634 1738 678 1800 ab
702 1737 782 1819 Ipso
801 1739 969 1820 recipiunt
989 1738 1096 1802 illum.
1142 1739 1243 1822 Quod

120 1833 206 1897 haec
230 1834 299 1896 duo
330 1835 398 1896 sint
421 1834 511 1896 illius
534 1835 659 1896 amoris
686 1834 880 1915 primordia,
904 1833 1179 1898 introductiones
1210 1846 1244 1900 et

120 1928 428 2001 constabilitiones‚
454 1928 514 1991 tali
538 1929 637 2010 copia
659 1930 831 1991 rationum
854 1929 1064 1993 evidentium
1091 1941 1129 1993 et
1160 1950 1242 1994 con·

120 2024 345 2095 eludentium.
364 2023 529 2088 hactenus
549 2022 721 2088 firmatum
740 2034 805 2097 est,
819 2034 857 2086 ut
880 2044 1017 2106 prorsus
1036 2044 1242 2108 supervaca-

121 2140 222 2184 neum
248 2123 291 2183 sit
311 2119 437 2201 aliquid
457 2119 716 2201 superadjicere.
762 2117 863 2199 Quod
883 2128 1000 2181 tamen
1019 2140 1127 2202 usque
1146 2141 1242 2185 amor

119 2236 201 2279 vere
231 2215 432 2296 coniugialis
456 2216 489 2276 in
512 2215 595 2276 orbe
619 2213 818 2277 Christiano
844 2233 937 2276 rarus
960 2215 1005 2277 sit
1031 2213 1079 2296 (n.
1102 2217 1152 2296 58,
1175 2216 1240 2297 59),

120 2320 175 2374 est
197 2312 276 2393 quia
301 2311 398 2392 pauci
418 2310 462 2371 ibi
485 2310 613 2373 adeunt
638 2309 843 2385 Dominum3
867 2329 908 2372 ac
932 2308 1118 2374 interillos
1139 2310 1242 2393 aliqui

120 2415 211 2479 sunt,
225 2406 281 2487 qui
302 2405 437 2485 quidem
458 2405 603 2467 credunt
618 2403 812 2477 ecclesiam,
824 2403 885 2466 sed
905 2423 974 2466 non
990 2404 1111 2469 vivunt
1123 2405 1240 2482 illam;

119 2509 256 2581 praeter
280 2498 385 2581 plura.
407 2520 494 2580 quae
518 2497 658 2561 detecta
681 2508 760 2561 sunt
784 2499 817 2560 in
836 2498 1046 2579 Apocalypsi
1063 2499 1239 2574 Revelato,

119 2593 176 2656 ubi
196 2594 297 2676 plene
317 2595 520 2656 describitur
538 2604 651 2657 status
670 2592 856 2656 hodiernus
875 2593 1054 2657 Ecclesiae
1073 2594 1241 2659 Christia-

119 2691 204 2753 nae:
236 2691 296 2752 sed
326 2689 545 2752 nihilominus
564 2689 658 2752 valet
678 2691 816 2762 veritas,
833 2689 924 2771 quod
952 2708 1020 2752 non
1040 2689 1112 2752 dari
1137 2701 1241 2774 queat

119 2804 216 2848 amor
241 2805 322 2846 vere
352 2783 565 2864 coniugialis‚
591 2785 654 2846 nisi
684 2784 773 2866 apud
804 2784 883 2847 illos
912 2785 968 2867 qui
1002 2785 1046 2848 ab
1080 2785 1241 2849 Ecclesia

120 2878 316 2942 Christiana
348 2890 447 2954 sunt;
486 2900 590 2961 quare
621 2880 726 2942 etiam
756 2878 955 2962 polygamia
987 2880 1067 2942 inde
1101 2900 1241 2961 prorsus

118 2974 284 3037 damnata
304 2985 379 3037 est:
404 2975 495 3055 quod
515 2975 581 3037 hoc
606 2976 711 3037 etiam
731 2975 774 3037 sit
794 2996 839 3038 ex
860 2975 983 3037 Divina
1003 2975 1143 3038 Domini
1161 2996 1240 3059 pro·

118 3070 272 3132 videntia
302 3069 483 3132 manifeste
511 3080 610 3151 patet
643 3070 712 3134 illis
745 3071 801 3152 qui
833 3071 876 3133 de
903 3069 1122 3156 providentia
1147 3070 1241 3153 juste

118 3165 287 3245 cogitant.

180 3260 279 3341 338.
306 3258 368 3340 (ν.)
395 3258 491 3336 Quod
502 3259 579 3322 inde
593 3260 648 3335 sit,
665 3259 757 3341 quod
770 3257 800 3324 C
798 3258 966 3322 ltristriano
981 3279 1044 3322 non
1060 3257 1159 3323 liceat
1172 3261 1244 3325 nisi

117 3374 217 3417 unam
236 3376 372 3417 uxorem
391 3354 638 3417 ducere.-—H0c
659 3356 813 3436 sequitur
832 3353 1071 3418 confirmatum
1090 3375 1136 3418 ex
1156 3375 1240 3419 con·

117 3449 259 3513 firmatis
277 3451 562 3530 praecedentibus
581 3449 759 3528 articulis;
784 3451 904 3531 quibus
923 3449 988 3512 hoc
1008 3450 1240 3530 adjiciendum

115 3553 189 3607 est:
222 3545 313 3626 quod
342 3547 528 3626 genuinum
552 3545 746 3626 coniugiale
770 3545 942 3608 mentibus
966 3544 1240 3609 Christianorum

115 3638 218 3703 altius
239 3641 441 3721 inscriptum
460 3642 516 3714 sit,
534 3660 634 3722 quam
653 3641 825 3702 mentibus
842 3639 1016 3713 Gentium,
1034 3660 1121 3721 quae
1139 3641 1240 3723 poly-

40 3730 44 3743 '
92 3735 93 3739 ’
114 3735 265 3815 gamiam
282 3735 466 3815 amplexae
485 3745 565 3798 sunt
581 3756 588 3811 ;
612 3745 648 3797 et
668 3736 759 3816 quod
776 3735 855 3798 inde
872 3744 1006 3798 mentes
1022 3733 1239 3800 Christiano·

115 3848 188 3891 rum
208 3829 501 3910 susceptibiliores
518 3828 607 3891 illius
623 3830 747 3892 amoris
766 3830 846 3903 sint,
863 3847 965 3911 quam
981 3839 1118 3892 mentes
1137 3829 1239 3912 poly-

114 3942 292 4003 gamorum
310 3946 317 3996 ;
339 3944 416 3986 nam
431 3924 621 4005 conjugiale
635 3924 717 3987 illud
734 3925 934 4006 inscriptum
950 3933 1004 3987 est
1019 3924 1239 3988 interioribus

114 4020 241 4081 mentis
262 4019 546 4093 Christianorum,
568 4020 645 4101 quia
665 4029 859 4100 agnoscunt
880 4018 1064 4094 Dominum
1083 4029 1120 4082 et
1140 4018 1238 4083 Divi·

115 4131 195 4176 num
210 4114 330 4194 Ipsius.
343 4127 378 4175 et
394 4114 624 4176 exterioribus
638 4115 763 4176 mentis
776 4113 912 4176 illorum
925 4134 985 4195 per
996 4114 1093 4195 leges
1106 4114 1236 4178 civiles.

177 4220 281 4288 339.
302 4207 375 4291 (vi.)
403 4207 499 4285 Quod
510 4208 738 4285 Christianus,
753 4206 787 4271 si
794 4207 911 4290 plures
921 4229 1041 4273 uxores
1056 4208 1157 4286 ducti,
1172 4230 1235 4274 non
