2782 5026
418 446 472 497 DE
494 445 628 498 AMORE
651 444 970 511 comitumue-N.
994 446 1063 496 111.
1255 447 1295 515 95

144 616 222 678 illo,
238 616 294 672 sed
308 625 357 671 est
371 613 517 672 distintis
529 616 621 679 alius:
641 632 697 671 nec
708 633 786 671 unus
798 627 845 671 est
856 616 942 687 juxta
951 616 1087 678 alterurn,
1098 617 1151 671 sed
1164 633 1242 672 unus
1251 629 1298 672 est

144 699 245 752 intra
259 696 411 759 alterum;
431 706 463 750 et
476 697 558 766 quod
573 696 651 750 intra
665 706 720 758 est,
733 696 792 750 boc
805 697 904 751 nobile
920 707 966 751 est
981 713 1051 767 prae
1065 712 1102 751 eo
1117 697 1199 766 quod
1212 708 1297 752 extra

140 787 226 839 est:
247 786 281 830 et
298 791 355 830 nos
370 775 505 830 vidimus
517 776 599 845 quod
614 791 699 829 amor
713 775 892 846 eonjugialis
907 792 925 830 a
939 777 1091 830 creatione
1106 777 1146 830 sit
1162 776 1251 839 intus,
1265 788 1297 832 et

141 856 343 911 reconditus
357 855 388 909 in
401 870 504 909 amore
514 870 611 915 sexus.
623 871 743 924 prorsus
755 856 834 910 sicut
843 856 1032 926 amygdalum
1048 855 1128 910 intus
1142 855 1171 909 in
1181 868 1297 919 erusta;

141 951 261 1006 quare
275 951 346 989 curu
359 949 448 988 amor
459 934 637 1006 eonjugialis
652 950 690 989 ex
701 950 756 988 sua
770 945 878 997 crusta,
892 951 969 1006 quae
982 945 1029 990 est
1041 951 1126 990 amor
1139 951 1237 998 sexus,
1251 952 1297 991 re-

140 1014 314 1076 cluditur,
324 1013 421 1085 fulget
435 1012 484 1068 ille
495 1029 596 1068 coram
610 1013 820 1085 angelis,sicut
829 1030 948 1085 gemma
957 1015 1086 1086 beryllus
1096 1025 1128 1069 et
1138 1015 1296 1078 astroites;

142 1095 225 1148 hoc
246 1093 293 1156 fit,
312 1094 384 1164 quia
403 1092 498 1148 amori
518 1092 682 1165 conjugiaIi
704 1093 848 1163 inscripta
865 1103 912 1148 est
929 1094 1008 1149 salus
1028 1093 1158 1149 universi
1176 1097 1296 1165 generis

139 1171 306 1235 humani,
321 1187 399 1243 quae
420 1188 439 1227 a
458 1172 545 1227 nobis
566 1171 744 1244 intelligitur
763 1188 816 1242 per
835 1173 947 1227 bonurn
965 1173 1133 1243 publicum:
1152 1174 1212 1228 hoc
1227 1190 1297 1228 nos·

136 1265 249 1307 trum
262 1252 413 1322 judicium
423 1262 470 1306 est
479 1252 517 1306 de
527 1251 642 1323 origine
652 1252 743 1321 hujus
752 1252 872 1307 amoris.
898 1252 1052 1325 Originem
1064 1263 1165 1308 autem
1175 1254 1297 1308 virtutis

133 1348 219 1388 seu
237 1331 396 1402 potentiae
411 1331 476 1401 ejus
491 1347 529 1386 ex
541 1331 667 1386 versatis
682 1331 780 1386 causis
798 1332 1000 1387 conclusimus
1015 1349 1080 1388 esse
1098 1334 1295 1388 reclusionem

132 1422 197 1466 et
217 1411 445 1481 separationem
465 1411 576 1465 anioris
595 1411 774 1483 conjugialis
793 1413 831 1465 ab
852 1428 954 1467 amore
974 1428 1071 1474 sexus,
1091 1428 1168 1482 quae
1189 1413 1224 1467 fit
1244 1430 1297 1484 per

132 1490 351 1561 sapientiam
370 1505 389 1544 a
405 1490 481 1551 viro,
496 1501 528 1545 et
547 1506 600 1560 per
617 1506 750 1544 amorem
770 1491 933 1561 sapientiae
951 1491 1006 1545 viri
1026 1494 1063 1546 ab
1082 1508 1189 1547 uxore:
1211 1509 1296 1548 amor

128 1586 260 1625 sexus
274 1570 355 1624 enirn
372 1580 420 1624 est
435 1569 604 1624 communis
619 1585 688 1624 cum
704 1570 817 1632 bestiis,
830 1580 862 1624 at
876 1586 962 1624 amor
973 1571 1150 1641 coniugialis
1165 1582 1212 1627 est
1228 1588 1296 1643 pro·

131 1650 253 1719 prius
266 1648 456 1711 hominibus:
475 1664 566 1720 quare
579 1659 726 1719 quantum
739 1649 904 1703 recluditur
916 1662 946 1704 et
959 1663 1115 1720 separatur
1126 1669 1211 1705 amor
1223 1668 1295 1705 con·

121 1729 168 1799 j
181 1728 292 1800 ugialis
304 1728 343 1783 ab
357 1744 460 1782 amore
475 1744 573 1789 sexus,
589 1739 707 1782 tantum
724 1728 816 1782 homo
832 1739 878 1783 est
893 1729 994 1790 homo.
1007 1741 1039 1784 et
1054 1747 1114 1785 non
1131 1733 1245 1792 bestia;
1264 1743 1295 1785 et

125 1808 265 1862 homo
277 1823 316 1861 ex
327 1823 384 1862 suo
396 1823 498 1862 amore
508 1808 686 1878 adipiscitur
695 1809 838 1863 virtutem
851 1825 903 1863 seu
917 1809 1094 1878 potentiam,
1104 1820 1136 1864 et
1148 1811 1245 1866 bestia
1257 1828 1295 1866 ex

124 1886 254 1941 suol’
293 1885 350 1941 His
362 1887 530 1958 subscripta
541 1898 589 1942 εει
602 1887 702 1942 littera
715 1886 792 1943 “G.''

224 1978 312 2024 110.
338 1967 466 2035 Septimo
480 1967 585 2021 eduxit
599 1967 743 2030 chartam,
759 1983 776 2021 e
794 1983 855 2037 qua
869 1967 943 2039 legit
957 1967 1048 2022 haec:
1066 1966 1154 2023 “Nos
1170 1969 1295 2039 popula·

138 2061 221 2100 res
235 2046 265 2098 in
278 2061 398 2100 camera
410 2047 467 2099 sub
477 2057 597 2102 nostrae
610 2046 757 2101 fenestrae
770 2047 837 2100 luce
850 2047 1082 2102 exhilaravimus
1094 2048 1295 2120 cogitationes

124 2135 205 2178 et
222 2125 293 2179 inde
310 2122 425 2195 judicia
443 2135 546 2180 nostra
563 2141 601 2180 ex
619 2125 817 2181 meditatione
835 2126 873 2179 de
892 2142 994 2181 amore
1012 2126 1183 2198 conjugiali.
1219 2125 1296 2199 Quis

131 2217 233 2257 mon
245 2203 431 2259 exhilaratur
442 2221 479 2258 ex
495 2204 568 2259 iiio?
586 2215 632 2260 est
644 2205 725 2259 enirn
741 2205 790 2259 ille
806 2221 891 2260 amor
903 2206 974 2259 dum
992 2206 1022 2261 in
1038 2217 1139 2261 mente
1153 2207 1242 2260 simul
1263 2207 1294 2261 in

131 2290 239 2337 toto
257 2299 393 2353 corpore.
432 2283 496 2339 Nos
515 2284 684 2354 judicamus
703 2284 851 2355 originem
869 2285 980 2340 amoris
1000 2286 1078 2340 illius
1097 2301 1135 2340 ex
1152 2285 1294 2356 jucundis

132 2363 251 2431 ejus:
269 2363 338 2434 quis
356 2379 484 2434 usquam
503 2364 560 2418 scit
578 2374 631 2418 aut
648 2363 738 2418 scivit
756 2365 916 2435 vestigium
936 2365 1026 2419 ullius
1044 2365 1163 2427 amoris.
1180 2366 1237 2420 nisi
1256 2382 1294 2420 ex
1315 2409 1317 2412 ,

130 2439 305 2506 jucundo
318 2452 349 2497 et
358 2443 462 2512 volupi
474 2440 560 2513 ejus?
596 2441 806 2515 Jucunditates
819 2445 929 2499 amoris
939 2444 1117 2515 conjugialis
1131 2445 1159 2499 in
1172 2445 1294 2516 origini·

140 2517 228 2576 lus
245 2521 308 2576 suis
326 2521 499 2576 sentiuntur
513 2532 547 2576 ut
566 2522 777 2584 beatitudines,
794 2522 962 2578 laustitates
977 2535 1008 2578 ει
1027 2523 1192 2585 felicitates,
1208 2541 1243 2578 ac
1263 2525 1293 2578 in

148 2599 409 2655 derivationibus
422 2610 457 2654 ut
469 2601 665 2657 amoenitates
678 2612 709 2657 et
719 2603 897 2672 voluptates,
908 2612 939 2657 et
953 2603 982 2657 in
996 2603 1109 2658 ultiniis
1122 2614 1155 2657 ut
1168 2603 1292 2658 deliciae

155 2679 357 2735 deliciarum.
396 2679 450 2735 Est
469 2679 569 2750 itaque
587 2681 672 2753 origo
687 2682 798 2736 amoris
813 2698 909 2741 sexus.
925 2683 996 2736 dum
1018 2683 1159 2742 interiora
1175 2685 1292 2744 mentis.

156 2769 207 2810 «τι
221 2759 289 2813 inde
304 2759 448 2814 interiora
462 2759 603 2830 corporis,
617 2761 792 2830 aperiuntur
806 2777 862 2830 pro
876 2761 992 2816 illarum
1007 2762 1230 2832 jucunditatum
1248 2763 1293 2817 in·

160 2836 268 2901 fluxu:
294 2849 327 2893 at
348 2838 434 2909 origo
455 2840 566 2894 amoris
587 2840 765 2910 conjugialis
787 2851 851 2894 erat
871 2851 953 2902 tunc,
974 2858 1041 2895 curn
1065 2842 1191 2911 sphaera
1213 2841 1292 2898 illius

164 2917 283 2971 amoris
302 2917 462 2988 primitiva.
486 2933 538 2988 per
557 2930 679 2990 coeptas
701 2920 958 2990 desponsationes‚
982 2921 1120 2975 idealiter
1141 2922 1292 2991 promovit

176 2993 246 3050 illas.
283 2994 375 3068 Quod
388 2996 532 3052 virtutem
544 3014 597 3053 seu
611 2999 776 3072 potentiam
791 2999 870 3054 illius
882 3001 992 3054 amoris
1005 3001 1167 3062 concernit,
1182 3012 1229 3056 est
1243 3001 1292 3056 illa

171 3087 212 3126 ex
228 3075 465 3144 permeabiiitate
485 3075 563 3131 illius
581 3079 691 3133 amoris
710 3074 784 3132 cum
797 3095 853 3133 sua
866 3095 951 3140 vena.
966 3095 984 3133 a
1000 3091 1101 3134 mente
1121 3080 1149 3134 in
1166 3097 1289 3151 corpus:

180 3167 257 3207 mens
269 3153 348 3208 enim
363 3165 410 3208 est
422 3170 439 3209 e
452 3155 551 3226 capite
563 3155 593 3210 in
605 3172 731 3227 corpore
745 3158 816 3211 dum
831 3160 924 3213 sentit
937 3169 967 3213 et
980 3159 1049 3230 agit.
1064 3159 1210 3229 imprimis
1223 3177 1290 3215 curn

182 3230 331 3286 deliciatur
345 3249 381 3287 ex
400 3233 593 3298 hoemborc:
613 3251 668 3291 nos
687 3236 757 3290 inde
775 3237 944 3306 judicamus
962 3239 1071 3309 gradus
1088 3241 1241 3308 potentiae
1260 3251 1292 3294 et

181 3312 357 3368 constantias
381 3314 566 3368 alternorum
588 3316 662 3386 ejus.
712 3315 838 3386 Insuper
859 3318 947 3371 etiam
971 3319 1113 3374 virtutem
1137 3322 1290 3391 potentiae

181 3390 348 3447 deducimus
363 3408 401 3446 cx
415 3393 524 3463 stirpe;
542 3394 567 3449 si
587 3394 637 3449 illa
655 3395 764 3449 nobilis
783 3406 829 3450 est
844 3397 924 3465 apud
943 3408 1064 3466 patrem.
1080 3399 1112 3452 fit
1128 3400 1218 3454 etiam
1239 3416 1292 3470 per

180 3472 326 3525 traducem
340 3472 450 3527 nobilis
462 3473 542 3543 apud
557 3475 744 3544 progeniem:
763 3475 844 3545 quod
858 3476 999 3530 nobilitas
1013 3477 1063 3531 illa
1076 3494 1128 3548 per
1137 3480 1291 3534 traducem

181 3562 338 3617 generetur,
352 3549 539 3606 hereditetur
553 3562 583 3607 et
599 3553 770 3615 descendat.
784 3554 986 3625 adstipulatur
1000 3558 1076 3611 ratio
1091 3574 1159 3611 cum
1175 3560 1291 3630 experi-

181 3630 280 3685 entia”
318 3629 375 3684 His
388 3630 556 3702 subscripta
568 3642 614 3686 est
626 3632 727 3687 littera
741 3640 757 3662 ‘⁸
768 3632 817 3688 F.”

224 3721 300 3769 m.
325 3709 401 3764 Vice
415 3711 513 3763 oliava
528 3711 620 3765 exivit
635 3712 746 3774 charta,
762 3729 800 3767 ex
818 3729 878 3782 qua
895 3712 968 3785 legit
983 3715 1074 3770 haec:
1093 3714 1180 3771 “Nos
1196 3733 1291 3786 popu·

180 3785 245 3844 lares
258 3790 289 3844 in
303 3800 409 3844 nostro
418 3800 569 3844 conventu
580 3807 641 3844 non
655 3791 822 3846 invenimus
836 3794 928 3862 ipsam
939 3794 1084 3865 originem
1097 3795 1207 3849 amoris
1219 3812 1291 3849 con·

180 3866 296 3939 jugialis.
313 3869 386 3940 quia
401 3868 451 3923 illa
467 3868 496 3922 in
512 3870 647 3924 sacrariis
662 3871 772 3925 mentis
787 3871 861 3926 latet
878 3872 982 3927 intime
998 3884 1131 3944 reposta:
1150 3890 1290 3929 consum-

181 3948 335 4004 matissima
348 3947 497 4018 sapientia
509 3963 547 4002 ne
560 3948 681 4018 quidem
695 3949 797 4020 aliquo
809 3951 893 4005 radio
909 3951 1077 4007 intelletius
1093 3963 1193 4023 potest
1207 3955 1289 4008 illum

181 4038 300 4083 amorem
315 4027 346 4082 in
362 4026 478 4098 origine
490 4042 545 4081 sua
556 4027 720 4098 attingere:
739 4029 941 4086 divinavimus
955 4032 1057 4093 multa.
1071 4033 1123 4087 sed
1140 4043 1209 4103 post
1221 4035 1291 4087 sub-

180 4102 293 4163 tilitates
316 4105 448 4162 inaniter
467 4105 604 4178 agitatas.
626 4123 686 4161 non
707 4108 849 4164 scivimus
870 4126 909 4164 an
932 4126 1026 4182 nugas
1048 4112 1095 4166 vel
1117 4127 1156 4166 an
1177 4112 1291 4183 judicia

180 4187 303 4257 augurati
322 4186 435 4249 simus:
453 4202 544 4257 quare
562 4185 614 4258 qui
635 4186 782 4258 originem
803 4188 882 4243 illius
901 4191 1012 4245 amoris
1030 4190 1096 4245 vult
1115 4206 1133 4245 e
1152 4192 1290 4248 sacrariis

181 4268 276 4323 nentis
295 4266 436 4326 educere,
451 4275 482 4320 et
500 4266 571 4322 dare
591 4266 648 4320 sibi
669 4265 699 4320 in
718 4266 922 4338 compedium,
937 4270 1025 4324 adeat
1045 4268 1187 4340 Delphos.
1226 4271 1290 4328 Nos

180 4345 365 4417 contemplati
386 4360 492 4399 sumus
512 4362 645 4401 amorem
667 4346 749 4402 illum
772 4346 849 4402 inira
869 4347 1014 4420 originem
1037 4365 1130 4410 suam,
1146 4350 1228 4420 quod
1250 4352 1291 4406 sit

180 4423 330 4490 spiritualis
345 4425 376 4479 in
391 4424 549 4491 mentibus,
562 4436 594 4482 et
607 4426 648 4481 ibi
661 4426 739 4483 sicut
754 4426 822 4484 lons
834 4443 928 4483 venae
944 4428 1048 4492 dulcis,
1061 4445 1098 4484 ex
1109 4445 1171 4502 quo
1184 4429 1291 4486 defluit
