2782 5026
150 440 213 509 170
495 439 679 491 buulcllttt
700 439 935 493 sarlatium·
971 487 974 491 .

200 609 357 674 Dixerunt‚
366 610 449 682 quod
458 610 550 666 etiam
561 609 661 673 hodie,
670 622 702 666 et
709 627 833 682 quoque
842 612 925 683 quod
935 613 1195 683 expanseritalnsz
1210 621 1267 671 “ea

144 705 206 761 qua
220 690 356 761 augurati
371 706 475 745 sumus
490 692 687 761 praesentiam
702 702 793 753 tuam.
805 708 841 746 ac
856 692 1100 749 sollicitationem
1117 694 1159 749 de
1175 695 1268 766 apeti-

142 771 226 825 endo
238 770 338 824 adbuc
350 785 442 824 unum
455 786 595 825 sumnum
608 771 720 826 amoris
732 771 935 842 coniugialis”

201 849 240 904 Et
253 849 396 919 quaesivi.
410 849 496 906 “Cur
507 849 607 906 dicitis
619 867 720 914 unum,
733 861 766 906 et
779 861 881 906 tamen
897 851 957 906 buc
970 850 1040 906 veni
1054 851 1094 906 ad
1112 851 1266 908 sciendum

144 928 229 1000 plura
239 927 270 983 ?”

199 1008 473 1078 Etresponderunt,
485 1007 586 1063 “Sunt
599 1025 714 1069 arcana.
723 1019 755 1063 et
766 1009 913 1078 quaedam
926 1009 1077 1064 excedunt
1091 1009 1267 1080 sapientiam

143 1097 273 1142 vestram
297 1088 327 1141 in
349 1098 477 1150 tantum,
494 1098 529 1142 ut
549 1087 854 1148 intellessus.mtme
875 1088 1071 1160 cogitationis
1091 1105 1154 1144 non
1176 1090 1268 1160 possit

75 1166 78 1173 '
144 1167 194 1221 illa
209 1183 330 1238 capere:
354 1167 524 1237 gloriamini
541 1183 701 1238 supernos
718 1184 756 1222 ex
774 1179 874 1223 vestra
892 1168 1047 1238 sapientia.
1059 1169 1114 1223 sed
1133 1185 1191 1224 nos
1208 1185 1267 1223 non

143 1246 308 1317 gloriamur
321 1263 411 1317 super
425 1263 480 1301 vos
496 1263 534 1302 ex
549 1258 659 1309 nostra,
674 1257 706 1302 et
724 1258 826 1302 tamen
842 1258 947 1302 nostra
961 1248 1075 1302 eminet
1089 1264 1183 1318 super
1201 1264 1266 1303 ves·

142 1337 228 1387 tram,
238 1325 308 1396 quia
318 1326 409 1381 intrat
419 1326 628 1381 inclinationes
637 1338 668 1381 et
677 1326 852 1381 affectiones
864 1337 985 1388 vestras,
993 1342 1029 1381 ac
1039 1327 1131 1389 videt,
1140 1327 1268 1397 percipit

142 1416 173 1458 et
185 1405 278 1459 sentit
289 1405 371 1460 illas:
388 1422 444 1460 vos
459 1421 582 1476 prorsus
595 1406 669 1460 nihil
682 1406 766 1461 scitis
778 1407 816 1460 de
829 1406 1075 1461 inclinationibus
1087 1418 1120 1460 et
1132 1406 1267 1462 alietlio-

142 1485 229 1539 nibus
242 1485 353 1540 amoris
360 1486 459 1547 vestri.
473 1495 618 1540 ettamen
634 1486 702 1540 illae
715 1496 793 1547 sunt,
803 1501 841 1540 ex
853 1485 961 1555 quibus
970 1495 1001 1540 et
1012 1487 1182 1541 secundum
1193 1503 1267 1558 quas

72 1606 76 1611 .
142 1563 312 1619 intelleflus
323 1575 424 1619 vester
435 1566 557 1635 cogitat,
572 1565 697 1635 proinde
712 1565 874 1635 exquibus
891 1576 924 1618 et
942 1566 1109 1619 secundum
1122 1582 1200 1636 quas
1212 1583 1266 1621 vos

140 1643 214 1698 estis
232 1644 398 1714 sapientes;
420 1653 570 1699 ettamen
590 1661 698 1699 uxores
713 1653 775 1698 tarn
793 1646 884 1714 probe
899 1644 999 1699 sciunt
1014 1644 1079 1699 illas
1099 1644 1130 1699 in
1151 1646 1267 1701 maritis

140 1724 211 1786 suis,
232 1735 265 1778 ut
283 1725 408 1778 videant
427 1724 493 1779 illas
512 1724 541 1777 in
563 1723 694 1779 faciebus
710 1724 838 1785 illorum,
855 1733 886 1778 et
905 1725 1029 1779 audiant
1040 1724 1105 1779 illas
1125 1740 1165 1779 ex
1183 1725 1266 1781 sonis

141 1803 276 1874 loquelae
290 1804 352 1858 oris
367 1803 495 1866 illorum,
509 1804 602 1859 immo
618 1804 740 1873 palpent
757 1803 821 1857 illas
837 1819 928 1873 super
940 1802 1120 1872 pedoribus,
1134 1805 1266 1860 brachiis

140 1892 171 1937 et
183 1883 267 1954 genis
281 1883 417 1937 illorum:
435 1893 466 1938 at
480 1899 536 1937 nos
548 1899 585 1937 ex
597 1883 662 1937 zelo
671 1883 782 1936 amoris
797 1899 851 1952 pro
862 1894 963 1937 vestra
973 1882 1117 1937 felicitate
1130 1894 1163 1938 et
1174 1884 1265 1938 simul

140 1972 250 2023 nostra,
266 1962 487 2018 dissimulamus
503 1962 581 2016 sicut
595 1978 656 2017 non
673 1962 801 2016 sciamus
818 1962 891 2023 illas.
906 1972 937 2016 et
951 1973 1054 2016 tamen
1071 1963 1266 2017 moderamur

140 2041 205 2096 illas
223 2052 285 2096 tam
306 2042 476 2112 prudenter,
495 2051 529 2095 ut
550 2042 692 2112 quicquid
712 2051 758 2096 est
777 2041 899 2103 lubitus‚
918 2041 1020 2111 placiti
1042 2052 1074 2096 et
1096 2042 1265 2097 voluntatis

140 2121 314 2176 maritorum
328 2131 509 2184 nostrorum,
522 2137 682 2191 sequamur
695 2121 898 2191 permittendo
912 2131 944 2175 et
957 2121 1108 2192 patiendo,
1118 2130 1152 2176 et
1164 2123 1264 2177 solum

138 2199 288 2255 deflendo
301 2200 374 2254 dum
389 2200 535 2270 possibile.
549 2211 580 2254 at
593 2216 739 2271 nusquam
752 2199 916 2271 cogendo.”

192 2278 342 2352 Quaesivi,
358 2279 473 2334 “Unde
488 2280 575 2334 vobis
597 2279 647 2334 illa
667 2279 814 2350 sapientia
822 2278 854 2333 ?'’

192 2359 433 2430 Responderunt.
449 2359 528 2413 “Est
540 2375 578 2413 ex
590 2359 743 2413 creatione
756 2369 787 2413 et
801 2359 870 2413 inde
883 2357 1040 2413 nativitate
1054 2357 1143 2412 nobis
1156 2358 1263 2415 insita:

138 2438 236 2493 mariti
256 2439 352 2493 nostri
371 2439 540 2494 assimilant
555 2438 637 2492 illam
657 2437 820 2499 instindlui
836 2454 891 2492 nos
909 2447 1010 2492 autem
1030 2437 1161 2493 dicimus
1179 2438 1262 2493 illam

136 2532 202 2573 esse
214 2535 251 2573 ex
265 2518 376 2573 Divina
386 2518 583 2588 providentia,
595 2527 628 2571 ut
640 2517 696 2571 viri
709 2534 764 2587 per
774 2533 883 2571 uxores
892 2533 962 2571 suas
973 2517 1137 2571 reddantur
1151 2516 1264 2573 felices.

136 2596 317 2652 Audivimus
329 2613 367 2651 ex
384 2597 498 2651 maritis
515 2597 632 2658 nostris.
647 2598 727 2668 quod
746 2597 893 2651 Dominus
905 2597 979 2651 velit
991 2606 1025 2650 ut
1039 2596 1132 2650 horno
1145 2613 1263 2652 mascu-

136 2676 183 2731 lus
201 2692 238 2731 ex
257 2677 351 2731 libero
366 2677 531 2731 secundum
548 2677 695 2731 rationem
713 2687 790 2747 agat,
806 2686 837 2731 et
855 2677 937 2746 quod
957 2676 1026 2730 ideo
1041 2676 1170 2730 liberum
1186 2677 1261 2747 ejus.

136 2757 218 2826 quod
231 2754 348 2826 speflat
358 2756 568 2810 inclinationes
580 2766 612 2810 et
624 2754 807 2816 aflefliones.
823 2753 891 2824 lpse
905 2754 1054 2809 Dominus
1070 2755 1109 2808 ab
1124 2755 1261 2811 interiori

135 2835 315 2896 moderetur,
328 2845 360 2889 et
372 2835 453 2905 quod
468 2851 520 2905 per
529 2850 652 2890 uxorem
663 2836 728 2904 ejus
741 2836 778 2888 ab
791 2835 940 2894 exteriori,
954 2844 984 2887 et
997 2834 1078 2904 quod
1091 2834 1135 2888 sic
1150 2834 1262 2890 formet

134 2915 230 2968 virum
245 2929 313 2968 curn
330 2915 395 2983 ejus
410 2930 503 2968 uxore
523 2914 553 2967 in
569 2906 813 2984 angelum⁸caeli3
837 2929 873 2967 ac
891 2923 1045 2983 praeterea
1057 2929 1144 2968 amor
1162 2924 1263 2969 mutat

134 3009 218 3047 suam
233 2993 402 3054 essentiam,
416 3004 447 3047 et
466 3009 525 3047 non
544 2993 577 3047 fit
597 2994 645 3048 ille
660 3009 752 3054 amor,
768 2993 793 3046 si
811 2993 946 3063 cogitur:
965 2993 1017 3046 sed
1034 2992 1110 3046 haec
1125 2993 1262 3063 apertius

134 3073 283 3134 dicemus;
302 3089 357 3126 nos
370 3089 526 3126 movemur
538 3074 575 3127 ad
591 3073 672 3133 illud.
686 3073 745 3127 hoc
758 3083 811 3132 est.
825 3074 863 3126 ad
877 3071 1065 3142 prudentiam
1080 3072 1260 3128 moderandi

134 3152 343 3206 inclinationes
355 3162 385 3206 et
395 3151 570 3206 affectiones
582 3152 756 3206 maritorum
767 3162 948 3214 nostrorum,
958 3151 1042 3213 adea,
1053 3161 1087 3204 ut
1097 3151 1262 3207 videantur

133 3230 189 3284 sibi
202 3247 239 3285 ex
252 3232 346 3285 libero
354 3232 517 3285 secundum
531 3231 677 3285 rationem
691 3247 775 3285 suam
789 3247 884 3301 agere,
895 3247 933 3285 ex
945 3246 1042 3291 causa.
1053 3231 1124 3300 quia
1134 3231 1262 3286 delicia·

132 3325 199 3363 mur
211 3326 249 3364 ex
261 3326 363 3365 amore
377 3311 504 3370 illorum,
518 3321 549 3364 et
565 3327 624 3364 nnn
641 3311 707 3381 plus
720 3326 855 3364 amamus
867 3326 958 3379 quam
971 3320 1005 3363 ut
1021 3309 1062 3363 illi
1076 3310 1262 3367 delicientur

132 3405 169 3444 ex
184 3390 296 3443 nostris
310 3389 433 3450 deliciis.
448 3405 525 3460 quae
540 3390 565 3444 si
581 3390 729 3444 vilescunt
742 3389 822 3460 apud
842 3389 917 3451 illos,
928 3390 1019 3443 etiam
1034 3389 1115 3458 apud
1131 3405 1191 3445 nos
1206 3391 1261 3447 be·

132 3470 266 3524 bescunt.

186 3547 244 3603 His
253 3546 349 3609 dictis,
360 3547 483 3602 intravit
493 3564 553 3601 una
565 3564 602 3603 ex
611 3547 755 3602 uxoribus
769 3547 798 3601 in
811 3547 985 3607 thalamum,
995 3556 1027 3602 et
1039 3546 1162 3603 rediens
1172 3549 1259 3612 dixit,

131 3626 302 3683 “Columba
318 3643 384 3681 mea
398 3627 499 3681 adhuc
514 3627 612 3681 vibrat
627 3628 697 3687 alas.
713 3628 794 3696 quod
811 3627 931 3697 signum
946 3636 1001 3687 est,
1017 3636 1051 3679 ut
1070 3626 1157 3696 plura
1171 3629 1260 3684 dete-

129 3707 263 3777 gamus.”
302 3706 340 3760 Et
355 3707 504 3767 dixerunt,
517 3705 773 3761 “observavimus
787 3707 967 3760 mutationes
979 3705 1212 3763 inclinationum
1225 3717 1259 3763 et

129 3785 322 3841 afiedlionum
335 3786 468 3840 virorum
481 3786 586 3847 varias,
602 3797 636 3840 ut
648 3785 729 3855 quod
743 3787 780 3839 ad
795 3801 902 3840 uxores
915 3784 1050 3856 frigeant.
1064 3786 1137 3839 dum
1154 3787 1257 3843 mariti

130 3867 265 3936 cogitant
276 3882 354 3920 vana
366 3877 472 3919 contra
486 3865 649 3919 Dominum
664 3877 694 3919 et
707 3865 880 3926 ecclesiam:
898 3865 980 3935 quod
992 3864 1121 3934 frigeant
1133 3865 1210 3919 dum
1226 3867 1257 3921 in

129 3944 207 3998 fastu
220 3955 291 3999 sunt
303 3960 340 3999 ex
354 3945 474 4014 propria
482 3944 697 4014 intelligentia;
713 3945 793 4014 quod
805 3944 933 4014 frigeant
943 3944 1014 3997 dum
1030 3942 1173 3998 mulieres
1184 3945 1258 4001 alie·

130 4040 184 4078 nas
199 4023 336 4094 spedlant
350 4040 387 4077 ex
403 4024 663 4093 concupiscentia:
683 4024 764 4093 quod
779 4022 905 4092 frigeant
918 4024 990 4077 dum
1002 4021 1204 4079 advertuntur
1218 4026 1258 4079 ab

129 4104 272 4157 uxoribus
287 4104 326 4156 de
340 4118 456 4163 amore:
476 4113 596 4173 praeter
611 4103 710 4172 plura;
735 4112 766 4156 et
783 4102 866 4170 quod
883 4100 1011 4172 frigeant
1025 4100 1137 4172 frigore
1153 4104 1257 4159 vario:

129 4182 188 4236 hoc
200 4182 466 4236 animadvertimus
479 4199 516 4236 ex
530 4180 710 4236 retractione
722 4196 828 4235 sensus
840 4197 879 4235 cx
890 4180 992 4241 oculis,
1003 4181 1126 4235 auribus
1141 4192 1174 4237 et
1188 4199 1255 4238 cor·

129 4278 200 4332 pore
218 4262 334 4314 illorum
354 4261 391 4315 ad
413 4262 609 4329 praesentiam
633 4270 803 4315 nostrorum
824 4275 974 4314 sensuum.
1013 4258 1057 4313 Ex
1082 4259 1131 4316 his
1150 4262 1257 4330 paucis

128 4341 229 4395 videre
246 4350 340 4410 potes,
355 4340 436 4410 quod
459 4356 514 4394 nos
535 4355 604 4409 prae
623 4341 694 4395 viris
716 4340 853 4401 sciamus,
869 4354 939 4391 num
962 4337 1020 4392 illis
1042 4339 1120 4392 bene
1138 4339 1191 4403 sit,
1205 4340 1255 4395 vel

129 4436 201 4474 num
215 4420 306 4483 male;
324 4419 348 4474 si
362 4418 472 4490 frigent
486 4419 523 4473 ad
538 4435 646 4473 uxores
658 4428 705 4473 est
718 4419 775 4473 illis
789 4419 873 4480 male,
885 4426 916 4471 at
931 4416 955 4471 si
969 4417 1069 4471 calent
1077 4417 1124 4488 ,ad
1140 4434 1256 4477 uxores
