2782 5026
113 461 176 542 184
456 472 642 525 nsucrar
663 473 897 528 summas

110 645 299 729 sapientiae
318 644 440 720 lucem,
459 657 497 710 et
519 667 657 730 quoque
674 648 823 712 facultas
839 648 1003 715 elevandi
1018 644 1255 733 voluntatem,

109 744 145 806 in
168 742 326 805 caelestis
347 743 472 804 amoris
494 741 666 819 calorem;
695 742 762 806 hae
786 744 973 809 facultates
996 747 1082 811 nulli
1109 730 1261 812 homil*

110 836 325 900 auferuntur:
345 848 551 918 quapropter
561 856 653 900 mere
664 838 831 901 naturalis
842 840 959 914 homo,
968 844 1112 907 tametsi
1126 861 1223 926 qut?
1230 813 1269 884 λὰ

110 932 421 1011 concupiscentias,
439 932 615 1012 appetitus
636 942 674 994 et
696 933 834 996 illorum
853 933 1019 1014 jucunda,
1039 937 1160 1001 similis
1180 921 1276 998 &Sl

111 1026 255 1097 bestiae,
275 1045 381 1107 usque
400 1025 484 1087 vivit
507 1033 589 1105 post
607 1036 767 1099 mortem,
787 1029 849 1090 sed
876 1029 911 1091 in
937 1039 1033 1093 statu
1057 1030 1228 1096 aureati:
1251 1024 1281 1069 al

112 1120 206 1182 vitae
224 1118 296 1199 ejus
314 1119 627 1199 correspondente:
660 1140 707 1182 ex
730 1120 784 1183 his
806 1133 969 1185 constare
992 1134 1125 1205 potest,
1145 1098 1285 1209 quad

110 1214 217 1277 homo
234 1212 422 1275 secundum
440 1210 610 1292 dejectum
638 1215 765 1277 amoris
787 1214 993 1297 coniugialis
1016 1219 1166 1283 accedat
1194 1189 1290 1299 &fl

112 1319 270 1370 naturam
300 1307 441 1368 bestiae.
488 1306 585 1370 Haec
614 1308 774 1371 videntur
800 1328 902 1389 posse
931 1312 1138 1388 contradici,
1162 1302 1299 1396 qti¹²

111 1397 264 1464 delectus
288 1411 323 1462 et
343 1397 474 1481 jactura
491 1402 618 1464 amoris
640 1401 854 1483 conjugialis‚
874 1403 1003 1467 dantur
1028 1406 1123 1487 apud
1149 1398 1313 1505 illic&¹

112 1496 170 1578 qui
188 1506 305 1557 tamen
324 1492 481 1556 homines
500 1505 599 1556 sunt:
624 1496 685 1557 sed
705 1515 804 1558 mens
823 1507 877 1560 est
900 1497 945 1560 de
967 1498 1045 1573 illis,
1067 1500 1126 1582 qui
1146 1464 1321 1564 nihi1¹

111 1589 241 1653 iaciunt
260 1607 411 1651 amorem
427 1588 656 1671 conjugialem
683 1610 729 1652 ex
751 1610 869 1655 amore
888 1595 1110 1671 scortatorio‚
1129 1605 1168 1660 et
1191 1567 1330 1660 356:

113 1685 148 1748 in
166 1681 302 1747 defectu
320 1693 356 1746 et
370 1678 503 1764 jactura
520 1682 593 1764 ejus
611 1694 702 1747 sunt.

111 1885 205 1954 231·
235 1870 301 1934 His
316 1870 519 1953 adjicientur
536 1871 602 1935 tria
621 1870 870 1937 Memorabilia.
916 1874 1068 1941 Primum
1086 1876 1157 1943 hoc
1168 1901 1227 1945 :-

165 1993 326 2067 Quondam
346 1994 446 2049 audivi
461 1993 700 2056 vociferationes,
715 2011 793 2065 quae
811 1996 890 2050 sicut
908 2013 963 2067 per
978 2013 1075 2068 aquas
1090 1966 1378 2073 egurgitws

112 2075 187 2129 bant
204 2091 241 2129 ex
260 2074 378 2136 inieris:
402 2090 492 2127 unam
511 2075 549 2127 ad
569 2074 731 2135 sinistrum,
748 2073 801 2130 “O
819 2091 910 2145 quam
927 2076 1001 2147 justi
1011 2077 1037 2140 ;''
1055 2079 1188 2134 alteram
1207 2017 1389 2156 a&

112 2155 259 2215 dextrum.
271 2163 286 2182 ⁰¹
296 2153 323 2209 0
333 2171 421 2224 quarn
431 2154 540 2207 emditi
550 2153 575 2215 ;''
591 2164 622 2207 et
631 2154 778 2208 tertiama
787 2165 882 2227 tergo,
893 2154 945 2211 “O
955 2173 1047 2226 quam
1056 2159 1215 2228 sapientes
1223 2150 1264 2216 ι’

114 2243 146 2289 et
163 2235 233 2305 quia
252 2234 357 2288 incidit
376 2234 406 2287 in
425 2233 640 2303 cogitationem
655 2249 761 2295 meam,
777 2250 849 2287 num
868 2235 960 2289 etiarn
984 2235 1015 2289 in
1039 2236 1163 2294 inferno
1185 2240 1233 2294 siu

111 2313 193 2384 Just,
206 2313 325 2374 emant
338 2323 370 2367 et
382 2312 541 2383 sapienta,
554 2311 705 2366 afficiebar
718 2312 870 2368 desiderio
882 2313 1096 2371 vicenarium
1110 2320 1193 2375 mes
1206 2289 1368 2374 a?

112 2403 201 2455 sunt;
219 2402 251 2447 et
262 2391 376 2446 dicium
389 2402 435 2446 est
449 2391 522 2451 mihi
535 2407 551 2444 e
564 2391 657 2452 caelo.
671 2391 821 2448 “Videbis
833 2403 865 2447 et
879 2393 1014 2448 audies.''

168 2472 205 2526 Et
215 2473 293 2527 exivi
304 2473 396 2526 domo
410 2471 440 2525 in
450 2471 566 2541 spiritu,
577 2480 608 2524 et
617 2471 680 2524 vidi
689 2481 759 2526 ante
771 2488 819 2526 me
829 2483 1017 2542 aperturam:
1037 2473 1112 2531 illuc
1120 2479 1274 2540 accessit
1387 2529 1391 2547 ,

112 2561 144 2606 et
158 2552 290 2621 despexi,
300 2562 331 2605 et
344 2567 413 2605 ecee
423 2550 517 2612 scala:
537 2566 590 2620 per
600 2550 677 2605 hanc
685 2550 843 2606 descendi:
861 2561 973 2606 etcum
988 2552 1066 2608 inira
1076 2571 1173 2618 eram.
1184 2557 1259 2612 vidi

113 2632 292 2703 campestria
301 2632 400 2685 obsita
412 2631 541 2684 arbustis
550 2647 618 2684 cum
630 2630 809 2686 intermixtis
819 2632 914 2702 spinis
923 2643 955 2687 et
967 2633 1091 2698 urticis;
1111 2647 1143 2690 et
1153 2653 1259 2708 quaer

112 2712 177 2775 siui,
189 2729 260 2765 num
271 2711 320 2766 hic
330 2710 489 2765 infernum.
528 2709 685 2772 Dixerunt,
694 2718 710 2738 ⁰⁴
719 2710 773 2765 Est
782 2721 862 2766 terra
874 2711 1005 2775 inferior,
1013 2729 1094 2784 quae
1105 2717 1248 2785 proxime

113 2808 203 2862 supra
213 2791 361 2846 infernum
372 2791 445 2845 est.”
484 2791 522 2845 Et
531 2802 603 2845 tunc
614 2790 731 2861 perrexi
741 2793 906 2846 secundum
916 2793 1063 2849 clamores
1075 2794 1107 2849 in
1118 2798 1230 2853 ordine
1240 2816 1248 2862 ;

112 2873 151 2926 ad
167 2871 304 2942 primum,
317 2878 333 2898 ⁴‘
343 2869 370 2925 Ο
384 2886 473 2941 quam
489 2871 561 2941 justi
571 2872 596 2934 ;''
614 2881 645 2925 et
660 2870 722 2925 vidi
738 2882 859 2925 coetum
877 2888 914 2926 ex
930 2871 1056 2943 illisqui
1076 2873 1109 2928 in
1125 2878 1248 2933 mundo

114 2949 233 3005 lucrant
241 2941 358 3020 judices
368 2950 517 3004 amicitiae
527 2961 558 3005 et
568 2966 741 3004 munerum:
759 2950 829 3004 dein
839 2952 877 3005 ad
890 2951 1051 3006 clamorem
1062 2957 1248 3021 secundum,

114 3037 130 3058 ‘¹
139 3028 168 3084 Ο
177 3045 266 3100 quam
277 3028 386 3083 eruditi
395 3030 421 3091 ;'’
436 3030 537 3084 etvidi
547 3040 667 3084 coetum
678 3046 715 3084 ex
726 3029 783 3084 illis
792 3030 844 3101 qui
856 3031 885 3084 in
896 3032 1009 3085 mundo
1019 3030 1142 3088 lucrant
1151 3036 1248 3091 ratio·

113 3109 276 3164 cinatores:
298 3119 330 3163 et
351 3110 389 3162 ad
410 3109 571 3163 clamorem
593 3109 723 3170 tertium,
741 3108 793 3165 “O
815 3126 905 3179 quarn
928 3109 1108 3181 sapientes.”
1122 3124 1156 3169 et
1180 3115 1247 3171 vidi

113 3199 233 3243 coetum
248 3205 284 3241 ex
299 3188 356 3241 illis
371 3188 465 3258 quiin
480 3189 594 3242 mundo
607 3188 725 3242 luerant
737 3188 972 3245 confirmatores.
1084 3252 1087 3257 ,

168 3266 227 3323 Sed
238 3269 276 3322 ab
286 3269 332 3321 his
343 3267 450 3322 deflexi
460 3269 497 3321 ad
509 3268 647 3338 primum,
657 3269 708 3321 ubi
718 3279 804 3322 erant
810 3267 1085 3339 judicesamicitiae
1095 3280 1246 3328 etmune·

115 3364 189 3411 rum,
200 3358 230 3402 et
241 3347 417 3417 proclamati
429 3347 518 3417 justi:
536 3358 567 3401 et
579 3347 641 3401 vidi
655 3349 775 3402 alatere
785 3347 863 3402 sicut
872 3348 1133 3418 amphitheatrum
1144 3362 1245 3407 struc-

113 3437 180 3481 tum
196 3443 234 3482 ex
249 3427 399 3489 lateribus,
413 3437 444 3480 et
458 3425 571 3480 tectum
588 3427 697 3497 tegulis
713 3427 821 3498 nigrim
839 3438 871 3482 et
886 3429 1042 3482 dicebatur
1058 3429 1144 3493 mihi,
1157 3433 1243 3503 quod

116 3507 189 3561 illud
202 3518 346 3561 vocarent
359 3506 510 3561 Tribunal.
549 3505 583 3559 ln
600 3505 672 3560 illud
687 3508 829 3577 patebant
842 3517 903 3562 tres
915 3507 1015 3562 aditus
1029 3522 1048 3561 a
1063 3508 1161 3565 latere
1174 3527 1243 3583 sep·

115 3585 296 3647 tentrionali,
310 3597 341 3640 et
353 3598 413 3640 tres
426 3603 445 3640 a
456 3586 549 3641 latere
562 3586 751 3647 occidentali,
762 3587 815 3640 sed
829 3587 902 3640 nulli
915 3602 934 3642 a
945 3587 1038 3641 latere
1048 3588 1242 3646 meridionali

116 3678 148 3724 et
160 3668 299 3722 orientali
310 3685 316 3730 ;
333 3667 485 3729 indicium,
495 3667 577 3737 quod
589 3667 703 3737 judicia
712 3667 830 3721 illorum
840 3683 901 3721 non
914 3677 1014 3722 essent
1026 3666 1143 3738 judicia
1153 3670 1243 3741 justi·

115 3747 184 3810 tiae,
200 3748 252 3803 sed
268 3747 398 3802 arbitria.
437 3745 471 3800 ln
491 3748 592 3801 medio
607 3746 820 3817 amphitheatri
835 3745 917 3801 visus
932 3756 978 3802 est
993 3746 1086 3809 locus.
1100 3748 1132 3802 in
1148 3765 1242 3820 quem

115 3827 244 3882 ministri
258 3827 368 3882 locales
382 3826 555 3897 injiciebant
563 3827 667 3881 taedas
675 3826 866 3896 sulphuratas
879 3837 910 3880 et
923 3825 1132 3891 bituminosas,
1142 3844 1161 3883 e
1173 3829 1242 3900 qui·

115 3908 170 3963 bus
183 3905 265 3963 luces
278 3907 308 3961 in
322 3907 450 3977 parietes
464 3906 645 3961 incrustatos
658 3906 809 3960 evibratae
822 3906 969 3961 sistebant
982 3905 1129 3976 imagines
1142 3905 1241 3978 piciu-

114 3998 193 4043 ratas
208 3987 308 4042 avium
324 4002 467 4056 vesperae
481 3997 513 4041 et
529 3985 639 4047 noctis:
658 3987 710 4040 sed
727 3985 812 4040 locus
828 3986 885 4046 ille.
898 3997 930 4040 et
949 3985 1019 4040 inde
1034 3985 1242 4044 evibrationes

114 4067 189 4123 lucis
203 4066 231 4121 in
245 4067 356 4121 lormas
366 4066 530 4138 imaginum
541 4065 665 4127 illarum,
675 4076 759 4120 erant
772 4065 1042 4135 representationes
1053 4065 1241 4135 judiciorum

114 4147 243 4209 illorum,
258 4148 340 4218 quod
361 4157 485 4216 possent
504 4163 551 4200 res
570 4145 703 4216 cujusvis
718 4144 902 4217 quaestionis
917 4143 1059 4200 coloratis
1074 4143 1153 4201 lucis
1172 4145 1241 4201 illu-

115 4226 236 4290 minare,
245 4239 275 4281 et
288 4227 331 4281 eis
345 4227 484 4280 inducere
495 4224 605 4280 formas
614 4226 779 4279 secundum
793 4224 934 4280 favorem.
972 4223 1046 4279 Post
1056 4224 1240 4280 semihoram

115 4307 176 4362 vidi
190 4323 276 4362 senes
290 4318 321 4360 et
336 4306 460 4377 juvenes
474 4305 503 4359 in
519 4305 681 4376 praetextis
696 4315 727 4359 et
744 4304 841 4375 palliis
854 4305 1008 4364 intrantes.
1022 4303 1074 4374 qui
1090 4304 1241 4376 depositis

115 4386 201 4458 pileis
211 4402 243 4442 se
253 4402 344 4457 super
352 4386 435 4440 soliis
442 4387 480 4439 ad
495 4401 612 4439 mensas
623 4385 817 4455 reponebant,
826 4383 936 4438 sessuri
945 4383 1073 4454 judicia:
1088 4399 1124 4439 ac
1137 4385 1239 4441 audivi

116 4478 147 4522 et
163 4467 281 4539 percepi
296 4483 385 4538 quam
402 4467 528 4521 solerter
539 4476 570 4520 et
586 4464 739 4537 ingeniose
755 4480 791 4518 ex
806 4461 927 4535 aspectu
942 4461 1093 4518 amicitiae
1105 4465 1240 4521 declina·
