2782 5026
359 449 411 500 na
432 449 568 505 anons
589 450 910 519 conmutata-n.
928 457 1001 521 419.
1176 457 1234 523 321

113 628 138 675 et
148 619 193 674 sie
205 619 304 677 aliter
316 619 450 691 cogitare
459 620 483 677 si
496 621 600 676 velint.
637 619 685 677 llll
697 621 749 692 qui
762 632 936 679 averterunt
948 639 980 678 se
993 639 1011 678 a
1022 623 1187 694 cogitando
1198 626 1237 681 de

115 698 230 762 Divino.
245 716 321 756 cum
339 701 444 757 vident
462 700 610 757 mirabilia
629 700 658 755 in
678 712 792 763 natura,
807 713 839 757 et
858 718 912 772 per
931 703 960 757 id
979 702 1056 757 fiunt
1072 705 1236 765 sensuales.

115 795 170 835 noa
187 780 331 850 cogitant
348 781 430 850 quod
448 780 530 835 visus
547 781 628 835 oculi
646 791 710 836 tam
728 797 846 837 massus
865 783 914 843 ait,
933 792 967 836 ut
989 782 1075 852 plura
1093 783 1238 839 insetlula

115 859 211 917 videat
229 858 313 915 sicut
333 875 425 915 unum
444 860 613 921 obscurum.
627 871 658 915 et
675 870 777 915 tamen
795 862 877 931 quod
896 862 1120 933 unumquodvis
1130 879 1237 918 eorum

113 939 321 1009 organizatum
339 938 380 992 sit
397 939 436 992 ad
455 939 657 1000 sentiendum,
676 940 764 995 etad
783 957 815 996 ae
835 941 1025 1003 movendum.
1044 952 1076 997 et
1094 942 1137 997 sie
1155 943 1236 1012 quod

114 1019 285 1088 praeditum
298 1018 339 1073 sit
352 1017 433 1074 fibris
446 1030 477 1074 et
489 1020 577 1081 vasis,
589 1028 655 1074 tum
667 1020 804 1082 corculis.
818 1020 926 1076 fistulis
940 1022 1128 1091 pulmonicis.
1141 1022 1238 1078 visce-

108 1098 193 1161 rulis.
204 1113 241 1152 ac
253 1098 393 1159 cerebris,
401 1109 434 1154 et
445 1100 527 1169 quod
541 1099 615 1154 haec
624 1109 768 1154 contexta
776 1100 837 1155 sint
848 1117 886 1155 ex
899 1101 1066 1170 purissimis
1079 1101 1109 1155 in
1120 1112 1236 1163 natura,

111 1187 143 1242 et
161 1177 246 1248 quod
261 1187 424 1253 contegtus
442 1178 485 1232 illi
504 1179 759 1249 correspondeant
777 1180 865 1234 alicui
884 1181 1003 1242 vitae‚e
1020 1196 1081 1251 qua
1099 1180 1238 1235 minutis-

111 1257 189 1313 sima
200 1273 309 1313 eorum
320 1256 463 1313 distinile
475 1271 613 1329 aguntur.
650 1257 728 1314 Cum
741 1259 823 1314 visus
835 1260 914 1314 oculi
927 1270 989 1315 tam
1005 1275 1123 1315 crassus
1135 1270 1190 1322 est,
1201 1271 1236 1315 ut

112 1337 200 1407 plura
218 1337 300 1398 talia,
316 1353 385 1392 cum
401 1337 667 1393 innumerabilibus
686 1338 716 1392 in
736 1339 913 1409 unoquovis,
930 1349 1094 1408 appareant
1112 1339 1139 1394 el
1158 1340 1239 1394 sicut

112 1432 241 1487 parvum
251 1417 421 1478 obscurum.
431 1427 463 1471 et
476 1427 577 1471 tamen
591 1418 633 1472 illi
644 1418 696 1489 qui
709 1419 862 1473 sensuales
874 1428 953 1479 sunt,
964 1434 1001 1472 ex
1014 1419 1067 1473 illo
1078 1418 1144 1472 visu
1154 1419 1238 1490 eost

111 1506 225 1553 tentet
236 1495 382 1565 judicant.
397 1506 481 1566 patet
492 1513 584 1566 quam
600 1497 766 1552 incrassata
777 1508 825 1553 est
837 1513 922 1552 mens
935 1498 1064 1561 illorum,
1077 1508 1108 1553 et
1121 1498 1192 1553 inde
1205 1499 1237 1553 in

110 1590 173 1646 ,qna
183 1574 315 1645 ealigine
327 1585 397 1631 sunt
410 1576 448 1631 de
460 1576 674 1645 spiritualibus.

164 1664 251 1727 4¹⁷·
275 1652 435 1726 “Quisque
444 1672 481 1711 ex
494 1655 661 1711 visibilibus
674 1655 704 1710 in
718 1666 825 1712 natura
832 1665 933 1727 potest
945 1672 979 1711 se
991 1656 1169 1712 confirmare
1182 1672 1237 1727 pro

114 1731 238 1795 nin-o.
250 1733 278 1789 si
292 1734 366 1796 vult,
378 1744 410 1790 et
422 1750 544 1805 quoque
559 1751 592 1790 se
607 1735 765 1790 confirmat
777 1735 829 1806 qui
844 1736 882 1790 de
898 1734 966 1790 Deo
977 1736 1092 1806 cogitat
1106 1753 1144 1791 ex
1159 1737 1238 1801 vita;

111 1822 148 1869 nt
158 1813 235 1869 dum
247 1813 331 1868 videt
343 1814 480 1868 volatilia
489 1814 574 1876 caeli,
588 1815 670 1885 quod
683 1815 834 1885 quaelibet
847 1830 950 1869 eorum
964 1816 1079 1885 species
1092 1815 1167 1870 sciat
1182 1831 1238 1871 sua

109 1892 265 1954 alimenta,
275 1904 307 1948 et
318 1893 368 1947 ubi
378 1903 464 1957 sunt;
478 1904 641 1964 cognoseat
651 1911 688 1949 ex
697 1910 774 1949 sono
783 1904 814 1949 et
824 1895 889 1947 visu
899 1895 1071 1957 consocios;
1085 1906 1149 1949 tum
1160 1895 1239 1951 inter

111 1971 189 2029 elios
202 1972 327 2041 quinam
346 1989 450 2028 eorum
465 1973 564 2035 amici,
577 1984 609 2028 et
626 1973 748 2043 quinam
766 1973 877 2027 inimici
894 1983 972 2036 sunt,
985 1976 1066 2044 quod
1085 1975 1237 2030 connubia

111 2052 251 2123 jungant,
264 2068 445 2123 congressus
454 2053 559 2115 sciant,
573 2064 637 2108 arte
649 2062 766 2108 struant
779 2053 876 2114 nidos,
891 2053 930 2107 ibi
945 2064 1059 2123 ponant
1072 2070 1138 2115 ova.
1152 2054 1238 2109 incu-

112 2131 188 2187 bent
210 2131 278 2193 illis,
296 2142 417 2202 tempus
436 2132 595 2187 incubatus
613 2133 718 2193 sciant,
737 2148 798 2202 quo
816 2131 926 2188 exaiio
944 2134 1110 2188 excludunt
1129 2134 1235 2203 pullos,

112 2211 183 2267 illos
194 2211 359 2267 tenerrime
369 2222 480 2274 amant.
493 2213 550 2267 sub
561 2212 617 2266 alis
630 2211 742 2273 lovent,
752 2227 837 2266 escas
847 2213 1003 2283 porrigunt
1016 2223 1047 2266 et
1059 2213 1160 2273 alunt:
1179 2213 1238 2268 hoc

113 2307 210 2361 usque
223 2291 296 2345 dum
306 2291 354 2346 sui
365 2291 440 2361 juris
450 2290 527 2346 fiunt
539 2302 570 2346 et
584 2291 693 2346 similia
703 2302 829 2362 possunt
837 2308 933 2362 agere.
944 2302 976 2346 et
988 2308 1142 2362 procreare
1153 2292 1238 2347 iaml-

112 2370 185 2427 liam
203 2372 243 2426 ad
263 2372 504 2440 perpetuandum
518 2387 623 2442 genus.
660 2371 767 2427 Omnis
786 2372 837 2441 qui
856 2372 922 2426 vult
939 2372 978 2426 de
997 2372 1110 2426 influxu
1128 2371 1238 2427 Divino

114 2466 168 2521 per
180 2450 333 2507 mundum
343 2450 528 2520 spiritualem
549 2451 578 2504 in
594 2452 761 2505 naturalem
773 2450 915 2520 cogitare,
929 2462 1030 2521 potest
1043 2451 1127 2505 illum
1144 2451 1174 2504 in
1191 2451 1238 2507 his

113 2529 227 2592 nidere,
241 2541 343 2601 potest
361 2530 453 2585 etiam
471 2531 496 2584 si
509 2530 583 2591 vult,
596 2531 686 2585 corde
704 2547 762 2585 suo
774 2531 882 2593 dicere,
896 2531 1000 2585 ‘Tales
1019 2531 1160 2586 scientiae
1176 2547 1238 2586 non

115 2621 244 2680 possunt
259 2610 290 2664 in
306 2609 374 2664 illos
386 2609 509 2665 inlinere
527 2626 565 2664 ex
583 2609 647 2664 sole
663 2625 716 2680 per
727 2610 793 2678 ejus
808 2610 884 2664 lucis
897 2610 1013 2672 radios;
1030 2619 1077 2665 est
1090 2611 1169 2665 enim
1183 2610 1238 2672 sol.

113 2703 153 2751 ea
164 2705 228 2760 quo
240 2700 349 2745 natura
361 2705 449 2744 snum
463 2699 563 2745 ortum
579 2699 610 2744 et
625 2705 710 2744 suam
722 2690 885 2744 “sentiam
899 2690 990 2749 ducit.
1005 2705 1096 2758 purus
1109 2689 1194 2761 ignis,
1207 2699 1239 2747 et

116 2768 187 2825 inde
199 2770 275 2824 radii
288 2770 365 2825 lucia
373 2770 439 2839 ejus
449 2785 570 2840 prorsus
580 2770 692 2824 mortui
701 2770 717 2824 τ’
735 2770 819 2825 etsie
832 2780 957 2841 possunt
966 2770 1147 2825 concludere
1156 2769 1238 2841 quod

113 2849 189 2905 talia
200 2849 263 2903 sint
275 2865 313 2904 ex
326 2849 441 2905 influxu
456 2849 584 2904 Divinae
597 2848 769 2919 Sapientiae
782 2850 812 2903 in
826 2849 933 2904 ultima
945 2860 1079 2904 naturae.

168 2929 257 3002 4180
282 2928 442 3002 “Quisque
460 2946 498 2984 ex
516 2928 683 2984 visibilibus
703 2928 733 2983 in
753 2939 860 2984 natura
878 2939 978 3000 potest
1000 2945 1032 2984 se
1052 2945 1107 2998 pro
1127 2928 1239 2984 Divino

112 3008 305 3071 confirmare,
319 3009 392 3063 dum
406 3008 491 3064 videt
505 3025 630 3071 vermes,
646 3008 697 3079 qui
712 3025 750 3064 ex
767 3009 902 3078 jucundo
914 3009 1071 3079 cujusdam
1087 3008 1239 3079 cupidinis

113 3087 260 3143 annuant
273 3098 304 3142 et
317 3088 430 3158 spirant
441 3088 636 3143 mutationem
647 3099 744 3143 status
756 3088 802 3143 sui
814 3089 964 3143 terrestris
978 3088 1007 3142 in
1021 3099 1135 3142 statum
1146 3104 1240 3158 quen·

115 3169 186 3224 dam
198 3169 362 3238 analogum
373 3178 471 3223 status
482 3167 628 3229 caelestis,
641 3177 672 3223 et
686 3178 845 3239 propterea
857 3178 967 3238 repunt
985 3168 1015 3222 in
1034 3167 1109 3227 loca
1123 3183 1158 3222 ae
1171 3168 1241 3225 mit·

115 3259 188 3304 tunt
199 3263 234 3303 ee
246 3247 324 3302 sieut
338 3247 392 3316 [in]
404 3258 523 3302 uterum
536 3257 570 3301 ut
583 3256 785 3309 renascantur,
796 3258 827 3302 et
837 3247 877 3301 ibi
891 3247 965 3301 fiant
974 3248 1178 3318 chrysallides
1188 3263 1241 3301 au·

118 3328 216 3389 reliae.
230 3327 387 3397 nymphae,
396 3336 429 3381 et
440 3327 562 3382 demum
576 3327 758 3398 papiliones:
776 3337 884 3381 etcum
896 3327 973 3381 hanc
984 3327 1241 3397 metamorphosin

119 3407 207 3478 passi,
219 3417 252 3461 et
270 3406 437 3462 secundum
452 3407 582 3476 speciem
603 3406 736 3477 pulchris
755 3407 852 3461 induti
869 3407 932 3467 alis.
945 3407 1069 3462 evolant
1090 3406 1120 3460 in
1140 3423 1241 3462 aerem

120 3488 196 3543 sicut
216 3486 246 3540 in
262 3502 351 3540 suum
364 3486 487 3547 caelum.
499 3502 535 3541 ac
554 3486 593 3540 ibi
607 3487 767 3557 genialiter
776 3486 892 3548 ludunt,
906 3497 1001 3556 agunt
1013 3486 1174 3548 connubia,
1187 3502 1242 3556 po-

119 3577 193 3623 nunt
206 3582 274 3628 ova,
286 3580 322 3620 ac
335 3565 520 3635 prospiciunt
533 3565 589 3620 sibi
604 3566 828 3636 posteritatem:
846 3575 877 3620 et
889 3577 963 3620 tunc
974 3564 1055 3620 villu
1068 3582 1198 3620 amoeno
1210 3575 1242 3620 et

120 3646 197 3703 dulei
213 3662 252 3701 ex
268 3645 393 3699 floribus
407 3661 439 3699 se
455 3644 599 3699 nutriunt.
636 3643 720 3716 Quis,
731 3643 808 3715 l‘iqui
825 3661 878 3714 pro
895 3645 1007 3699 Divino
1021 3662 1059 3699 ex
1074 3645 1242 3700 visibilibus

121 3737 242 3781 saturae
260 3741 294 3781 se
312 3723 478 3786 confirmat.
492 3740 553 3779 non
565 3724 649 3780 videt
662 3724 792 3794 aliquam
806 3723 966 3792 imaginem
979 3725 1130 3779 terrestris
1142 3734 1243 3779 status
1282 3759 1283 3762 η

121 3805 250 3861 bominis
264 3805 295 3861 in
311 3805 371 3859 illis
385 3815 419 3859 ut
433 3804 592 3866 vermibus.
606 3814 637 3858 et
653 3803 813 3874 imaginem
826 3813 923 3858 status
935 3804 1072 3858 caelestis
1089 3804 1118 3858 in
1135 3804 1193 3858 illis
1209 3812 1244 3858 ut

121 3882 345 3956 papilionibus?
381 3882 424 3938 At
439 3883 481 3938 illi
496 3883 548 3954 qui
563 3899 619 3953 pro
634 3894 741 3938 natura
754 3899 788 3939 se
802 3882 990 3945 confirmant,
1003 3883 1108 3936 vident
1120 3882 1242 3953 quidem

121 3964 177 4027 illa.
189 3966 244 4021 aed
256 3964 329 4037 quia
341 3963 500 4021 caelestem
513 3963 647 4019 hominis
658 3973 770 4019 statum
784 3963 952 4033 reJecerunt
964 3980 1001 4018 ex
1013 3963 1123 4025 animo.
1133 3972 1245 4019 vocant

120 4045 169 4101 illa
182 4062 281 4101 meros
295 4055 421 4099 naturae
433 4042 601 4100 instinctus.

169 4139 261 4200 419,
285 4124 449 4197 “Quisque
466 4140 504 4179 ex
521 4125 690 4180 visibilibus
709 4123 739 4179 in
758 4133 868 4178 natura
886 4139 941 4194 pro
961 4122 1072 4177 Divino
1091 4140 1123 4178 se
1142 4131 1245 4194 potest

118 4206 304 4269 confirmare.
317 4207 391 4260 dum
403 4205 536 4261 attendit
548 4206 585 4260 ad
596 4205 647 4260 illa
658 4220 736 4276 quae
749 4214 904 4259 notarunt
916 4205 955 4259 de
967 4205 1080 4274 apibus.
1093 4204 1175 4276 quod
1188 4203 1246 4258 sci-

116 4299 172 4344 ant
183 4305 221 4344 ea
233 4288 338 4345 lterbis
349 4296 381 4342 et
393 4286 517 4342 floribus
529 4287 671 4357 colligere
681 4300 790 4346 nemun,
802 4294 835 4340 et
846 4300 990 4355 exsugere
1004 4285 1071 4344 mel,
1081 4301 1116 4338 ac
1129 4295 1247 4340 struere

119 4369 211 4424 sellan
224 4369 303 4425 sicut
317 4367 526 4427 domnnmlas.
539 4376 570 4421 et
585 4367 746 4437 disponere
760 4365 826 4420 illas
841 4364 871 4420 in
887 4363 1013 4419 lormam
1027 4365 1160 4421 civitatis
1175 4381 1245 4422 cum

119 4449 234 4523 ῥυεὶς,
244 4465 300 4522 per
311 4462 389 4521 quas
403 4446 517 4503 intrent
529 4457 561 4501 et
573 4463 626 4518 per
637 4463 713 4518 quas
722 4454 847 4509 exeant:
865 4444 948 4517 quod
961 4460 979 4499 e
991 4444 1158 4515 longinquo
1169 4445 1246 4501 odo-
