2782 5026
219 100 281 168 116
561 115 745 167 DELICIAE
768 114 999 167 semustas

215 296 248 343 et
265 285 384 358 juvenis
405 299 474 341 cum
492 284 669 341 consociant
686 299 720 340 se
738 284 899 356 conjugio:
917 294 949 340 et
967 284 1154 342 credidimus
1172 295 1245 342 tunc
1258 263 1383 358 quot.

217 365 266 421 ille
278 374 376 421 status
387 375 468 420 esset
481 363 545 435 ipsa
553 364 711 419 beatitudo
722 365 804 419 vitae
816 374 953 427 nostrae;
972 366 1025 420 sed
1039 365 1214 421 audivimus
1225 366 1264 421 ab
1275 365 1383 422 aliie

216 444 246 498 in
259 445 344 499 caelo
356 453 470 507 nostro,
479 454 511 498 et
524 455 629 514 postea
642 460 698 498 nos
712 443 767 514 ipsi
781 444 976 514 percepimus,
987 445 1070 514 quod
1085 443 1135 498 ille
1151 455 1250 501 status
1261 457 1383 500 esset>

214 522 324 579 caloris
333 538 400 578 cum
414 523 479 577 luce
492 537 553 576 non
564 523 731 593 temperati,
741 533 773 577 et
783 522 864 592 quod
877 523 1047 578 successive
1057 534 1254 594 temperetur,
1263 525 1338 580 sicut

216 602 340 656 maritus
356 600 508 672 perficitur
521 601 677 672 sapientia,
691 612 724 656 et
742 616 817 656 uxor
834 612 915 655 amat
935 602 1015 656 illam
1033 603 1062 655 in
1079 587 1199 665 marito‘,
1213 614 1246 658 et
1259 605 1338 675 quod

214 681 273 736 hoc
293 681 345 735 fiat
367 696 420 750 per
437 696 509 735 usus
529 691 560 735 et
582 681 746 735 secundum
766 681 842 742 illos,
857 697 934 751 quos
953 692 1079 752 uterque
1099 693 1209 737 mutuo
1231 684 1340 738 auxilio

215 769 348 830 praestat
361 759 391 813 in
403 759 565 821 societate:
584 770 649 813 tum
659 760 742 830 quod
755 759 880 815 deliciae
890 760 1056 814 secundum
1069 762 1250 832 temperiem
1264 765 1341 817 calo·

214 839 254 894 ris
273 851 305 893 et
324 839 407 901 lucis,
423 853 476 893 seu
495 839 660 909 sapientiae
680 849 711 893 et
730 839 796 910 ejus
814 841 933 900 amoris,
949 840 1121 895 succedant.
1162 839 1255 912 Quod
1275 859 1341 897 cum

214 917 527 990 appropinquavimus,
540 917 686 972 afflaverit
703 928 735 973 te
753 918 833 972 sicut
850 919 932 972 calor
946 919 1084 980 vernalis,
1098 929 1145 973 est
1165 921 1240 990 quia
1258 938 1342 976 arnor

213 997 391 1068 coniugialis
404 1007 435 1051 et
450 997 500 1051 ille
514 997 597 1051 calor
612 996 642 1050 in
657 997 742 1051 caelo
758 1008 862 1051 nostro
875 1013 969 1050 unum
984 1010 1087 1069 agunt,
1101 1009 1149 1053 est
1165 1000 1248 1054 enim
1263 1002 1342 1056 calor

213 1076 292 1145 apud
309 1091 364 1130 nos
378 1091 471 1139 amor,
486 1086 518 1130 et
533 1076 584 1129 lux
599 1091 667 1130 cum
683 1091 744 1146 qua
758 1077 862 1130 unitur
875 1076 965 1136 calor,
981 1089 1029 1131 est
1043 1078 1205 1147 sapientia,
1222 1095 1257 1134 ac
1272 1097 1342 1135 usus

213 1165 260 1210 est
275 1155 588 1225 sicutatmosphaera,
601 1171 678 1225 quae
694 1156 723 1209 in
740 1155 806 1209 sinu
822 1170 878 1209 suo
893 1156 1030 1210 continet
1047 1169 1223 1228 utrumque.
1261 1157 1341 1230 Quid

213 1234 297 1288 calor
317 1245 348 1289 et
369 1235 420 1288 lux
441 1235 554 1304 absque
575 1250 631 1288 suo
652 1233 849 1289 continente?
876 1234 1011 1305 itaquid
1033 1251 1119 1290 amor
1140 1247 1173 1290 et
1192 1237 1343 1308 sapientia

213 1313 326 1383 absque
340 1328 396 1367 suo
411 1311 490 1368 usu?
509 1329 569 1378 non
584 1323 632 1367 est
646 1313 814 1383 conjugiale
828 1313 857 1366 in
875 1313 940 1375 illis,
953 1314 1024 1384 quia
1037 1314 1219 1384 subjectum,
1236 1317 1268 1371 in
1282 1333 1342 1388 quo

213 1391 283 1453 sint,
296 1406 357 1446 non
370 1401 425 1447 est.
463 1391 497 1447 ln
511 1392 603 1452 caelo,
614 1392 664 1445 ubi
677 1393 760 1447 calor
768 1392 898 1447 vernalis
910 1403 965 1453 est,
977 1393 1017 1447 ibi
1031 1404 1076 1448 est
1089 1410 1177 1449 amor
1186 1412 1259 1451 vere
1271 1412 1343 1451 con-

213 1470 347 1540 iugialia
365 1471 448 1541 quod
462 1471 502 1524 ibi
512 1471 560 1532 sit,
571 1481 617 1524 est
629 1486 726 1531 causa,
738 1472 808 1541 quia
821 1487 881 1526 non
895 1472 966 1526 alibi
980 1484 1027 1527 est
1040 1473 1170 1536 vernale,
1181 1490 1274 1545 quam
1288 1475 1339 1530 ubi

213 1550 345 1604 calores
357 1565 455 1620 aequo
470 1550 572 1604 unitus
584 1559 631 1604 est
645 1550 713 1611 luci,
726 1566 779 1604 seu
795 1550 845 1604 ubi
865 1561 983 1604 tantum
1000 1552 1107 1606 caloris
1120 1563 1176 1613 est,
1190 1566 1341 1624 quantum

214 1628 297 1691 lucis,
313 1644 348 1682 ac
364 1628 510 1690 vicissim:
529 1639 560 1683 et
579 1638 780 1691 autumamus,
794 1630 876 1700 quod
895 1630 974 1684 sicut
992 1632 1074 1684 calor
1092 1631 1256 1687 deliciatur
1273 1650 1341 1688 cum

213 1707 288 1770 luce,
301 1718 332 1763 et
345 1708 395 1762 lux
408 1707 539 1762 vicissim
552 1723 620 1761 cum
633 1708 741 1769 calore,
756 1707 797 1761 ita
812 1724 896 1762 amor
908 1724 976 1762 cum
992 1710 1148 1778 sapientia,
1162 1721 1195 1765 et
1208 1712 1339 1767 vicissim

212 1787 360 1857 sapientia
372 1803 440 1842 cum
455 1786 587 1841 amore.”
625 1786 720 1842 Porro
736 1788 819 1848 dixit,
832 1788 914 1858 quod
929 1790 1033 1858 “apud
1053 1805 1109 1844 nos
1126 1790 1155 1843 in
1172 1791 1260 1846 caelo
1275 1807 1341 1864 per·

213 1876 304 1936 petua
316 1867 367 1920 lux
379 1867 427 1928 sit,
441 1877 471 1921 et
485 1881 632 1936 nusquam
646 1866 752 1920 umbra
763 1882 913 1936 vesperae,
928 1868 1027 1923 minus
1039 1869 1191 1931 tenebrae,
1205 1871 1279 1941 quia
1293 1871 1337 1925 sol

213 1956 386 2001 nosternon
399 1945 511 2000 occidit
523 1956 554 1999 et
563 1945 659 1999 oritur
668 1945 745 1999 sicut
755 1947 918 2007 vestersol,
929 1946 981 2000 sed
996 1958 1057 2002 stat
1068 1948 1182 2019 jugiter
1192 1949 1224 2003 in
1239 1950 1340 2005 medio

213 2024 291 2080 inter
302 2024 404 2079 zenitb
419 2034 450 2079 et
465 2024 661 2086 horizontem,
673 2025 754 2094 quod
774 2035 821 2079 est
836 2026 1002 2079 secundum
1014 2036 1149 2080 vestrum
1165 2043 1339 2084 sermonem

213 2104 243 2158 in
258 2104 353 2175 gradu
373 2103 446 2158 caeli
466 2116 518 2172 45;
537 2104 606 2157 inde
625 2113 671 2158 est
685 2103 767 2175 quod
786 2104 869 2158 calor
883 2114 914 2159 et
933 2105 984 2158 lux
1002 2106 1202 2175 procedentes
1218 2124 1257 2162 ex
1275 2108 1340 2163 sole

212 2194 318 2238 nostro
336 2182 446 2237 faciant
466 2193 642 2252 perpetuum
658 2198 717 2242 ver,
731 2192 763 2237 et
775 2182 856 2251 quod
876 2193 1054 2254 perpetuum
1069 2185 1193 2240 vernale
1213 2185 1340 2258 inspiret

212 2261 271 2317 illis
291 2261 370 2332 apud
387 2277 463 2332 quos
482 2277 567 2315 amor
581 2276 618 2315 ex
633 2276 730 2331 aequo
750 2261 853 2314 unitur
866 2277 935 2315 cum
954 2263 1117 2332 sapientia:
1136 2273 1168 2318 et
1185 2263 1338 2321 Dominus

212 2352 316 2395 noster
328 2357 381 2410 per
392 2340 499 2395 caloris
510 2349 543 2394 et
556 2340 631 2394 lucis
644 2339 785 2394 unionem
799 2350 951 2394 aeternam
965 2357 1026 2396 non
1039 2342 1120 2396 aliud
1135 2342 1234 2413 spirat
1246 2360 1338 2414 quarn

211 2436 299 2482 usus:
318 2419 387 2473 inde
406 2419 497 2473 etiam
516 2429 587 2474 sunt
604 2419 838 2490 germinationes
849 2415 973 2474 'telluris
991 2430 1116 2481 vestrae,
1133 2431 1165 2476 et
1184 2424 1340 2478 connubia

211 2499 379 2554 volatilium
399 2507 430 2553 et
450 2498 622 2552 animalium
641 2509 821 2560 vestrorum,
834 2499 1020 2569 temporibus
1039 2499 1133 2561 veris:
1153 2502 1240 2556 calor
1257 2503 1339 2557 enim

211 2577 340 2632 vernalis
361 2577 458 2646 aperit
479 2577 621 2631 interiora
643 2576 760 2631 illorum
783 2578 935 2648 usquead
960 2578 1073 2639 intima,
1089 2594 1167 2649 quae
1187 2593 1340 2636 vocantur

211 2657 329 2711 animae
343 2656 470 2717 illorum,
483 2667 514 2710 et
533 2655 587 2710 has
599 2655 699 2716 aflicit,
715 2666 746 2711 et
760 2657 805 2711 eis
824 2657 902 2711 indit
917 2658 1088 2727 conjugiale
1103 2675 1202 2721 suum,
1219 2673 1251 2714 et
1267 2660 1339 2715 lacit

211 2745 246 2789 ut
260 2735 426 2805 prolificum
441 2735 558 2789 illorum
576 2735 605 2789 in
619 2751 689 2790 suas
702 2736 825 2790 delicias
839 2737 942 2790 veniat
954 2753 992 2791 ex
1007 2737 1154 2792 continuo
1169 2749 1285 2794 conatu
1300 2739 1339 2794 ad

212 2815 381 2869 laciendum
401 2831 473 2869 usus
492 2813 614 2877 lrudlus,
628 2815 679 2884 qui
699 2824 746 2869 est
765 2816 943 2887 propagatio
962 2817 1008 2870 sui
1027 2817 1155 2886 generis.
1193 2818 1238 2873 At
1256 2820 1338 2890 apud

211 2894 350 2949 homines
362 2904 408 2949 est
421 2904 583 2964 perpetuus
596 2894 725 2948 influxus
735 2895 843 2948 caloris
852 2895 981 2950 vernalis
994 2911 1012 2950 a
1026 2894 1174 2959 Domino;
1191 2913 1287 2968 quare
1297 2900 1339 2953 illi

210 2974 293 3029 omni
314 2984 457 3044 tempore,
473 2974 564 3028 etiam
585 2973 615 3027 in
636 2974 735 3027 media
755 2973 861 3035 hieme,
876 2974 1010 3028 deliciari
1029 2976 1173 3046 conjugio
1193 2989 1339 3046 possunt:

210 3053 266 3108 viri
278 3053 357 3107 enim
368 3053 460 3108 creati
470 3065 541 3108 sunt
552 3053 739 3122 receptiones
749 3054 833 3116 lucis,
844 3053 902 3107 hoc
917 3064 971 3114 est,
982 3054 1148 3124 sapientiae
1156 3071 1179 3108 a
1193 3054 1338 3121 Domino,

210 3140 241 3188 ‘et
257 3131 385 3186 feminae
400 3143 517 3187 creatae
532 3143 603 3187 sunt
619 3133 806 3202 receptiones
824 3133 940 3194 caloris,
955 3133 1013 3187 hoc
1028 3144 1074 3188 est
1089 3134 1202 3188 amoris
1218 3137 1339 3207 sapien·

209 3213 270 3267 tiae
285 3212 341 3265 viri
356 3227 375 3266 a
390 3210 531 3266 DomIno.
570 3210 644 3266 lnde
660 3227 741 3265 nunc
755 3221 810 3272 est,
824 3213 907 3281 quod
923 3213 1001 3267 sicut
1016 3212 1338 3283 appropinquavimus,

209 3290 356 3346 afflaverit
367 3301 399 3345 te
408 3291 490 3345 calor
498 3292 628 3346 vernalis
640 3307 708 3345 cum
722 3292 915 3346 suaveolente
924 3301 1026 3354 odore,
1036 3292 1114 3346 sicut
1124 3308 1161 3346 ex
1172 3293 1338 3363 primitivis

210 3370 240 3424 in
254 3370 350 3425 hortis
363 3380 393 3425 et
406 3370 512 3441 agris.”

265 3450 321 3505 His
334 3448 422 3505 dietis
437 3449 522 3504 dedit
534 3448 608 3503 mihi
623 3449 670 3504 vir
684 3450 829 3509 dextram.
843 3459 874 3504 et
889 3449 1016 3504 deduxit
1031 3466 1079 3505 me
1094 3450 1131 3504 ad
1149 3450 1270 3514 domos,
1284 3453 1336 3508 ubi

207 3541 295 3585 erant
314 3529 459 3601 conjuges
480 3529 510 3583 in
532 3529 622 3584 simili
644 3529 718 3583 flore
737 3530 845 3584 aetatis
871 3530 900 3583 in
926 3545 988 3599 quo
1010 3530 1070 3592 illi;
1098 3539 1129 3583 et
1150 3530 1230 3584 dixit
1252 3533 1336 3602 quod

209 3625 318 3665 uxores
337 3609 413 3671 illae,
432 3625 513 3664 nunc
531 3609 613 3664 visae
634 3609 713 3663 sicut
731 3609 871 3679 virgines,
892 3608 1003 3663 luerint
1026 3609 1055 3662 in
1076 3609 1193 3663 mundo
1214 3612 1337 3666 vetulae

208 3705 297 3751 anus:
316 3699 348 3743 et
367 3689 473 3750 mariti,
489 3704 569 3743 nunc
586 3689 642 3743 visi
661 3689 739 3742 sicut
753 3688 967 3749 adolescentes,
983 3688 1096 3742 luerint
1115 3687 1156 3742 ibi
1174 3705 1265 3745 senes
1285 3691 1337 3746 de·

208 3770 331 3839 crepui:
358 3778 390 3823 et
415 3768 496 3839 quod
518 3783 624 3822 omnes
645 3767 688 3821 illi
710 3782 728 3821 a
753 3766 885 3822 Domino
911 3768 941 3821 in
967 3778 1097 3822 aetatem
1124 3766 1205 3822 hanc
1231 3769 1337 3826 flores-

208 3860 327 3903 centem
351 3846 465 3903 redutii
490 3847 560 3908 sint,
581 3846 652 3917 quia
675 3856 852 3901 amaverunt
876 3862 909 3902 se
934 3858 1048 3908 mutuo,
1070 3857 1102 3901 et
1123 3863 1161 3900 ex
1186 3848 1337 3920 religione

208 3927 349 3999 ingerunt
367 3927 514 3982 adulteria
532 3936 566 3981 ut
585 3936 707 3996 peccata
724 3927 875 3981 enormia:
901 3936 931 3981 et
949 3926 1026 3981 dixit
1043 3927 1126 3996 quod
1146 3943 1240 3983 nemo
1259 3930 1337 3984 sciat

208 4008 296 4061 beata
309 4007 442 4078 jucunda
456 4007 567 4061 amoris
580 4005 766 4076 coniugialia
781 4006 837 4060 nisi
853 4006 904 4075 qui
920 4006 1018 4075 rejicit
1033 4005 1184 4061 horrenda
1199 4008 1339 4079 jucunda

207 4087 361 4152 adulterii;
382 4095 413 4143 et
428 4086 509 4159 quod
529 4100 620 4141 nemo
639 4085 712 4140 haec
728 4085 851 4155 rejicere
866 4085 963 4173 possit
977 4085 1034 4140 nisi
1050 4084 1101 4155 qui
1116 4086 1197 4156 sapit
1213 4105 1253 4144 ex
1273 4089 1337 4147 Do·
