2782 5026
173 250 240 315 244
522 248 705 299 uenerat
727 248 956 299 summan

234 436 335 506 314.
365 420 491 504 (xxiii.)
516 420 605 500 Quia
625 422 708 484 ordo
729 421 834 484 datur
854 428 1070 496 successivus,
1087 429 1120 484 et
1137 419 1207 485 ordo
1223 414 1281 484 εἴ

172 516 371 587 maneus.
393 528 427 579 et
447 517 504 578 hic
525 528 579 580 est
600 538 645 578 es
665 516 724 579 illo
744 527 779 579 et
802 516 978 579 saudan
1002 514 1217 579 r'llunc-Hoc
1235 488 1299 569 ⁸5x

171 631 276 674 causa
294 611 534 675 confirmativa
556 613 837 692 praecedentium
858 612 1049 674 adducitur.
1091 609 1190 692 Quod
1205 603 1311 673 su6'

171 708 341 770 cessisum
360 710 417 777 sit.
436 719 473 770 et
492 708 583 790 quod
605 706 860 779 simultaneum,
880 717 1000 769 notum
1019 717 1093 783 est;
1115 707 1175 771 sed
1195 664 1330 788 quo)

170 801 258 864 ordo
278 801 504 865 simultaneus
533 803 578 865 sit
606 823 653 864 ex
682 802 887 875 successivo,
910 812 947 864 et
969 801 1158 864 secundum
1185 785 1344 863 hunb·

170 897 327 977 ignotum
344 908 420 973 est;
443 908 498 958 ast
510 896 686 978 quomodo
697 897 891 959 successiva
905 914 944 958 se
959 895 1106 959 inierunt
1122 897 1157 958 in
1172 894 1290 959 simul»
1343 893 1356 907 ⁶

169 1004 285 1059 tanea.
315 1002 352 1054 et
381 991 518 1073 qualem
551 992 597 1053 ibi
627 992 782 1054 ordinem
814 990 975 1065 formant,
1005 1010 1170 1074 perquam
1200 988 1322 1052 diffif
1354 991 1366 1006 ‘

168 1085 234 1148 cile
252 1097 307 1148 est
327 1087 449 1149 sistere
472 1087 516 1148 ad
539 1087 808 1168 perceptionem,
827 1087 987 1168 quoniam
1006 1086 1159 1148 nondum
1178 1077 1379 1168 aliquffl

168 1182 247 1244 idea
265 1182 455 1243 inserviens
474 1180 696 1243 elucidationi
714 1180 758 1242 de
774 1200 818 1243 eo
832 1180 922 1262 apud
940 1180 1091 1243 eruditos
1107 1181 1225 1244 adest:
1246 1174 1356 1242 οὗ
1367 1163 1381 1217 t

168 1277 248 1359 quia
277 1279 387 1358 prima
415 1277 493 1338 idea
522 1276 565 1338 de
594 1276 659 1338 hoc
690 1295 817 1338 arcano
846 1295 914 1338 non
944 1284 1065 1357 potest
1094 1275 1207 1339 inlerri
1227 1270 1387 1358 perti

168 1390 288 1453 pauca.
308 1391 349 1433 ac
368 1371 440 1434 fuse
459 1371 513 1433 hic
533 1369 654 1432 inferre
670 1370 777 1441 illam.
793 1370 1009 1433 abstraheret
1028 1381 1165 1434 mentes
1180 1391 1200 1433 a
1214 1372 1281 1433 visu

166 1466 329 1547 apertiori
352 1465 396 1527 de
418 1485 534 1528 amore
557 1464 751 1546 coniugiali.
775 1465 860 1527 satis
885 1465 928 1527 ad
955 1465 1194 1528 illustrandum
1216 1484 1367 1528 sen‘

166 1561 238 1623 vire
262 1570 408 1643 possunt
429 1560 489 1622 illa
511 1581 599 1642 quae
622 1561 665 1623 de
688 1560 776 1622 binis
798 1561 866 1622 illis
889 1561 1074 1634 ordinibus,
1093 1561 1280 1624 successivo
1328 1569 1389 1603 θ’

167 1665 203 1718 et
225 1654 444 1723 simultaneo.
468 1664 505 1729 et
534 1656 578 1718 de
608 1654 737 1717 influxu
766 1656 856 1718 illius
878 1655 912 1717 in
940 1654 1044 1727 hunc,
1067 1656 1102 1718 in
1123 1655 1282 1718 Doblrrira
1338 1665 1390 1689 “’

168 1749 286 1812 Nonas
298 1749 552 1831 Hierosolymae
565 1747 606 1812 de
624 1749 802 1830 Scn‘ptrrra
818 1749 936 1826 sacra,
954 1751 987 1814 in
1007 1751 1213 1834 compendio
1233 1749 1281 1813 al·

167 1845 240 1908 lata
254 1855 346 1920 sunt,
366 1844 422 1907 ubi
441 1845 526 1908 haec
538 1866 592 1906 :-

219 1987 236 2008 ⁴⁸
247 1977 344 2033 Datur
357 1979 387 2032 in
402 1979 487 2033 caelo
501 1990 532 2033 et
548 1979 578 2032 in
594 1980 710 2034 mundo
724 1980 800 2034 ordo
814 1979 1003 2034 successivus
1015 1990 1049 2034 et
1061 1980 1141 2035 ordo
1152 1979 1282 2035 simulta·
1317 1990 1379 2011 Ι

166 2066 249 2105 neus
288 2049 321 2103 ln
334 2050 444 2104 ordino
455 2051 627 2105 successivo
636 2051 773 2121 sequitur
782 2067 875 2104 unum
888 2051 1282 2122 postalterumasupremis
1355 2058 1361 2061 ’

166 2137 263 2191 usque
275 2121 313 2174 ad
329 2120 448 2181 infima:
467 2121 497 2174 in
512 2121 619 2175 ordine
632 2133 734 2175 autem
747 2121 929 2176 simultaneo
940 2131 988 2176 est
1001 2138 1096 2175 unum
1113 2122 1201 2192 juxta
1212 2122 1282 2176 alte·
1327 2128 1387 2151 κ

165 2192 405 2245 rumabintimis
415 2192 558 2262 usquead
568 2192 689 2245 extima
714 2191 799 2247 Ordo
808 2192 1138 2247 successivumtsicut
1147 2193 1283 2247 columna
1374 2194 1391 2214 ³

164 2278 234 2316 curn
243 2262 542 2334 gradibusasummo
554 2263 593 2316 ad
606 2263 716 2323 imum:
733 2265 851 2318 atordo
860 2262 1057 2318 simultaneus
1065 2273 1113 2318 est
1122 2262 1202 2318 sicut
1209 2279 1282 2333 opus
1365 2274 1391 2289 ²

164 2333 329 2387 cohaerens
341 2349 360 2386 a
371 2344 478 2387 centro
489 2335 527 2387 ad
541 2333 739 2403 superficiem.
776 2334 861 2388 Ordo
875 2332 1063 2388 successivus
1081 2332 1116 2388 fit
1132 2333 1164 2388 in
1179 2332 1281 2388 ultimo
1381 2331 1391 2350 ¹

164 2404 362 2458 simultaneus
384 2404 443 2458 hoc
465 2405 573 2458 modo:
599 2420 740 2474 suprema
758 2403 873 2459 ordinis
892 2404 1055 2459 successivi
1074 2403 1155 2458 dunt
1180 2403 1282 2458 intima

164 2474 279 2528 ordinis
289 2474 480 2536 simultanei;
496 2491 532 2528 ac
545 2474 647 2528 infima
659 2475 774 2529 ordinis
785 2474 945 2530 successivi
958 2474 1035 2529 fiunt
1046 2475 1161 2530 extima
1173 2475 1282 2530 ordinis
1374 2480 1378 2481 ⁷

164 2545 351 2607 simultanei;
370 2555 417 2599 est
434 2546 638 2615 comparative
656 2546 733 2599 sicut
751 2547 892 2600 columna
909 2546 1055 2616 graduum
1074 2546 1234 2601 subsidens
1250 2544 1282 2598 fit

163 2631 201 2669 co
238 2632 272 2670 us
281 2617 447 2670 cohaerens
458 2616 487 2669 in
499 2617 597 2686 plano.
632 2615 1282 2676 ltalorrnatursimultaneumasuccessivis;

163 2696 196 2769 et
235 2701 273 2768 oc
295 2687 324 2740 in
345 2688 484 2768 omnibus
499 2697 530 2740 et
545 2687 671 2776 singulis
689 2687 792 2769 mundi
811 2687 980 2812 spiritualis,
995 2702 1030 2740 ac
1046 2687 1075 2740 in
1095 2688 1237 2742 omnibus
1253 2696 1283 2740 et

162 2757 289 2827 singulis
305 2759 408 2810 mundi
430 2759 582 2811 naturalis.
646 2757 805 2826 (Vrdeatur
820 2775 828 2812 ι
852 2775 860 2812 ι
876 2775 905 2812 n.
921 2758 963 2826 38,
976 2757 1028 2826 65:
1045 2768 1077 2812 et
1093 2759 1233 2829 perplura
1246 2758 1283 2812 de

164 2828 434 2967 ἓὲέζιηῧαριίηηὴ
446 2828 590 2900 Angelr'ca
605 2828 640 2882 de
653 2829 767 2882 Divino
779 2831 889 2884 Amore
900 2835 929 2883 et
944 2829 1061 2883 Divina
1077 2830 1243 2900 Saprkntrk,
1255 2845 1283 2882 n.

163 3018 282 3082 Simile
304 3029 359 3083 est
382 3039 460 3083 cum
484 3019 602 3083 ordine
625 3021 821 3083 successivo
843 3021 887 3083 ad
910 3019 1116 3102 conjugium,
1140 3029 1178 3084 et
1207 3039 1282 3084 cum

163 3115 282 3178 ordine
302 3114 509 3178 simultaneo
532 3116 565 3177 in
589 3115 767 3196 conjugio;
791 3114 954 3178 videlicet
976 3114 1067 3197 quod
1090 3114 1146 3179 hic
1171 3116 1216 3181 sit
1239 3135 1282 3179 ex

162 3209 234 3284 illo,
254 3220 290 3273 et
310 3211 497 3272 secundum
520 3210 626 3273 illum.
671 3208 738 3290 Qui
761 3209 926 3272 influxum
950 3210 1078 3272 ordinis
1100 3211 1284 3274 successivi

162 3305 196 3366 in
210 3304 454 3366 simultaneum
467 3305 574 3375 novit.
589 3313 706 3385 potest
723 3303 1016 3386 comprehendere
1028 3323 1181 3380 causam,
1193 3303 1284 3387 quod

162 3399 277 3481 angeli
297 3401 330 3462 in
351 3419 453 3461 manu
472 3399 619 3461 hominis
638 3400 771 3481 possint
791 3400 907 3461 videre
929 3417 1050 3461 omnes
1069 3400 1197 3462 mentis
1213 3398 1285 3481 ejus

161 3494 394 3575 cogitationes
424 3503 460 3556 et
489 3494 720 3556 intentiones:
751 3501 787 3557 et
810 3514 945 3575 quoque
967 3492 1059 3574 quod
1087 3512 1218 3559 uxores
1239 3513 1284 3557 ex

162 3590 319 3652 manibus
335 3589 535 3652 maritorum
555 3608 655 3670 super
674 3588 742 3650 suis
766 3585 961 3670 peftoribus
977 3586 1132 3650 sentiant
1148 3586 1285 3651 illorum

161 3682 370 3760 affectiones,
395 3682 488 3764 cujus
511 3684 559 3746 rei
583 3685 714 3746 mentio
736 3683 918 3766 aliquoties
944 3683 978 3746 in
1002 3680 1285 3747 Memorabilibus

160 3775 251 3842 sacta
273 3789 348 3856 est;
371 3779 462 3841 ratio
483 3788 549 3852 est,
574 3779 652 3860 quia
674 3797 796 3840 manus
820 3788 900 3841 sunt
922 3776 1045 3840 ultima
1066 3776 1228 3854 hominis,
1252 3777 1286 3840 in

161 3893 248 3955 quae
267 3873 541 3936 determinantur
558 3871 729 3936 ventilata
751 3880 786 3936 et
808 3871 972 3935 conclusa
994 3871 1123 3934 mentis
1140 3869 1225 3952 ejus,
1244 3889 1285 3934 ac

160 3968 206 4031 ibi
222 3968 350 4032 faciunt
367 3967 629 4040 simultaneum:
653 3967 733 4031 ideo
744 3966 851 4032 etiam
865 3967 900 4031 in
912 3964 1032 4030 Verbo
1042 3964 1181 4045 dicitur,
1193 3965 1285 4051 quod

159 4062 360 4145 inscriptum
380 4063 425 4126 sit
444 4062 610 4126 manibus.
