2782 5026
155 111 219 194 386
484 118 733 172 rotmarus
754 118 943 169 nasama:

154 306 192 360 et
209 311 355 358 uxorum
377 293 411 356 in
432 292 545 367 terris,
562 309 652 374 quae
669 288 788 372 primis
804 289 980 353 ominibus
994 288 1195 374 junguntur,
1212 283 1305 355 nor*

155 391 254 455 latet.
298 387 398 470 Quae
412 388 511 468 virgo
525 396 645 467 potest
663 386 750 448 scire
768 405 896 448 novum
911 385 1009 448 illurn
1025 397 1172 463 statum,
1187 394 1318 451 ante‘

155 503 258 569 quarn
272 484 307 546 in
323 481 383 546 illo
393 481 472 546 est?
493 481 649 562 quaerite
660 490 698 544 et
712 481 872 544 audietis
916 481 1116 544 Discrimen
1128 458 1334 563 estamd

156 576 271 654 ¹¹¹illas,
287 597 374 660 quae
388 585 471 639 ante
489 574 686 656 conjugium
708 595 755 637 ex
777 575 971 639 eruditione
987 576 1191 640 illecebram
1205 589 1343 658 caps

157 683 247 737 tant.

218 781 322 848 5⁰3.
346 763 409 845 (ii.)
435 762 535 840 Quod
540 763 727 844 virginitas
735 762 783 825 sit
790 784 911 827 corona
918 764 1364 840 castitatimctesser‘

157 861 284 925 amoni
305 858 750 942 amigdalis-Virginitas
771 869 916 923 vocatur
945 880 1077 923 corona
1099 860 1367 929 castitatis‘

157 957 237 1037 quia
265 956 466 1017 castitatem
485 953 635 1034 conjugii
658 964 815 1027 coronat,
838 964 875 1016 et
904 973 1041 1036 quoque
1067 963 1123 1017 est
1153 956 1372 1034 insign&

159 1049 355 1125 castitatis;
389 1067 493 1129 quare
522 1066 651 1128 sponsa
682 1048 717 1109 in
744 1047 873 1128 nuptiis
902 1066 1005 1128 super
1026 1051 1147 1129 capite
1171 1046 1378 1130 portatd

159 1162 346 1207 coronam:
381 1152 435 1205 est
466 1142 573 1205 etiam
603 1142 737 1223 insigne
766 1139 964 1205 sanstitatis
997 1142 1172 1225 conjugii3
1211 1149 1381 1207 namtl

159 1258 286 1320 sponsa
316 1248 395 1319 post
424 1236 541 1301 florem
565 1238 754 1318 virgineum
784 1258 822 1299 se
852 1248 965 1300 totam
988 1239 1051 1301 dat
1081 1250 1119 1302 et
1150 1237 1385 1302 addicant

159 1352 288 1414 sponso
306 1342 388 1396 tunc
408 1333 543 1405 marito,
563 1351 604 1395 ac
620 1333 764 1409 maritus
781 1333 932 1395 vicissim
950 1353 989 1396 se
1007 1343 1124 1396 toturn
1144 1339 1388 1415 sponsae&

160 1438 243 1490 tunc
262 1427 371 1490 uxori.
416 1425 609 1508 Virginitas
628 1428 734 1489 etiam
751 1437 897 1490 vocatur
912 1438 1046 1490 tessera
1062 1431 1191 1491 amoris
1208 1449 1272 1492 con

156 1522 304 1604 jugialis,
321 1523 400 1603 quia
415 1533 468 1585 est
487 1522 645 1594 foederis,
659 1541 699 1583 ac
717 1521 836 1584 foedus
851 1531 906 1585 est
924 1533 962 1585 ut
980 1542 1080 1587 amor
1095 1525 1195 1587 uniat
1214 1523 1272 1586 illo
1387 1535 1391 1541 “

161 1619 195 1680 in
218 1636 321 1679 unum
344 1615 529 1688 hominem,
554 1637 613 1677 seu
643 1617 676 1678 in
705 1635 808 1678 unam
830 1635 980 1679 carnem.
1026 1618 1098 1700 lpsi
1121 1618 1186 1681 viri
1207 1629 1287 1681 ante
1352 1636 1356 1637 ⁷
1387 1639 1391 1651 ·

162 1712 300 1792 nuptias
322 1713 428 1774 etiam
451 1708 612 1792 spectant
634 1711 869 1791 virginitatem
892 1731 1040 1793 sponsae
1063 1722 1103 1776 ut
1127 1732 1288 1777 coronam
1389 1722 1391 1744 *

161 1805 440 1886 castitatisque,
464 1825 504 1869 ac
528 1817 566 1869 ut
589 1815 756 1869 tesseram
779 1808 905 1869 amoris
927 1806 1157 1890 conjugialis;
1187 1827 1230 1872 ac
1254 1806 1373 1870 ιιι,

162 1901 273 1982 ipsum
291 1901 483 1982 cupedium,
500 1918 546 1962 ex
566 1919 634 1981 quo
653 1898 797 1963 deliciae
812 1900 904 1963 illius
920 1904 1049 1965 amoris
1066 1903 1289 1967 inchoaturae
1345 1916 1359 1920 ‘

162 2005 199 2059 et
214 2005 465 2076 perennaturae
480 2005 571 2057 sunt.
615 1994 673 2057 Ex
691 1995 745 2057 his
760 2004 797 2058 et
815 2016 862 2058 ex
877 1994 945 2059 illis
958 2017 1048 2080 quae
1065 1998 1288 2080 praecedunt,
1322 2030 1359 2058 α

163 2100 315 2162 constat,
335 2089 427 2171 quod
451 2099 636 2171 postquam
660 2108 748 2152 zona
768 2088 934 2172 adempta
955 2100 1021 2166 est,
1044 2112 1087 2155 ac
1110 2092 1290 2174 virginitas
1341 2103 1391 2128 ⁷²

163 2185 282 2258 libata,
301 2186 399 2264 virgo
417 2182 476 2247 fiat
495 2204 595 2257 uxor,
614 2193 651 2246 et
674 2185 703 2247 si
725 2204 795 2247 non
815 2204 915 2259 uxor,
934 2183 995 2247 fiat
1015 2187 1207 2252 meretrix:
1230 2204 1289 2248 no·

163 2299 226 2341 vus
241 2279 331 2341 enim
348 2288 471 2351 status,
489 2279 521 2340 in
541 2296 643 2360 quem
659 2289 742 2341 tunc
758 2278 942 2353 inducitur,
958 2288 1015 2343 est
1032 2289 1151 2342 status
1167 2279 1290 2343 amoris
1359 2296 1391 2315 ²

160 2393 226 2457 pro
244 2394 306 2436 suo
324 2373 417 2448 viro;
440 2382 475 2434 et
493 2373 521 2434 si
538 2392 607 2434 non
627 2392 689 2453 pro
707 2374 792 2446 viro,
811 2383 867 2437 est
885 2384 999 2438 status
1016 2374 1183 2437 libidinis.

226 2481 331 2551 5o4·
355 2466 430 2547 (iii.)
456 2466 555 2543 Quod
565 2466 738 2550 defloratio
752 2468 957 2550 absquefine
968 2468 1117 2552 conjugii
1127 2466 1290 2552 sitjlagr'·

164 2562 247 2626 tium
254 2562 557 2642 praedonis—Est
570 2563 773 2644 quibusdam
785 2563 951 2626 adulteris
964 2565 1090 2645 cupido
1099 2563 1291 2627 deflorandi

164 2659 324 2738 virgines,
338 2667 374 2719 et
390 2657 469 2719 inde
485 2677 620 2738 quoque
636 2657 768 2739 puellas
783 2659 817 2721 in
833 2669 952 2722 aetate
967 2657 1102 2722 illarum
1120 2659 1289 2723 innocua:

165 2752 383 2834 pelliciuntur
397 2752 442 2815 ad
458 2751 553 2824 talia,
570 2751 626 2814 vel
644 2771 704 2833 per
718 2772 837 2815 suasus
855 2773 876 2816 a
894 2753 994 2827 lenis,
1006 2753 1062 2815 vel
1081 2773 1145 2835 per
1160 2753 1256 2817 dona
1272 2771 1292 2815 a

164 2849 254 2920 viris,
267 2846 322 2910 vel
336 2866 396 2928 per
407 2848 608 2927 sponsiones
622 2847 770 2929 conjugii
783 2870 791 2924 ;
814 2859 850 2910 et
863 2849 925 2911 viri
936 2848 985 2911 illi
1002 2858 1081 2929 post
1094 2847 1291 2914 defloratio·

164 2962 243 3008 nem
260 2942 454 3024 relinquunt
469 2942 557 3016 illas,
570 2962 610 3004 ac
623 2941 709 3004 alias
721 2953 756 3006 et
773 2943 857 3006 alias
873 2944 1084 3025 perquirunt.
1128 2945 1290 3016 Accedit,

165 3038 257 3122 quod
276 3058 344 3101 non
363 3034 581 3100 oblectentur
598 3039 805 3118 praeteritis,
825 3038 887 3100 sed
905 3058 951 3101 ex
966 3038 1097 3120 jugiter
1112 3041 1235 3117 novis3
1258 3049 1292 3102 et

163 3133 257 3218 quod
268 3133 353 3196 haec
367 3132 472 3195 libido
481 3140 616 3194 crescat
627 3152 733 3215 usque
749 3134 783 3195 in
795 3141 901 3214 caput
913 3131 1171 3213 jucunditatum
1181 3136 1292 3197 carnis

166 3228 311 3293 illorum.
349 3225 498 3289 Addunt
508 3227 612 3289 etiam
625 3227 691 3288 illis
703 3227 770 3290 hoc
783 3225 923 3301 lacinus,
934 3227 1026 3309 quod
1038 3229 1143 3291 variis
1155 3229 1292 3291 astutiis

165 3323 315 3403 virgines
332 3331 497 3401 nupturas
512 3331 571 3383 aut
588 3321 681 3384 illico
697 3329 776 3403 post
793 3322 931 3403 nuptias
948 3321 1128 3402 pelliciant
1145 3322 1192 3386 ad
1210 3321 1291 3386 offe·

167 3419 310 3483 rendum
328 3417 391 3479 sibi
411 3417 577 3497 primitias
595 3416 754 3497 conjugii,
774 3416 867 3498 quod
886 3417 992 3479 etiam
1020 3418 1069 3480 sic
1088 3416 1190 3481 foede
1208 3436 1291 3480 con·

167 3523 340 3596 spurcant.
385 3510 513 3573 Audivi
529 3512 635 3575 etiam
651 3511 742 3593 quod
762 3529 840 3573 cum
859 3520 1013 3574 oestrum
1031 3511 1117 3575 illud
1135 3530 1215 3575 cum
1233 3530 1292 3574 sua

1349 2541 1388 2560 e

44 3606 54 3628 ’
168 3609 326 3691 potentia
343 3606 481 3680 defecit,
500 3604 689 3686 glorientur
707 3627 752 3669 ex
771 3623 914 3669 numero
931 3607 1184 3688 virginitatum‚
1204 3606 1292 3670 sicut

168 3725 215 3769 ex
230 3703 377 3767 totidem
393 3701 577 3764 velleribus
592 3702 702 3765 aureis
717 3701 862 3782 Jasonis.
909 3699 987 3765 Hoc
1003 3701 1186 3784 flagitium,
1202 3698 1292 3784 quod

169 3808 223 3864 est
239 3808 405 3878 stuprum,
419 3797 498 3879 quia
512 3797 546 3859 in
562 3807 679 3859 aetate
695 3796 826 3858 roboris
841 3795 1018 3876 inceptum
1034 3806 1101 3872 est,
1117 3807 1156 3860 et
1172 3804 1293 3878 postea

170 3916 230 3978 per
241 3893 464 3975 gloriationes
476 3890 658 3965 firmatum,
668 3900 786 3954 manet
797 3891 1029 3965 irradiatum,
1042 3892 1141 3954 etsie
1154 3891 1291 3954 insitum

171 4000 250 4072 post
269 3998 427 4052 mortem.
472 3985 583 4068 Quale
600 3986 666 4048 hoc
684 3984 852 4066 flagitium
870 3995 934 4060 est,
952 3995 1092 4050 constat
1111 4004 1157 4049 ex
1175 4003 1291 4066 supra·

172 4081 283 4161 dictis,
301 4082 393 4166 quod
415 4082 595 4163 virginitas
617 4080 664 4144 sit
686 4099 815 4145 corona
831 4078 1017 4156 castitatis,
1036 4089 1173 4145 tessera
1193 4077 1291 4143 futuri
