2782 5026
135 409 198 493 358
465 418 714 472 votuerunas
735 420 921 473 msuuuua

128 591 356 656 effervescens
375 589 526 664 lascivia,
546 590 574 654 si
598 611 667 655 non
690 590 728 655 fit
750 612 796 655 ex
818 593 997 675 proposito
1014 601 1070 656 aut
1090 612 1129 656 ex
1144 608 1200 655 con·

127 686 275 760 firmato,
289 695 324 749 et
338 685 366 747 si
380 685 543 748 moechus
557 687 601 749 ab
613 685 672 749 illa
683 687 863 769 resipiscit,
875 687 980 751 modo
990 686 1203 770 aliquidpaucu·

128 779 199 843 lum
212 780 358 860 derogat
372 781 479 842 amori
492 779 697 861 conjugiali:
717 780 818 845 aliter
833 782 999 845 scortatio
1011 780 1204 864 polygnoto,

128 874 206 937 huic
230 875 319 937 inest
343 893 438 936 amor
461 873 627 955 analogus
645 876 753 938 amori
771 875 965 957 conjugiali,
983 896 1052 940 non
1073 877 1151 938 enim
1167 873 1206 936 de·

128 968 297 1042 fervescit,
311 968 506 1049 dissipatur,
519 978 555 1030 et
568 968 639 1031 abit
652 969 686 1031 in
699 969 840 1032 nihilum
853 978 933 1051 post
946 968 1208 1035 effervescentiam.

127 1064 216 1126 sicut
233 1065 333 1143 prior,
350 1063 411 1125 sed
428 1073 556 1136 manet,
570 1072 716 1127 renovat
731 1073 768 1127 et
785 1064 917 1127 stabilit
933 1084 982 1138 se,
1000 1074 1035 1128 et
1052 1073 1169 1127 tantum
1180 1076 1210 1122 ex

128 1176 245 1220 amore
265 1157 308 1219 ad
328 1177 472 1220 uxorem
492 1158 656 1240 decerpit,
669 1177 709 1221 ac
729 1157 806 1221 loco
825 1157 896 1238 ejus
914 1178 977 1240 pro
993 1179 1099 1223 uxore
1117 1153 1211 1221 inducit

128 1252 254 1333 frigus;
278 1249 414 1333 spectat
433 1254 524 1314 enim
544 1262 624 1315 tunc
645 1253 834 1316 concubam
854 1255 1071 1317 meretricem
1093 1263 1129 1315 ut
1147 1267 1213 1312 ama·

129 1346 234 1410 bilem
254 1368 299 1409 ex
319 1347 426 1410 libero
446 1346 635 1410 voluntatis
653 1348 745 1430 quod
764 1348 884 1429 possit,
904 1348 932 1410 si
951 1347 1060 1423 lubet,
1079 1344 1215 1412 recedere·

130 1443 219 1524 quod
237 1441 382 1505 naturali
400 1442 529 1505 homini
548 1443 738 1523 ingenitum
758 1451 821 1516 est,
839 1453 876 1506 et
895 1443 1059 1525 quiahoc
1077 1442 1152 1506 inde
1165 1457 1220 1520 gra·

129 1545 203 1599 tum
219 1547 283 1610 est,
297 1554 448 1599 amorem
464 1536 559 1599 illum
576 1536 743 1614 suffulcit3
766 1556 805 1600 ac
822 1537 960 1618 insuper
971 1557 1050 1601 cum
1063 1535 1222 1601 concubina

24 1708 26 1713 ,
129 1639 184 1694 est
218 1632 436 1712 propinquior
459 1632 566 1693 unitio
596 1650 672 1693 cum
702 1631 871 1695 illecebris
894 1652 997 1714 quam
1020 1652 1097 1695 cum
1120 1643 1227 1698 uxore}

130 1736 167 1788 at
179 1726 327 1789 vicissim
342 1745 485 1788 uxorem
498 1745 567 1788 non
580 1724 714 1807 speclat
726 1726 908 1789 amabilem
921 1747 968 1790 ex
980 1727 1102 1790 debito
1114 1722 1230 1790 cohabi-

130 1821 272 1885 tationis
288 1840 365 1884 cum
384 1821 443 1883 illa
460 1818 611 1901 injuncto
630 1840 690 1902 per
707 1820 827 1884 foedus
844 1821 948 1894 vitae,
966 1822 1060 1903 quod
1079 1832 1158 1886 tunc
1174 1837 1238 1902 pert

130 1917 214 1997 cipit
238 1924 276 1978 ut
299 1911 456 1978 coactum
480 1914 556 1996 plus
579 1936 624 1977 ex
649 1914 756 1978 libero
778 1934 856 1977 cum
879 1914 1014 1993 altera,
1045 1917 1137 1999 quod
1158 1927 1239 1978 amor

130 2030 194 2092 pro
224 2009 369 2091 conjuge
398 2011 470 2091 pari
497 2010 607 2090 gradu
636 2009 809 2091 frigescat,
838 2019 873 2072 et
903 2010 978 2090 ipsa
1007 2009 1164 2082 vilescat,
1185 2024 1236 2090 quo

132 2125 228 2168 amor
242 2125 303 2186 pro
316 2124 383 2166 una
392 2103 538 2166 moecha
549 2103 700 2178 calescit,
710 2114 745 2167 et
759 2104 842 2167 haec
856 2103 889 2166 in
903 2104 1015 2185 pretio
1028 2116 1095 2178 est,
1107 2109 1238 2167 constat.

133 2198 235 2280 Quod
255 2198 398 2261 alterum
417 2200 556 2285 attinet,
574 2199 667 2280 quod
686 2198 934 2262 concubinatus
952 2198 1178 2262 simultaneus
1195 2215 1241 2260 seu

134 2290 332 2373 conjunctus
356 2311 433 2356 cum
457 2313 564 2355 uxore
587 2293 745 2374 deprivet
768 2293 876 2355 virum
900 2293 994 2355 omni
1019 2291 1187 2356 facultate
1214 2298 1243 2352 et

132 2388 355 2451 inclinatione
385 2387 429 2449 ad
458 2387 565 2450 vitam
595 2386 835 2469 conjugialem,
859 2407 945 2468 quae
975 2385 1183 2451 Christianis
1208 2403 1244 2448 ex

132 2484 316 2546 nativitate
351 2483 451 2556 inest,
482 2482 588 2545 videri
623 2491 740 2563 potest
774 2502 819 2543 ex
854 2480 925 2543 his:
962 2481 1056 2563 quod
1091 2491 1247 2565 quantum

132 2597 228 2640 amor
241 2578 284 2640 ad
301 2576 482 2657 conjugem
495 2577 730 2639 transcribitur
745 2577 778 2639 in
791 2595 942 2638 amorem
955 2576 1000 2638 ad
1016 2577 1246 2645 concubinam,

132 2681 269 2735 tantum
282 2673 496 2753 decerpatur,
511 2670 721 2745 exancletur,
736 2681 771 2733 et
787 2671 1005 2733 exinaniatur
1020 2669 1080 2733 ille
1097 2691 1159 2752 pro
1174 2688 1248 2732 con·

129 2765 222 2848 juge,
237 2779 273 2830 ut
291 2787 379 2829 nunc
397 2787 497 2848 supra
510 2776 685 2828 ostensum
702 2776 775 2843 est;
799 2766 890 2847 quod
909 2764 974 2827 hoc
991 2764 1052 2828 fiat
1069 2785 1131 2846 per
1143 2764 1251 2828 occlu-

132 2863 265 2924 sionem
289 2863 486 2925 interiorum
511 2862 636 2924 mentis
659 2860 822 2923 naturalis
855 2858 937 2940 ejus,
961 2869 997 2922 et
1031 2858 1252 2921 reclusionem

132 2956 326 3018 inferiorum
351 2953 431 3035 ejus,
457 2965 616 3018 constare
640 2963 756 3036 potest
780 2975 825 3016 ex
852 2953 934 3016 sede
958 2953 1193 3016 inclinationis
1214 2951 1252 3015 ad

134 3051 318 3112 amandum
339 3070 439 3112 unam
459 3070 477 3112 e
497 3070 582 3111 sexu
601 3049 690 3130 apud
711 3047 932 3120 Christianos,
950 3046 1041 3128 quod
1061 3049 1107 3111 sit
1126 3049 1161 3110 in
1179 3048 1254 3111 inti·

135 3145 199 3207 mis
222 3143 303 3223 ejus,
328 3155 363 3206 et
393 3145 483 3225 quod
507 3144 593 3207 haec
623 3145 723 3206 sedes
749 3141 930 3205 intercludi
953 3141 1076 3222 possit,
1097 3142 1160 3205 sed
1190 3161 1255 3205 non

133 3239 335 3318 exstirpari:
361 3239 452 3320 quod
472 3239 649 3301 inclinatio
668 3238 710 3301 ad
727 3237 910 3300 amandum
930 3254 1033 3298 unam
1056 3256 1076 3298 e
1101 3256 1201 3311 sexu,
1221 3247 1252 3300 et

135 3355 269 3417 quoque
288 3333 433 3396 facultas
452 3333 496 3395 ad
514 3333 743 3414 recipiendum
762 3332 857 3395 illum
873 3349 1037 3404 amorem,
1053 3328 1258 3395 Christianis

135 3451 155 3494 a
174 3429 357 3494 nativitate
376 3427 582 3508 implantata
601 3429 656 3501 sit,
674 3438 727 3490 est
746 3446 858 3500 causa,
876 3427 953 3508 quia
971 3424 1030 3488 ille
1049 3444 1148 3489 amor
1166 3429 1257 3489 esta

133 3524 209 3587 solo
230 3523 390 3594 Domino,
412 3530 448 3584 et
470 3519 578 3585 factus
597 3531 651 3584 est
670 3521 855 3602 religionis,
875 3530 911 3582 et
933 3519 966 3581 in
992 3517 1258 3584 Christianismo

135 3619 297 3682 Divinum
322 3617 460 3679 Domini
483 3617 681 3696 agnoscitur
703 3625 739 3678 et
766 3614 899 3686 colitur,
924 3632 962 3676 ac
987 3613 1111 3694 religio
1133 3624 1189 3678 est
1213 3635 1256 3677 ex

134 3710 254 3775 Verbo
271 3711 381 3792 Ipsius
397 3731 404 3785 ;
429 3710 507 3772 inde
524 3720 577 3772 est
590 3710 705 3772 insitio
721 3708 801 3789 ejus,
819 3718 854 3770 et
872 3727 1004 3788 quoque
1021 3707 1259 3790 transplanta·

135 3808 186 3870 tio
202 3806 272 3886 ejus
291 3826 312 3867 a
327 3806 549 3886 generatione
566 3805 599 3865 in
615 3804 884 3885 generationem.
931 3798 1068 3864 Dictum
1086 3813 1152 3877 est,
1168 3803 1258 3884 quod

136 3899 328 3982 coniugiale
351 3898 434 3961 illud
458 3896 690 3961 Christianum
714 3915 773 3977 per
795 3897 1041 3959 scortationem
1062 3896 1261 3977 polygami-

136 4016 211 4058 cam
223 4004 340 4077 pereat
353 4015 360 4072 ;
381 3993 440 4055 sed
451 3992 662 4073 intelligitur,
675 3992 766 4075 quod
779 3991 868 4072 apud
882 3990 1104 4072 polygamum
1114 3989 1260 4054 Christi·

136 4109 238 4154 anum
263 4088 462 4153 occludatur
485 4096 521 4150 et
543 4088 787 4169 intercipiatur,
809 4085 869 4148 sed
892 4105 998 4166 usque
1020 4085 1261 4149 resuscitabile

138 4194 191 4247 est
215 4185 248 4246 in
267 4182 337 4263 ejus
357 4183 514 4264 posteris,
533 4183 619 4244 sicut
640 4180 676 4243 lit
696 4200 774 4243 cum
791 4178 1014 4242 similitudine
1034 4180 1087 4241 avi
1110 4189 1148 4243 et
1170 4181 1262 4242 atavi

136 4278 303 4341 redeunte
326 4278 359 4339 in
383 4287 510 4357 nepote
534 4284 569 4337 et
593 4285 809 4355 pronepote:
844 4273 922 4336 inde
945 4283 999 4336 est
1023 4275 1114 4354 quod
1139 4273 1258 4355 conju·

137 4372 229 4453 giale
256 4372 339 4434 illud
363 4372 496 4433 dicatur
518 4370 689 4433 cimelium
713 4369 807 4432 vitae
831 4366 1067 4447 Christianae;
1099 4378 1135 4432 et
1162 4388 1261 4450 supra
