<?xml version="1.0" encoding="UTF-8"?>
<!DOCTYPE html PUBLIC "-//W3C//DTD XHTML 1.0 Transitional//EN"
    "http://www.w3.org/TR/xhtml1/DTD/xhtml1-transitional.dtd">
<html xmlns="http://www.w3.org/1999/xhtml" xml:lang="en" lang="en">
 <head>
  <title>
</title>
<meta http-equiv="Content-Type" content="text/html;charset=utf-8" />
  <meta name='ocr-system' content='tesseract 3.04.00' />
  <meta name='ocr-capabilities' content='ocr_page ocr_carea ocr_par ocr_line ocrx_word'/>
</head>
<body>
  <div class='ocr_page' id='page_1' title='image "./deliciaesapient00swedgoog_0213.png"; bbox 0 0 2782 5026; ppageno 0'>
   <div class='ocr_carea' id='block_1_1' title="bbox 135 441 915 509">
    <p class='ocr_par' dir='ltr' id='par_1_1' title="bbox 135 441 915 509">
     <span class='ocr_line' id='line_1_1' title="bbox 135 441 915 509; baseline 0.013 -24"><span class='ocrx_word' id='word_1_1' title='bbox 135 445 201 509; x_wconf 78' lang='lat'>204</span> <span class='ocrx_word' id='word_1_2' title='bbox 479 441 664 491; x_wconf 69' lang='lat' dir='ltr'>neumae</span> <span class='ocrx_word' id='word_1_3' title='bbox 684 442 915 495; x_wconf 72' lang='lat' dir='ltr'>sanexrtas</span> 
     </span>
    </p>
   </div>
   <div class='ocr_carea' id='block_1_2' title="bbox 129 609 1260 3356">
    <p class='ocr_par' dir='ltr' id='par_1_2' title="bbox 132 609 1260 1360">
     <span class='ocr_line' id='line_1_2' title="bbox 136 609 1258 695; baseline -0.001 -18"><span class='ocrx_word' id='word_1_4' title='bbox 136 616 242 678; x_wconf 87' lang='lat' dir='ltr'>tione.</span> <span class='ocrx_word' id='word_1_5' title='bbox 287 611 377 675; x_wconf 86' lang='lat' dir='ltr'>Nam</span> <span class='ocrx_word' id='word_1_6' title='bbox 388 611 481 694; x_wconf 88' lang='lat' dir='ltr'>quod</span> <span class='ocrx_word' id='word_1_7' title='bbox 496 612 557 683; x_wconf 88' lang='lat' dir='ltr'>vir.</span> <span class='ocrx_word' id='word_1_8' title='bbox 576 612 605 674; x_wconf 90' lang='lat' dir='ltr'>si</span> <span class='ocrx_word' id='word_1_9' title='bbox 623 612 668 675; x_wconf 91' lang='lat' dir='ltr'>de</span> <span class='ocrx_word' id='word_1_10' title='bbox 684 632 792 675; x_wconf 84' lang='lat' dir='ltr'>uxore</span> <span class='ocrx_word' id='word_1_11' title='bbox 807 632 870 675; x_wconf 88' lang='lat' dir='ltr'>sua</span> <span class='ocrx_word' id='word_1_12' title='bbox 887 611 931 675; x_wconf 92' lang='lat' dir='ltr'>ad</span> <span class='ocrx_word' id='word_1_13' title='bbox 947 609 1176 694; x_wconf 72' lang='lat' dir='ltr'>conspedtum</span> <span class='ocrx_word' id='word_1_14' title='bbox 1191 611 1258 695; x_wconf 85' lang='lat' dir='ltr'>ejus</span> 
     </span>
     <span class='ocr_line' id='line_1_3' title="bbox 132 704 1258 790; baseline -0.001 -17"><span class='ocrx_word' id='word_1_15' title='bbox 132 709 282 773; x_wconf 83' lang='lat' dir='ltr'>interdiu</span> <span class='ocrx_word' id='word_1_16' title='bbox 299 720 336 770; x_wconf 92' lang='lat' dir='ltr'>et</span> <span class='ocrx_word' id='word_1_17' title='bbox 354 708 399 770; x_wconf 92' lang='lat' dir='ltr'>ad</span> <span class='ocrx_word' id='word_1_18' title='bbox 417 708 509 770; x_wconf 86' lang='lat' dir='ltr'>latus</span> <span class='ocrx_word' id='word_1_19' title='bbox 523 706 596 787; x_wconf 86' lang='lat' dir='ltr'>ejus</span> <span class='ocrx_word' id='word_1_20' title='bbox 612 704 716 771; x_wconf 70' lang='lat' dir='ltr'>nostu</span> <span class='ocrx_word' id='word_1_21' title='bbox 731 707 867 788; x_wconf 79' lang='lat' dir='ltr'><strong>cogitat</strong></span> <span class='ocrx_word' id='word_1_22' title='bbox 879 707 972 790; x_wconf 93' lang='lat' dir='ltr'>quod</span> <span class='ocrx_word' id='word_1_23' title='bbox 991 707 1053 770; x_wconf 92' lang='lat' dir='ltr'>illa</span> <span class='ocrx_word' id='word_1_24' title='bbox 1069 709 1188 790; x_wconf 86' lang='lat' dir='ltr'>cupiat</span> <span class='ocrx_word' id='word_1_25' title='bbox 1202 719 1258 772; x_wconf 90' lang='lat' dir='ltr'>aut</span> 
     </span>
     <span class='ocr_line' id='line_1_4' title="bbox 132 801 1260 883; baseline -0.002 -16"><span class='ocrx_word' id='word_1_26' title='bbox 132 804 229 877; x_wconf 85' lang='lat' dir='ltr'>velit,</span> <span class='ocrx_word' id='word_1_27' title='bbox 248 802 465 883; x_wconf 69' lang='lat' dir='ltr'>instigentur</span> <span class='ocrx_word' id='word_1_28' title='bbox 485 802 530 864; x_wconf 93' lang='lat' dir='ltr'>ad</span> <span class='ocrx_word' id='word_1_29' title='bbox 553 812 723 875; x_wconf 84' lang='lat' dir='ltr'>extrema,</span> <span class='ocrx_word' id='word_1_30' title='bbox 742 812 779 866; x_wconf 93' lang='lat' dir='ltr'>et</span> <span class='ocrx_word' id='word_1_31' title='bbox 797 801 947 865; x_wconf 86' lang='lat' dir='ltr'>vicissim</span> <span class='ocrx_word' id='word_1_32' title='bbox 965 823 1056 866; x_wconf 90' lang='lat' dir='ltr'>uxor</span> <span class='ocrx_word' id='word_1_33' title='bbox 1073 804 1103 866; x_wconf 92' lang='lat' dir='ltr'>si</span> <span class='ocrx_word' id='word_1_34' title='bbox 1125 804 1171 866; x_wconf 92' lang='lat' dir='ltr'>de</span> <span class='ocrx_word' id='word_1_35' title='bbox 1190 804 1260 866; x_wconf 86' lang='lat' dir='ltr'>viro</span> 
     </span>
     <span class='ocr_line' id='line_1_5' title="bbox 132 896 1257 981; baseline 0.001 -19"><span class='ocrx_word' id='word_1_36' title='bbox 132 901 266 981; x_wconf 83' lang='lat' dir='ltr'>cogitet</span> <span class='ocrx_word' id='word_1_37' title='bbox 289 899 382 980; x_wconf 92' lang='lat' dir='ltr'>quod</span> <span class='ocrx_word' id='word_1_38' title='bbox 408 899 517 978; x_wconf 84' lang='lat' dir='ltr'>possit</span> <span class='ocrx_word' id='word_1_39' title='bbox 540 908 576 960; x_wconf 91' lang='lat' dir='ltr'>et</span> <span class='ocrx_word' id='word_1_40' title='bbox 599 917 668 960; x_wconf 92' lang='lat' dir='ltr'>non</span> <span class='ocrx_word' id='word_1_41' title='bbox 690 896 788 971; x_wconf 85' lang='lat' dir='ltr'>velit,</span> <span class='ocrx_word' id='word_1_42' title='bbox 811 916 965 960; x_wconf 86' lang='lat' dir='ltr'>amorem</span> <span class='ocrx_word' id='word_1_43' title='bbox 987 917 1087 961; x_wconf 89' lang='lat' dir='ltr'>suum</span> <span class='ocrx_word' id='word_1_44' title='bbox 1106 901 1257 973; x_wconf 88' lang='lat' dir='ltr'>amittat.</span> 
     </span>
     <span class='ocr_line' id='line_1_6' title="bbox 132 993 1259 1076; baseline 0 -19"><span class='ocrx_word' id='word_1_45' title='bbox 132 1006 212 1058; x_wconf 85' lang='lat' dir='ltr'>sunt</span> <span class='ocrx_word' id='word_1_46' title='bbox 232 994 322 1056; x_wconf 91' lang='lat' dir='ltr'>inter</span> <span class='ocrx_word' id='word_1_47' title='bbox 340 995 481 1073; x_wconf 89' lang='lat' dir='ltr'>cognita</span> <span class='ocrx_word' id='word_1_48' title='bbox 498 993 631 1056; x_wconf 90' lang='lat' dir='ltr'>maritis</span> <span class='ocrx_word' id='word_1_49' title='bbox 648 994 706 1075; x_wconf 92' lang='lat' dir='ltr'>qui</span> <span class='ocrx_word' id='word_1_50' title='bbox 723 994 859 1055; x_wconf 86' lang='lat' dir='ltr'>arcanis</span> <span class='ocrx_word' id='word_1_51' title='bbox 877 993 921 1055; x_wconf 98' lang='lat' dir='ltr'>de</span> <span class='ocrx_word' id='word_1_52' title='bbox 939 1012 1058 1056; x_wconf 89' lang='lat' dir='ltr'>amore</span> <span class='ocrx_word' id='word_1_53' title='bbox 1075 994 1259 1076; x_wconf 85' lang='lat' dir='ltr'>conjugiali</span> 
     </span>
     <span class='ocr_line' id='line_1_7' title="bbox 132 1085 1260 1171; baseline 0.002 -21"><span class='ocrx_word' id='word_1_54' title='bbox 132 1089 285 1152; x_wconf 77' lang='lat' dir='ltr'>student.</span> <span class='ocrx_word' id='word_1_55' title='bbox 330 1087 428 1150; x_wconf 93' lang='lat' dir='ltr'>Haec</span> <span class='ocrx_word' id='word_1_56' title='bbox 446 1085 556 1151; x_wconf 87' lang='lat' dir='ltr'>allata</span> <span class='ocrx_word' id='word_1_57' title='bbox 572 1098 652 1151; x_wconf 88' lang='lat' dir='ltr'>sunt</span> <span class='ocrx_word' id='word_1_58' title='bbox 670 1089 777 1151; x_wconf 87' lang='lat' dir='ltr'>etiam</span> <span class='ocrx_word' id='word_1_59' title='bbox 800 1088 846 1151; x_wconf 93' lang='lat' dir='ltr'>ob</span> <span class='ocrx_word' id='word_1_60' title='bbox 868 1086 1042 1162; x_wconf 72' lang='lat' dir='ltr'>tinemut</span> <span class='ocrx_word' id='word_1_61' title='bbox 1065 1088 1260 1171; x_wconf 85' lang='lat' dir='ltr'>perficiatur</span> 
     </span>
     <span class='ocr_line' id='line_1_8' title="bbox 132 1182 1259 1266; baseline 0.002 -20"><span class='ocrx_word' id='word_1_62' title='bbox 132 1183 199 1248; x_wconf 89' lang='lat' dir='ltr'>hoc</span> <span class='ocrx_word' id='word_1_63' title='bbox 228 1203 325 1266; x_wconf 86' lang='lat' dir='ltr'>opus,</span> <span class='ocrx_word' id='word_1_64' title='bbox 348 1194 385 1247; x_wconf 90' lang='lat' dir='ltr'>et</span> <span class='ocrx_word' id='word_1_65' title='bbox 413 1182 653 1264; x_wconf 85' lang='lat' dir='ltr'>compleantur</span> <span class='ocrx_word' id='word_1_66' title='bbox 675 1183 820 1246; x_wconf 84' lang='lat' dir='ltr'>deliciae</span> <span class='ocrx_word' id='word_1_67' title='bbox 846 1184 1038 1264; x_wconf 82' lang='lat' dir='ltr'>sapientiae</span> <span class='ocrx_word' id='word_1_68' title='bbox 1068 1185 1113 1248; x_wconf 92' lang='lat' dir='ltr'>de</span> <span class='ocrx_word' id='word_1_69' title='bbox 1143 1205 1259 1249; x_wconf 90' lang='lat' dir='ltr'>amore</span> 
     </span>
     <span class='ocr_line' id='line_1_9' title="bbox 133 1278 326 1360; baseline -0.01 -19"><span class='ocrx_word' id='word_1_70' title='bbox 133 1278 326 1360; x_wconf 89' lang='lat' dir='ltr'>conjugiali.</span> 
     </span>
    </p>

    <p class='ocr_par' dir='ltr' id='par_1_3' title="bbox 129 1370 1259 3356">
     <span class='ocr_line' id='line_1_10' title="bbox 195 1370 1259 1454; baseline 0.002 -18"><span class='ocrx_word' id='word_1_71' title='bbox 195 1373 298 1438; x_wconf 69' lang='lat'>²6⁰.</span> <span class='ocrx_word' id='word_1_72' title='bbox 322 1371 451 1453; x_wconf 87' lang='lat' dir='ltr'>(xxiv.)</span> <span class='ocrx_word' id='word_1_73' title='bbox 477 1370 575 1449; x_wconf 77' lang='lat' dir='ltr'>Quod</span> <span class='ocrx_word' id='word_1_74' title='bbox 586 1371 673 1434; x_wconf 76' lang='lat' dir='ltr'>sicut</span> <span class='ocrx_word' id='word_1_75' title='bbox 684 1372 808 1454; x_wconf 66' lang='lat' dir='ltr'>frigus</span> <span class='ocrx_word' id='word_1_76' title='bbox 824 1382 878 1435; x_wconf 87' lang='lat' dir='ltr'>est</span> <span class='ocrx_word' id='word_1_77' title='bbox 897 1373 933 1436; x_wconf 81' lang='lat' dir='ltr'>in</span> <span class='ocrx_word' id='word_1_78' title='bbox 956 1384 1072 1448; x_wconf 81' lang='lat' dir='ltr'>mente,</span> <span class='ocrx_word' id='word_1_79' title='bbox 1091 1374 1195 1438; x_wconf 71' lang='lat' dir='ltr'>etaiam</span> <span class='ocrx_word' id='word_1_80' title='bbox 1213 1374 1259 1438; x_wconf 77' lang='lat' dir='ltr'>sit</span> 
     </span>
     <span class='ocr_line' id='line_1_11' title="bbox 132 1466 1257 1548; baseline 0.001 -17"><span class='ocrx_word' id='word_1_81' title='bbox 132 1468 168 1531; x_wconf 80' lang='lat' dir='ltr'>in</span> <span class='ocrx_word' id='word_1_82' title='bbox 195 1478 354 1548; x_wconf 78' lang='lat' dir='ltr'>corpore,·</span> <span class='ocrx_word' id='word_1_83' title='bbox 384 1477 418 1528; x_wconf 83' lang='lat' dir='ltr'>et</span> <span class='ocrx_word' id='word_1_84' title='bbox 447 1467 538 1548; x_wconf 78' lang='lat' dir='ltr'>quod</span> <span class='ocrx_word' id='word_1_85' title='bbox 551 1466 728 1529; x_wconf 81' lang='lat' dir='ltr'>secundum</span> <span class='ocrx_word' id='word_1_86' title='bbox 750 1467 905 1548; x_wconf 68' lang='lat' dir='ltr'>frigoris</span> <span class='ocrx_word' id='word_1_87' title='bbox 926 1467 1021 1531; x_wconf 83' lang='lat' dir='ltr'>illius</span> <span class='ocrx_word' id='word_1_88' title='bbox 1044 1469 1257 1544; x_wconf 82' lang='lat' dir='ltr'>incrementa,</span> 
     </span>
     <span class='ocr_line' id='line_1_12' title="bbox 130 1560 1258 1646; baseline 0 -21"><span class='ocrx_word' id='word_1_89' title='bbox 130 1562 334 1626; x_wconf 76' lang='lat' dir='ltr'>claudantur</span> <span class='ocrx_word' id='word_1_90' title='bbox 354 1560 456 1623; x_wconf 73' lang='lat' dir='ltr'>etim</span> <span class='ocrx_word' id='word_1_91' title='bbox 476 1571 615 1622; x_wconf 82' lang='lat' dir='ltr'>externa</span> <span class='ocrx_word' id='word_1_92' title='bbox 636 1561 1003 1641; x_wconf 56' lang='lat' dir='ltr'>carpente-Creditur</span> <span class='ocrx_word' id='word_1_93' title='bbox 1025 1562 1142 1638; x_wconf 86' lang='lat' dir='ltr'>hodie,</span> <span class='ocrx_word' id='word_1_94' title='bbox 1167 1563 1258 1646; x_wconf 89' lang='lat' dir='ltr'>quod</span> 
     </span>
     <span class='ocr_line' id='line_1_13' title="bbox 133 1655 1257 1739; baseline 0.001 -19"><span class='ocrx_word' id='word_1_95' title='bbox 133 1676 230 1720; x_wconf 90' lang='lat' dir='ltr'>mens</span> <span class='ocrx_word' id='word_1_96' title='bbox 248 1657 397 1720; x_wconf 86' lang='lat' dir='ltr'>hominis</span> <span class='ocrx_word' id='word_1_97' title='bbox 415 1657 459 1719; x_wconf 93' lang='lat' dir='ltr'>sit</span> <span class='ocrx_word' id='word_1_98' title='bbox 478 1657 513 1718; x_wconf 93' lang='lat' dir='ltr'>in</span> <span class='ocrx_word' id='word_1_99' title='bbox 532 1657 659 1737; x_wconf 86' lang='lat' dir='ltr'>capite,</span> <span class='ocrx_word' id='word_1_100' title='bbox 678 1665 714 1719; x_wconf 92' lang='lat' dir='ltr'>et</span> <span class='ocrx_word' id='word_1_101' title='bbox 732 1656 815 1719; x_wconf 89' lang='lat' dir='ltr'>nihil</span> <span class='ocrx_word' id='word_1_102' title='bbox 834 1655 906 1736; x_wconf 90' lang='lat' dir='ltr'>ejus</span> <span class='ocrx_word' id='word_1_103' title='bbox 929 1658 963 1719; x_wconf 94' lang='lat' dir='ltr'>in</span> <span class='ocrx_word' id='word_1_104' title='bbox 985 1677 1153 1739; x_wconf 85' lang='lat' dir='ltr'>corpore;</span> <span class='ocrx_word' id='word_1_105' title='bbox 1181 1677 1257 1722; x_wconf 92' lang='lat' dir='ltr'>cum</span> 
     </span>
     <span class='ocr_line' id='line_1_14' title="bbox 132 1752 1256 1834; baseline 0 -19"><span class='ocrx_word' id='word_1_106' title='bbox 132 1763 251 1815; x_wconf 86' lang='lat' dir='ltr'>tamen</span> <span class='ocrx_word' id='word_1_107' title='bbox 269 1761 305 1815; x_wconf 89' lang='lat' dir='ltr'>et</span> <span class='ocrx_word' id='word_1_108' title='bbox 326 1752 440 1813; x_wconf 90' lang='lat' dir='ltr'>anima</span> <span class='ocrx_word' id='word_1_109' title='bbox 462 1760 499 1813; x_wconf 91' lang='lat' dir='ltr'>et</span> <span class='ocrx_word' id='word_1_110' title='bbox 521 1770 620 1813; x_wconf 86' lang='lat' dir='ltr'>mens</span> <span class='ocrx_word' id='word_1_111' title='bbox 637 1763 692 1814; x_wconf 91' lang='lat' dir='ltr'>est</span> <span class='ocrx_word' id='word_1_112' title='bbox 711 1762 784 1814; x_wconf 90' lang='lat' dir='ltr'>tam</span> <span class='ocrx_word' id='word_1_113' title='bbox 807 1752 841 1814; x_wconf 91' lang='lat' dir='ltr'>in</span> <span class='ocrx_word' id='word_1_114' title='bbox 864 1753 978 1833; x_wconf 88' lang='lat' dir='ltr'>capite</span> <span class='ocrx_word' id='word_1_115' title='bbox 996 1773 1100 1834; x_wconf 89' lang='lat' dir='ltr'>quam</span> <span class='ocrx_word' id='word_1_116' title='bbox 1123 1755 1158 1817; x_wconf 91' lang='lat' dir='ltr'>in</span> <span class='ocrx_word' id='word_1_117' title='bbox 1181 1773 1256 1816; x_wconf 91' lang='lat' dir='ltr'>cor·</span> 
     </span>
     <span class='ocr_line' id='line_1_15' title="bbox 132 1844 1256 1928; baseline 0.002 -20"><span class='ocrx_word' id='word_1_118' title='bbox 132 1865 226 1928; x_wconf 87' lang='lat' dir='ltr'>pore,</span> <span class='ocrx_word' id='word_1_119' title='bbox 247 1855 301 1908; x_wconf 90' lang='lat' dir='ltr'>est</span> <span class='ocrx_word' id='word_1_120' title='bbox 324 1846 415 1908; x_wconf 91' lang='lat' dir='ltr'>enim</span> <span class='ocrx_word' id='word_1_121' title='bbox 438 1845 551 1907; x_wconf 88' lang='lat' dir='ltr'>anima</span> <span class='ocrx_word' id='word_1_122' title='bbox 572 1854 609 1907; x_wconf 91' lang='lat' dir='ltr'>et</span> <span class='ocrx_word' id='word_1_123' title='bbox 633 1864 730 1907; x_wconf 87' lang='lat' dir='ltr'>mens</span> <span class='ocrx_word' id='word_1_124' title='bbox 752 1844 868 1920; x_wconf 83' lang='lat' dir='ltr'>homo,</span> <span class='ocrx_word' id='word_1_125' title='bbox 892 1857 1037 1928; x_wconf 90' lang='lat' dir='ltr'>utraque</span> <span class='ocrx_word' id='word_1_126' title='bbox 1060 1848 1153 1910; x_wconf 89' lang='lat' dir='ltr'>enim</span> <span class='ocrx_word' id='word_1_127' title='bbox 1175 1847 1256 1911; x_wconf 80' lang='lat' dir='ltr'>iacit</span> 
     </span>
     <span class='ocr_line' id='line_1_16' title="bbox 131 1940 1256 2023; baseline 0.002 -19"><span class='ocrx_word' id='word_1_128' title='bbox 131 1941 298 2023; x_wconf 83' lang='lat' dir='ltr'>spiritum,</span> <span class='ocrx_word' id='word_1_129' title='bbox 318 1941 374 2022; x_wconf 93' lang='lat' dir='ltr'>qui</span> <span class='ocrx_word' id='word_1_130' title='bbox 393 1949 473 2021; x_wconf 90' lang='lat' dir='ltr'>post</span> <span class='ocrx_word' id='word_1_131' title='bbox 493 1950 641 2003; x_wconf 94' lang='lat' dir='ltr'>mortem</span> <span class='ocrx_word' id='word_1_132' title='bbox 660 1940 765 2017; x_wconf 87' lang='lat' dir='ltr'>vivit;</span> <span class='ocrx_word' id='word_1_133' title='bbox 789 1941 845 2021; x_wconf 92' lang='lat' dir='ltr'>qui</span> <span class='ocrx_word' id='word_1_134' title='bbox 863 1940 955 2022; x_wconf 91' lang='lat' dir='ltr'>quod</span> <span class='ocrx_word' id='word_1_135' title='bbox 978 1943 1022 2004; x_wconf 91' lang='lat' dir='ltr'>sit</span> <span class='ocrx_word' id='word_1_136' title='bbox 1046 1942 1081 2005; x_wconf 92' lang='lat' dir='ltr'>in</span> <span class='ocrx_word' id='word_1_137' title='bbox 1105 1940 1256 2023; x_wconf 69' lang='lat' dir='ltr'>perfetta</span> 
     </span>
     <span class='ocr_line' id='line_1_17' title="bbox 131 2031 1256 2117; baseline 0.002 -19"><span class='ocrx_word' id='word_1_138' title='bbox 131 2035 240 2099; x_wconf 85' lang='lat' dir='ltr'>sorma</span> <span class='ocrx_word' id='word_1_139' title='bbox 261 2035 422 2108; x_wconf 88' lang='lat' dir='ltr'>humana,</span> <span class='ocrx_word' id='word_1_140' title='bbox 440 2036 475 2097; x_wconf 91' lang='lat' dir='ltr'>iu</span> <span class='ocrx_word' id='word_1_141' title='bbox 498 2031 787 2097; x_wconf 72' lang='lat' dir='ltr'>transaetionibus</span> <span class='ocrx_word' id='word_1_142' title='bbox 806 2037 934 2098; x_wconf 91' lang='lat' dir='ltr'>nostris</span> <span class='ocrx_word' id='word_1_143' title='bbox 954 2035 1055 2117; x_wconf 86' lang='lat' dir='ltr'>plene</span> <span class='ocrx_word' id='word_1_144' title='bbox 1075 2047 1256 2100; x_wconf 90' lang='lat' dir='ltr'>ostensum</span> 
     </span>
     <span class='ocr_line' id='line_1_18' title="bbox 131 2127 1255 2212; baseline 0.001 -18"><span class='ocrx_word' id='word_1_145' title='bbox 131 2142 207 2194; x_wconf 88' lang='lat' dir='ltr'>est:</span> <span class='ocrx_word' id='word_1_146' title='bbox 237 2131 316 2193; x_wconf 90' lang='lat' dir='ltr'>inde</span> <span class='ocrx_word' id='word_1_147' title='bbox 339 2140 405 2203; x_wconf 87' lang='lat' dir='ltr'>est,</span> <span class='ocrx_word' id='word_1_148' title='bbox 428 2127 519 2211; x_wconf 92' lang='lat' dir='ltr'>quod</span> <span class='ocrx_word' id='word_1_149' title='bbox 543 2139 581 2192; x_wconf 94' lang='lat' dir='ltr'>ut</span> <span class='ocrx_word' id='word_1_150' title='bbox 605 2130 749 2210; x_wconf 91' lang='lat' dir='ltr'>primum</span> <span class='ocrx_word' id='word_1_151' title='bbox 772 2129 877 2192; x_wconf 94' lang='lat' dir='ltr'>homo</span> <span class='ocrx_word' id='word_1_152' title='bbox 900 2130 1026 2212; x_wconf 90' lang='lat' dir='ltr'>aliquid</span> <span class='ocrx_word' id='word_1_153' title='bbox 1050 2132 1198 2212; x_wconf 84' lang='lat' dir='ltr'>cogitat,</span> <span class='ocrx_word' id='word_1_154' title='bbox 1222 2132 1255 2195; x_wconf 93' lang='lat' dir='ltr'>id</span> 
     </span>
     <span class='ocr_line' id='line_1_19' title="bbox 131 2223 1255 2309; baseline 0.001 -21"><span class='ocrx_word' id='word_1_155' title='bbox 131 2227 239 2309; x_wconf 87' lang='lat' dir='ltr'>possit</span> <span class='ocrx_word' id='word_1_156' title='bbox 258 2226 292 2288; x_wconf 91' lang='lat' dir='ltr'>in</span> <span class='ocrx_word' id='word_1_157' title='bbox 310 2225 454 2287; x_wconf 91' lang='lat' dir='ltr'>instanti</span> <span class='ocrx_word' id='word_1_158' title='bbox 471 2223 585 2305; x_wconf 90' lang='lat' dir='ltr'>eloqui</span> <span class='ocrx_word' id='word_1_159' title='bbox 607 2244 653 2285; x_wconf 87' lang='lat' dir='ltr'>ex</span> <span class='ocrx_word' id='word_1_160' title='bbox 677 2245 737 2287; x_wconf 91' lang='lat' dir='ltr'>ore</span> <span class='ocrx_word' id='word_1_161' title='bbox 755 2225 919 2304; x_wconf 89' lang='lat' dir='ltr'>corporis,</span> <span class='ocrx_word' id='word_1_162' title='bbox 939 2235 975 2288; x_wconf 93' lang='lat' dir='ltr'>et</span> <span class='ocrx_word' id='word_1_163' title='bbox 998 2225 1100 2288; x_wconf 90' lang='lat' dir='ltr'>simul</span> <span class='ocrx_word' id='word_1_164' title='bbox 1123 2227 1158 2289; x_wconf 93' lang='lat' dir='ltr'>id</span> <span class='ocrx_word' id='word_1_165' title='bbox 1182 2226 1255 2290; x_wconf 88' lang='lat' dir='ltr'>effi·</span> 
     </span>
     <span class='ocr_line' id='line_1_20' title="bbox 130 2318 1254 2403; baseline -0.001 -19"><span class='ocrx_word' id='word_1_166' title='bbox 130 2323 223 2403; x_wconf 90' lang='lat' dir='ltr'>giare</span> <span class='ocrx_word' id='word_1_167' title='bbox 247 2330 368 2402; x_wconf 87' lang='lat' dir='ltr'>gestu;</span> <span class='ocrx_word' id='word_1_168' title='bbox 392 2329 427 2382; x_wconf 95' lang='lat' dir='ltr'>et</span> <span class='ocrx_word' id='word_1_169' title='bbox 446 2318 537 2401; x_wconf 92' lang='lat' dir='ltr'>quod</span> <span class='ocrx_word' id='word_1_170' title='bbox 556 2329 595 2381; x_wconf 90' lang='lat' dir='ltr'>ut</span> <span class='ocrx_word' id='word_1_171' title='bbox 614 2319 758 2399; x_wconf 92' lang='lat' dir='ltr'>primum</span> <span class='ocrx_word' id='word_1_172' title='bbox 775 2318 903 2402; x_wconf 88' lang='lat' dir='ltr'>aliquid</span> <span class='ocrx_word' id='word_1_173' title='bbox 922 2319 1009 2392; x_wconf 85' lang='lat' dir='ltr'>vult.</span> <span class='ocrx_word' id='word_1_174' title='bbox 1030 2321 1064 2383; x_wconf 94' lang='lat' dir='ltr'>id</span> <span class='ocrx_word' id='word_1_175' title='bbox 1084 2323 1198 2402; x_wconf 89' lang='lat' dir='ltr'>possit</span> <span class='ocrx_word' id='word_1_176' title='bbox 1220 2322 1254 2384; x_wconf 93' lang='lat' dir='ltr'>in</span> 
     </span>
     <span class='ocr_line' id='line_1_21' title="bbox 129 2413 1254 2498; baseline -0.001 -17"><span class='ocrx_word' id='word_1_177' title='bbox 129 2418 274 2482; x_wconf 87' lang='lat' dir='ltr'>instanti</span> <span class='ocrx_word' id='word_1_178' title='bbox 292 2436 396 2497; x_wconf 88' lang='lat' dir='ltr'>agere</span> <span class='ocrx_word' id='word_1_179' title='bbox 414 2425 450 2478; x_wconf 89' lang='lat' dir='ltr'>et</span> <span class='ocrx_word' id='word_1_180' title='bbox 473 2413 609 2477; x_wconf 87' lang='lat' dir='ltr'>efficere</span> <span class='ocrx_word' id='word_1_181' title='bbox 628 2433 689 2494; x_wconf 89' lang='lat' dir='ltr'>per</span> <span class='ocrx_word' id='word_1_182' title='bbox 707 2414 862 2478; x_wconf 91' lang='lat' dir='ltr'>membra</span> <span class='ocrx_word' id='word_1_183' title='bbox 880 2417 1053 2496; x_wconf 90' lang='lat' dir='ltr'>corporis;</span> <span class='ocrx_word' id='word_1_184' title='bbox 1076 2437 1165 2498; x_wconf 90' lang='lat' dir='ltr'>quae</span> <span class='ocrx_word' id='word_1_185' title='bbox 1185 2437 1254 2481; x_wconf 91' lang='lat' dir='ltr'>non</span> 
     </span>
     <span class='ocr_line' id='line_1_22' title="bbox 130 2510 1257 2591; baseline 0 -15"><span class='ocrx_word' id='word_1_186' title='bbox 130 2513 262 2586; x_wconf 86' lang='lat' dir='ltr'>fierent,</span> <span class='ocrx_word' id='word_1_187' title='bbox 283 2513 309 2574; x_wconf 88' lang='lat' dir='ltr'>si</span> <span class='ocrx_word' id='word_1_188' title='bbox 333 2531 400 2573; x_wconf 92' lang='lat' dir='ltr'>non</span> <span class='ocrx_word' id='word_1_189' title='bbox 421 2510 535 2572; x_wconf 92' lang='lat' dir='ltr'>anima</span> <span class='ocrx_word' id='word_1_190' title='bbox 553 2520 591 2572; x_wconf 93' lang='lat' dir='ltr'>et</span> <span class='ocrx_word' id='word_1_191' title='bbox 610 2528 707 2571; x_wconf 91' lang='lat' dir='ltr'>mens</span> <span class='ocrx_word' id='word_1_192' title='bbox 726 2510 826 2572; x_wconf 90' lang='lat' dir='ltr'>simul</span> <span class='ocrx_word' id='word_1_193' title='bbox 848 2511 882 2572; x_wconf 94' lang='lat' dir='ltr'>in</span> <span class='ocrx_word' id='word_1_194' title='bbox 905 2530 1049 2591; x_wconf 90' lang='lat' dir='ltr'>corpore</span> <span class='ocrx_word' id='word_1_195' title='bbox 1068 2522 1199 2583; x_wconf 89' lang='lat' dir='ltr'>essent,</span> <span class='ocrx_word' id='word_1_196' title='bbox 1219 2523 1257 2576; x_wconf 89' lang='lat' dir='ltr'>et</span> 
     </span>
     <span class='ocr_line' id='line_1_23' title="bbox 129 2603 1257 2686; baseline -0.002 -14"><span class='ocrx_word' id='word_1_197' title='bbox 129 2609 281 2672; x_wconf 81' lang='lat' dir='ltr'>lacerent</span> <span class='ocrx_word' id='word_1_198' title='bbox 305 2604 516 2686; x_wconf 90' lang='lat' dir='ltr'>spiritualem</span> <span class='ocrx_word' id='word_1_199' title='bbox 540 2603 610 2686; x_wconf 88' lang='lat' dir='ltr'>ejus</span> <span class='ocrx_word' id='word_1_200' title='bbox 633 2603 819 2667; x_wconf 90' lang='lat' dir='ltr'>hominem.</span> <span class='ocrx_word' id='word_1_201' title='bbox 864 2603 952 2668; x_wconf 89' lang='lat' dir='ltr'>Cum</span> <span class='ocrx_word' id='word_1_202' title='bbox 981 2607 1032 2669; x_wconf 91' lang='lat' dir='ltr'>ita</span> <span class='ocrx_word' id='word_1_203' title='bbox 1055 2615 1122 2679; x_wconf 82' lang='lat' dir='ltr'>est,</span> <span class='ocrx_word' id='word_1_204' title='bbox 1147 2608 1257 2671; x_wconf 90' lang='lat' dir='ltr'>videri</span> 
     </span>
     <span class='ocr_line' id='line_1_24' title="bbox 131 2699 1256 2784; baseline 0 -19"><span class='ocrx_word' id='word_1_205' title='bbox 131 2712 259 2784; x_wconf 88' lang='lat' dir='ltr'>potest,</span> <span class='ocrx_word' id='word_1_206' title='bbox 280 2700 370 2783; x_wconf 91' lang='lat' dir='ltr'>quod</span> <span class='ocrx_word' id='word_1_207' title='bbox 394 2700 475 2762; x_wconf 92' lang='lat' dir='ltr'>dum</span> <span class='ocrx_word' id='word_1_208' title='bbox 498 2719 594 2762; x_wconf 89' lang='lat' dir='ltr'>amor</span> <span class='ocrx_word' id='word_1_209' title='bbox 616 2699 818 2780; x_wconf 88' lang='lat' dir='ltr'>conjugialis</span> <span class='ocrx_word' id='word_1_210' title='bbox 836 2709 890 2762; x_wconf 88' lang='lat' dir='ltr'>est</span> <span class='ocrx_word' id='word_1_211' title='bbox 914 2700 947 2763; x_wconf 91' lang='lat' dir='ltr'>in</span> <span class='ocrx_word' id='word_1_212' title='bbox 972 2712 1100 2772; x_wconf 86' lang='lat' dir='ltr'>mente.</span> <span class='ocrx_word' id='word_1_213' title='bbox 1120 2703 1167 2765; x_wconf 87' lang='lat' dir='ltr'>sit</span> <span class='ocrx_word' id='word_1_214' title='bbox 1191 2702 1256 2765; x_wconf 91' lang='lat' dir='ltr'>sibi</span> 
     </span>
     <span class='ocr_line' id='line_1_25' title="bbox 130 2795 1257 2879; baseline 0.003 -19"><span class='ocrx_word' id='word_1_215' title='bbox 130 2797 249 2860; x_wconf 89' lang='lat' dir='ltr'>similis</span> <span class='ocrx_word' id='word_1_216' title='bbox 271 2797 305 2858; x_wconf 92' lang='lat' dir='ltr'>in</span> <span class='ocrx_word' id='word_1_217' title='bbox 328 2814 493 2874; x_wconf 84' lang='lat' dir='ltr'>corpore;</span> <span class='ocrx_word' id='word_1_218' title='bbox 524 2804 560 2857; x_wconf 91' lang='lat' dir='ltr'>et</span> <span class='ocrx_word' id='word_1_219' title='bbox 584 2796 662 2876; x_wconf 90' lang='lat' dir='ltr'>quia</span> <span class='ocrx_word' id='word_1_220' title='bbox 685 2815 781 2858; x_wconf 90' lang='lat' dir='ltr'>amor</span> <span class='ocrx_word' id='word_1_221' title='bbox 803 2805 857 2858; x_wconf 92' lang='lat' dir='ltr'>est</span> <span class='ocrx_word' id='word_1_222' title='bbox 880 2795 984 2870; x_wconf 85' lang='lat' dir='ltr'>calor,</span> <span class='ocrx_word' id='word_1_223' title='bbox 1005 2797 1097 2878; x_wconf 90' lang='lat' dir='ltr'>quod</span> <span class='ocrx_word' id='word_1_224' title='bbox 1121 2800 1257 2879; x_wconf 88' lang='lat' dir='ltr'>aperiat</span> 
     </span>
     <span class='ocr_line' id='line_1_26' title="bbox 130 2890 1257 2975; baseline 0.003 -20"><span class='ocrx_word' id='word_1_225' title='bbox 130 2893 174 2956; x_wconf 87' lang='lat' dir='ltr'>ab</span> <span class='ocrx_word' id='word_1_226' title='bbox 202 2891 419 2954; x_wconf 90' lang='lat' dir='ltr'>interioribus</span> <span class='ocrx_word' id='word_1_227' title='bbox 449 2899 596 2953; x_wconf 88' lang='lat' dir='ltr'>externa</span> <span class='ocrx_word' id='word_1_228' title='bbox 625 2890 797 2972; x_wconf 91' lang='lat' dir='ltr'>corporis;</span> <span class='ocrx_word' id='word_1_229' title='bbox 831 2890 978 2953; x_wconf 92' lang='lat' dir='ltr'>vicissim</span> <span class='ocrx_word' id='word_1_230' title='bbox 1008 2901 1136 2965; x_wconf 84' lang='lat' dir='ltr'>autem,</span> <span class='ocrx_word' id='word_1_231' title='bbox 1161 2895 1257 2975; x_wconf 91' lang='lat' dir='ltr'>quod</span> 
     </span>
     <span class='ocr_line' id='line_1_27' title="bbox 130 2984 1257 3069; baseline 0.003 -20"><span class='ocrx_word' id='word_1_232' title='bbox 130 2988 330 3069; x_wconf 87' lang='lat' dir='ltr'>privativum</span> <span class='ocrx_word' id='word_1_233' title='bbox 354 2984 435 3065; x_wconf 88' lang='lat' dir='ltr'>ejus,</span> <span class='ocrx_word' id='word_1_234' title='bbox 454 2985 546 3067; x_wconf 92' lang='lat' dir='ltr'>quod</span> <span class='ocrx_word' id='word_1_235' title='bbox 569 2994 623 3048; x_wconf 89' lang='lat' dir='ltr'>est</span> <span class='ocrx_word' id='word_1_236' title='bbox 645 2985 761 3066; x_wconf 81' lang='lat' dir='ltr'>frigus,</span> <span class='ocrx_word' id='word_1_237' title='bbox 782 2985 944 3048; x_wconf 89' lang='lat' dir='ltr'>occludat</span> <span class='ocrx_word' id='word_1_238' title='bbox 967 2986 1011 3049; x_wconf 88' lang='lat' dir='ltr'>ab</span> <span class='ocrx_word' id='word_1_239' title='bbox 1033 2987 1257 3052; x_wconf 90' lang='lat' dir='ltr'>interioribus</span> 
     </span>
     <span class='ocr_line' id='line_1_28' title="bbox 130 3079 1258 3161; baseline 0.003 -16"><span class='ocrx_word' id='word_1_240' title='bbox 130 3092 277 3145; x_wconf 88' lang='lat' dir='ltr'>externa</span> <span class='ocrx_word' id='word_1_241' title='bbox 296 3080 465 3159; x_wconf 90' lang='lat' dir='ltr'>corporis:</span> <span class='ocrx_word' id='word_1_242' title='bbox 496 3100 541 3142; x_wconf 86' lang='lat' dir='ltr'>ex</span> <span class='ocrx_word' id='word_1_243' title='bbox 565 3079 617 3143; x_wconf 92' lang='lat' dir='ltr'>his</span> <span class='ocrx_word' id='word_1_244' title='bbox 636 3079 817 3143; x_wconf 83' lang='lat' dir='ltr'>manifeste</span> <span class='ocrx_word' id='word_1_245' title='bbox 840 3090 938 3161; x_wconf 88' lang='lat' dir='ltr'>patet</span> <span class='ocrx_word' id='word_1_246' title='bbox 958 3100 1061 3143; x_wconf 90' lang='lat' dir='ltr'>causa</span> <span class='ocrx_word' id='word_1_247' title='bbox 1078 3081 1258 3147; x_wconf 84' lang='lat' dir='ltr'>facultatis</span> 
     </span>
     <span class='ocr_line' id='line_1_29' title="bbox 129 3175 1259 3258; baseline 0.001 -17"><span class='ocrx_word' id='word_1_248' title='bbox 129 3180 164 3241; x_wconf 93' lang='lat' dir='ltr'>in</span> <span class='ocrx_word' id='word_1_249' title='bbox 194 3187 370 3239; x_wconf 87' lang='lat' dir='ltr'>aeternum</span> <span class='ocrx_word' id='word_1_250' title='bbox 395 3176 580 3254; x_wconf 88' lang='lat' dir='ltr'>perstantis</span> <span class='ocrx_word' id='word_1_251' title='bbox 609 3176 700 3258; x_wconf 87' lang='lat' dir='ltr'>apud</span> <span class='ocrx_word' id='word_1_252' title='bbox 730 3175 885 3257; x_wconf 84' lang='lat' dir='ltr'>angelos,</span> <span class='ocrx_word' id='word_1_253' title='bbox 906 3184 941 3238; x_wconf 90' lang='lat' dir='ltr'>et</span> <span class='ocrx_word' id='word_1_254' title='bbox 973 3195 1076 3238; x_wconf 90' lang='lat' dir='ltr'>causa</span> <span class='ocrx_word' id='word_1_255' title='bbox 1100 3175 1259 3243; x_wconf 65' lang='lat' dir='ltr'>defectus</span> 
     </span>
     <span class='ocr_line' id='line_1_30' title="bbox 129 3270 555 3356; baseline -0.012 -18"><span class='ocrx_word' id='word_1_256' title='bbox 129 3272 219 3356; x_wconf 89' lang='lat' dir='ltr'>apud</span> <span class='ocrx_word' id='word_1_257' title='bbox 238 3271 394 3334; x_wconf 89' lang='lat' dir='ltr'>homines</span> <span class='ocrx_word' id='word_1_258' title='bbox 411 3270 555 3351; x_wconf 81' lang='lat' dir='ltr'>frigoris.</span> 
     </span>
    </p>
   </div>
   <div class='ocr_carea' id='block_1_3' title="bbox 129 3438 1196 3521">
    <p class='ocr_par' dir='ltr' id='par_1_4' title="bbox 129 3438 1196 3521">
     <span class='ocr_line' id='line_1_31' title="bbox 129 3438 1196 3521; baseline -0.001 -13"><span class='ocrx_word' id='word_1_259' title='bbox 129 3442 226 3508; x_wconf 74' lang='lat'>261·</span> <span class='ocrx_word' id='word_1_260' title='bbox 259 3438 323 3503; x_wconf 89' lang='lat' dir='ltr'>His</span> <span class='ocrx_word' id='word_1_261' title='bbox 342 3439 497 3521; x_wconf 85' lang='lat' dir='ltr'>adjiciam</span> <span class='ocrx_word' id='word_1_262' title='bbox 517 3440 582 3504; x_wconf 86' lang='lat' dir='ltr'>tria</span> <span class='ocrx_word' id='word_1_263' title='bbox 600 3439 848 3504; x_wconf 85' lang='lat' dir='ltr'>Memorabilia.</span> <span class='ocrx_word' id='word_1_264' title='bbox 893 3441 1038 3506; x_wconf 90' lang='lat' dir='ltr'>Primum</span> <span class='ocrx_word' id='word_1_265' title='bbox 1058 3442 1196 3507; x_wconf 85' lang='lat' dir='ltr'>hoc:-</span> 
     </span>
    </p>
   </div>
   <div class='ocr_carea' id='block_1_4' title="bbox 129 3553 1258 4505">
    <p class='ocr_par' dir='ltr' id='par_1_5' title="bbox 129 3553 1258 4505">
     <span class='ocr_line' id='line_1_32' title="bbox 186 3553 1258 3626; baseline 0.004 -17"><span class='ocrx_word' id='word_1_266' title='bbox 186 3554 220 3610; x_wconf 91' lang='lat' dir='ltr'>ln</span> <span class='ocrx_word' id='word_1_267' title='bbox 236 3554 324 3624; x_wconf 80' lang='lat' dir='ltr'>plaga</span> <span class='ocrx_word' id='word_1_268' title='bbox 338 3553 566 3623; x_wconf 88' lang='lat' dir='ltr'>septentrionali</span> <span class='ocrx_word' id='word_1_269' title='bbox 582 3554 736 3624; x_wconf 88' lang='lat' dir='ltr'>superiore</span> <span class='ocrx_word' id='word_1_270' title='bbox 754 3570 848 3626; x_wconf 91' lang='lat' dir='ltr'>prope</span> <span class='ocrx_word' id='word_1_271' title='bbox 866 3555 905 3610; x_wconf 90' lang='lat' dir='ltr'>ad</span> <span class='ocrx_word' id='word_1_272' title='bbox 923 3555 1068 3610; x_wconf 87' lang='lat' dir='ltr'>orientem</span> <span class='ocrx_word' id='word_1_273' title='bbox 1088 3555 1119 3610; x_wconf 91' lang='lat' dir='ltr'>in</span> <span class='ocrx_word' id='word_1_274' title='bbox 1136 3559 1258 3613; x_wconf 92' lang='lat' dir='ltr'>mundo</span> 
     </span>
     <span class='ocr_line' id='line_1_33' title="bbox 130 3632 1258 3705; baseline 0.002 -14"><span class='ocrx_word' id='word_1_275' title='bbox 130 3633 285 3705; x_wconf 80' lang='lat' dir='ltr'>spirituali.</span> <span class='ocrx_word' id='word_1_276' title='bbox 299 3643 370 3687; x_wconf 88' lang='lat' dir='ltr'>sunt</span> <span class='ocrx_word' id='word_1_277' title='bbox 383 3633 450 3688; x_wconf 87' lang='lat' dir='ltr'>loca</span> <span class='ocrx_word' id='word_1_278' title='bbox 463 3632 668 3688; x_wconf 70' lang='lat' dir='ltr'>instructionis</span> <span class='ocrx_word' id='word_1_279' title='bbox 680 3650 735 3704; x_wconf 93' lang='lat' dir='ltr'>pro</span> <span class='ocrx_word' id='word_1_280' title='bbox 748 3634 856 3704; x_wconf 87' lang='lat' dir='ltr'>pueris,</span> <span class='ocrx_word' id='word_1_281' title='bbox 867 3645 997 3705; x_wconf 89' lang='lat' dir='ltr'>suntque</span> <span class='ocrx_word' id='word_1_282' title='bbox 1009 3650 1064 3704; x_wconf 94' lang='lat' dir='ltr'>pro</span> <span class='ocrx_word' id='word_1_283' title='bbox 1076 3634 1258 3693; x_wconf 89' lang='lat' dir='ltr'>adolescen-</span> 
     </span>
     <span class='ocr_line' id='line_1_34' title="bbox 129 3713 1258 3784; baseline 0.002 -15"><span class='ocrx_word' id='word_1_284' title='bbox 129 3714 218 3776; x_wconf 87' lang='lat' dir='ltr'>tibus.</span> <span class='ocrx_word' id='word_1_285' title='bbox 231 3725 263 3769; x_wconf 91' lang='lat' dir='ltr'>et</span> <span class='ocrx_word' id='word_1_286' title='bbox 275 3723 346 3768; x_wconf 88' lang='lat' dir='ltr'>sunt</span> <span class='ocrx_word' id='word_1_287' title='bbox 359 3729 413 3783; x_wconf 92' lang='lat' dir='ltr'>pro</span> <span class='ocrx_word' id='word_1_288' title='bbox 425 3713 504 3775; x_wconf 85' lang='lat' dir='ltr'>viris,</span> <span class='ocrx_word' id='word_1_289' title='bbox 514 3723 546 3768; x_wconf 90' lang='lat' dir='ltr'>et</span> <span class='ocrx_word' id='word_1_290' title='bbox 557 3729 678 3784; x_wconf 90' lang='lat' dir='ltr'>quoque</span> <span class='ocrx_word' id='word_1_291' title='bbox 691 3730 745 3783; x_wconf 93' lang='lat' dir='ltr'>pro</span> <span class='ocrx_word' id='word_1_292' title='bbox 758 3713 895 3775; x_wconf 76' lang='lat' dir='ltr'>senibusr</span> <span class='ocrx_word' id='word_1_293' title='bbox 914 3713 944 3767; x_wconf 92' lang='lat' dir='ltr'>in</span> <span class='ocrx_word' id='word_1_294' title='bbox 958 3713 1031 3767; x_wconf 90' lang='lat' dir='ltr'>haec</span> <span class='ocrx_word' id='word_1_295' title='bbox 1044 3714 1112 3766; x_wconf 88' lang='lat' dir='ltr'>loca</span> <span class='ocrx_word' id='word_1_296' title='bbox 1124 3716 1258 3770; x_wconf 90' lang='lat' dir='ltr'>mittun·</span> 
     </span>
     <span class='ocr_line' id='line_1_35' title="bbox 129 3791 1257 3863; baseline 0.003 -16"><span class='ocrx_word' id='word_1_297' title='bbox 129 3803 180 3848; x_wconf 90' lang='lat' dir='ltr'>tur</span> <span class='ocrx_word' id='word_1_298' title='bbox 191 3809 297 3848; x_wconf 85' lang='lat' dir='ltr'>omnes</span> <span class='ocrx_word' id='word_1_299' title='bbox 309 3792 360 3863; x_wconf 92' lang='lat' dir='ltr'>qui</span> <span class='ocrx_word' id='word_1_300' title='bbox 375 3791 504 3846; x_wconf 80' lang='lat' dir='ltr'>infantes</span> <span class='ocrx_word' id='word_1_301' title='bbox 517 3793 627 3847; x_wconf 87' lang='lat' dir='ltr'>mortui</span> <span class='ocrx_word' id='word_1_302' title='bbox 640 3803 718 3853; x_wconf 84' lang='lat' dir='ltr'>sunt.</span> <span class='ocrx_word' id='word_1_303' title='bbox 728 3802 759 3847; x_wconf 90' lang='lat' dir='ltr'>et</span> <span class='ocrx_word' id='word_1_304' title='bbox 772 3793 940 3847; x_wconf 87' lang='lat' dir='ltr'>educantur</span> <span class='ocrx_word' id='word_1_305' title='bbox 952 3792 982 3846; x_wconf 90' lang='lat' dir='ltr'>in</span> <span class='ocrx_word' id='word_1_306' title='bbox 994 3792 1094 3854; x_wconf 77' lang='lat' dir='ltr'>caelo:</span> <span class='ocrx_word' id='word_1_307' title='bbox 1112 3792 1257 3850; x_wconf 90' lang='lat' dir='ltr'>similiter</span> 
     </span>
     <span class='ocr_line' id='line_1_36' title="bbox 130 3871 1257 3944; baseline 0.001 -15"><span class='ocrx_word' id='word_1_308' title='bbox 130 3873 160 3929; x_wconf 91' lang='lat' dir='ltr'>in</span> <span class='ocrx_word' id='word_1_309' title='bbox 174 3873 224 3928; x_wconf 92' lang='lat' dir='ltr'>illa</span> <span class='ocrx_word' id='word_1_310' title='bbox 236 3871 402 3942; x_wconf 90' lang='lat' dir='ltr'>omnesqui</span> <span class='ocrx_word' id='word_1_311' title='bbox 415 3888 432 3927; x_wconf 90' lang='lat' dir='ltr'>e</span> <span class='ocrx_word' id='word_1_312' title='bbox 445 3872 559 3926; x_wconf 89' lang='lat' dir='ltr'>mundo</span> <span class='ocrx_word' id='word_1_313' title='bbox 571 3872 690 3926; x_wconf 88' lang='lat' dir='ltr'>noviter</span> <span class='ocrx_word' id='word_1_314' title='bbox 699 3873 872 3935; x_wconf 82' lang='lat' dir='ltr'>adveniunt,</span> <span class='ocrx_word' id='word_1_315' title='bbox 883 3884 913 3927; x_wconf 88' lang='lat' dir='ltr'>et</span> <span class='ocrx_word' id='word_1_316' title='bbox 922 3872 1110 3944; x_wconf 83' lang='lat' dir='ltr'>cognitiones</span> <span class='ocrx_word' id='word_1_317' title='bbox 1120 3874 1160 3928; x_wconf 93' lang='lat' dir='ltr'>de</span> <span class='ocrx_word' id='word_1_318' title='bbox 1167 3876 1257 3931; x_wconf 82' lang='lat' dir='ltr'>caelo</span> 
     </span>
     <span class='ocr_line' id='line_1_37' title="bbox 130 3950 1257 4023; baseline 0.002 -15"><span class='ocrx_word' id='word_1_319' title='bbox 130 3964 161 4008; x_wconf 87' lang='lat' dir='ltr'>et</span> <span class='ocrx_word' id='word_1_320' title='bbox 180 3952 297 4007; x_wconf 78' lang='lat' dir='ltr'>interno</span> <span class='ocrx_word' id='word_1_321' title='bbox 315 3952 494 4007; x_wconf 73' lang='lat' dir='ltr'>desiderant</span> <span class='ocrx_word' id='word_1_322' title='bbox 531 3950 656 4006; x_wconf 71' lang='lat' dir='ltr'>Tradlus</span> <span class='ocrx_word' id='word_1_323' title='bbox 676 3953 725 4007; x_wconf 92' lang='lat' dir='ltr'>ille</span> <span class='ocrx_word' id='word_1_324' title='bbox 743 3963 790 4007; x_wconf 87' lang='lat' dir='ltr'>est</span> <span class='ocrx_word' id='word_1_325' title='bbox 809 3968 902 4023; x_wconf 87' lang='lat' dir='ltr'>prope</span> <span class='ocrx_word' id='word_1_326' title='bbox 920 3952 1076 4014; x_wconf 83' lang='lat' dir='ltr'>orientem,</span> <span class='ocrx_word' id='word_1_327' title='bbox 1091 3962 1126 4006; x_wconf 91' lang='lat' dir='ltr'>ut</span> <span class='ocrx_word' id='word_1_328' title='bbox 1144 3968 1257 4010; x_wconf 83' lang='lat' dir='ltr'>omnes</span> 
     </span>
     <span class='ocr_line' id='line_1_38' title="bbox 131 4031 1257 4103; baseline 0.002 -16"><span class='ocrx_word' id='word_1_329' title='bbox 131 4032 317 4087; x_wconf 76' lang='lat' dir='ltr'>lnstniantur</span> <span class='ocrx_word' id='word_1_330' title='bbox 329 4048 382 4102; x_wconf 92' lang='lat' dir='ltr'>per</span> <span class='ocrx_word' id='word_1_331' title='bbox 395 4031 538 4086; x_wconf 87' lang='lat' dir='ltr'>inlluxum</span> <span class='ocrx_word' id='word_1_332' title='bbox 558 4048 576 4086; x_wconf 87' lang='lat' dir='ltr'>a</span> <span class='ocrx_word' id='word_1_333' title='bbox 590 4031 730 4093; x_wconf 88' lang='lat' dir='ltr'>Domino,</span> <span class='ocrx_word' id='word_1_334' title='bbox 745 4031 894 4087; x_wconf 90' lang='lat' dir='ltr'>Dominus</span> <span class='ocrx_word' id='word_1_335' title='bbox 906 4031 986 4085; x_wconf 90' lang='lat' dir='ltr'>enim</span> <span class='ocrx_word' id='word_1_336' title='bbox 1000 4041 1046 4086; x_wconf 90' lang='lat' dir='ltr'>est</span> <span class='ocrx_word' id='word_1_337' title='bbox 1058 4032 1168 4093; x_wconf 81' lang='lat' dir='ltr'>oriens,</span> <span class='ocrx_word' id='word_1_338' title='bbox 1181 4034 1257 4103; x_wconf 89' lang='lat' dir='ltr'>quia</span> 
     </span>
     <span class='ocr_line' id='line_1_39' title="bbox 129 4108 1255 4183; baseline -0.001 -15"><span class='ocrx_word' id='word_1_339' title='bbox 129 4123 176 4169; x_wconf 80' lang='lat' dir='ltr'>est</span> <span class='ocrx_word' id='word_1_340' title='bbox 189 4112 219 4167; x_wconf 91' lang='lat' dir='ltr'>in</span> <span class='ocrx_word' id='word_1_341' title='bbox 233 4112 296 4168; x_wconf 87' lang='lat' dir='ltr'>sole</span> <span class='ocrx_word' id='word_1_342' title='bbox 309 4111 357 4174; x_wconf 88' lang='lat' dir='ltr'>ibi.</span> <span class='ocrx_word' id='word_1_343' title='bbox 374 4111 425 4183; x_wconf 90' lang='lat' dir='ltr'>qui</span> <span class='ocrx_word' id='word_1_344' title='bbox 444 4112 482 4166; x_wconf 88' lang='lat' dir='ltr'>ab</span> <span class='ocrx_word' id='word_1_345' title='bbox 503 4110 572 4182; x_wconf 89' lang='lat' dir='ltr'>lpso</span> <span class='ocrx_word' id='word_1_346' title='bbox 587 4121 634 4166; x_wconf 85' lang='lat' dir='ltr'>est</span> <span class='ocrx_word' id='word_1_347' title='bbox 653 4128 744 4181; x_wconf 91' lang='lat' dir='ltr'>purus</span> <span class='ocrx_word' id='word_1_348' title='bbox 757 4127 856 4173; x_wconf 84' lang='lat' dir='ltr'>amor;</span> <span class='ocrx_word' id='word_1_349' title='bbox 875 4111 945 4166; x_wconf 92' lang='lat' dir='ltr'>inde</span> <span class='ocrx_word' id='word_1_350' title='bbox 959 4110 1041 4165; x_wconf 87' lang='lat' dir='ltr'>calor</span> <span class='ocrx_word' id='word_1_351' title='bbox 1058 4125 1095 4164; x_wconf 87' lang='lat' dir='ltr'>ex</span> <span class='ocrx_word' id='word_1_352' title='bbox 1114 4108 1168 4164; x_wconf 91' lang='lat' dir='ltr'>illo</span> <span class='ocrx_word' id='word_1_353' title='bbox 1187 4113 1255 4169; x_wconf 90' lang='lat' dir='ltr'>sole</span> 
     </span>
     <span class='ocr_line' id='line_1_40' title="bbox 131 4189 1256 4260; baseline 0.001 -14"><span class='ocrx_word' id='word_1_354' title='bbox 131 4191 161 4246; x_wconf 91' lang='lat' dir='ltr'>in</span> <span class='ocrx_word' id='word_1_355' title='bbox 174 4208 229 4247; x_wconf 81' lang='lat' dir='ltr'>sua</span> <span class='ocrx_word' id='word_1_356' title='bbox 240 4192 371 4247; x_wconf 87' lang='lat' dir='ltr'>essentia</span> <span class='ocrx_word' id='word_1_357' title='bbox 382 4201 429 4246; x_wconf 86' lang='lat' dir='ltr'>est</span> <span class='ocrx_word' id='word_1_358' title='bbox 441 4207 534 4253; x_wconf 87' lang='lat' dir='ltr'>amor,</span> <span class='ocrx_word' id='word_1_359' title='bbox 547 4202 578 4246; x_wconf 88' lang='lat' dir='ltr'>et</span> <span class='ocrx_word' id='word_1_360' title='bbox 591 4192 642 4245; x_wconf 85' lang='lat' dir='ltr'>lux</span> <span class='ocrx_word' id='word_1_361' title='bbox 655 4208 692 4245; x_wconf 81' lang='lat' dir='ltr'>ex</span> <span class='ocrx_word' id='word_1_362' title='bbox 706 4191 757 4245; x_wconf 92' lang='lat' dir='ltr'>illo</span> <span class='ocrx_word' id='word_1_363' title='bbox 777 4191 806 4244; x_wconf 91' lang='lat' dir='ltr'>in</span> <span class='ocrx_word' id='word_1_364' title='bbox 820 4206 874 4245; x_wconf 90' lang='lat' dir='ltr'>sua</span> <span class='ocrx_word' id='word_1_365' title='bbox 886 4190 1017 4245; x_wconf 86' lang='lat' dir='ltr'>essentia</span> <span class='ocrx_word' id='word_1_366' title='bbox 1028 4198 1074 4243; x_wconf 90' lang='lat' dir='ltr'>est</span> <span class='ocrx_word' id='word_1_367' title='bbox 1087 4189 1256 4260; x_wconf 73' lang='lat' dir='ltr'>sapientior</span> 
     </span>
     <span class='ocr_line' id='line_1_41' title="bbox 130 4269 1253 4341; baseline -0.002 -14"><span class='ocrx_word' id='word_1_368' title='bbox 130 4270 205 4327; x_wconf 85' lang='lat' dir='ltr'>haec</span> <span class='ocrx_word' id='word_1_369' title='bbox 218 4271 401 4341; x_wconf 88' lang='lat' dir='ltr'>inspirantur</span> <span class='ocrx_word' id='word_1_370' title='bbox 413 4271 501 4325; x_wconf 87' lang='lat' dir='ltr'>illisa</span> <span class='ocrx_word' id='word_1_371' title='bbox 516 4270 647 4325; x_wconf 91' lang='lat' dir='ltr'>Domino</span> <span class='ocrx_word' id='word_1_372' title='bbox 661 4287 678 4325; x_wconf 90' lang='lat' dir='ltr'>e</span> <span class='ocrx_word' id='word_1_373' title='bbox 690 4271 754 4325; x_wconf 90' lang='lat' dir='ltr'>sole</span> <span class='ocrx_word' id='word_1_374' title='bbox 768 4270 827 4332; x_wconf 86' lang='lat' dir='ltr'>illo,</span> <span class='ocrx_word' id='word_1_375' title='bbox 840 4286 875 4324; x_wconf 92' lang='lat' dir='ltr'>ac</span> <span class='ocrx_word' id='word_1_376' title='bbox 889 4269 1070 4339; x_wconf 89' lang='lat' dir='ltr'>inspirantur</span> <span class='ocrx_word' id='word_1_377' title='bbox 1081 4271 1253 4325; x_wconf 89' lang='lat' dir='ltr'>secundum</span> 
     </span>
     <span class='ocr_line' id='line_1_42' title="bbox 130 4345 1254 4421; baseline -0.002 -16"><span class='ocrx_word' id='word_1_378' title='bbox 130 4351 340 4421; x_wconf 87' lang='lat' dir='ltr'>receptionem.</span> <span class='ocrx_word' id='word_1_379' title='bbox 351 4362 382 4405; x_wconf 88' lang='lat' dir='ltr'>et</span> <span class='ocrx_word' id='word_1_380' title='bbox 393 4351 524 4421; x_wconf 88' lang='lat' dir='ltr'>receptio</span> <span class='ocrx_word' id='word_1_381' title='bbox 534 4361 579 4405; x_wconf 88' lang='lat' dir='ltr'>est</span> <span class='ocrx_word' id='word_1_382' title='bbox 589 4350 755 4405; x_wconf 90' lang='lat' dir='ltr'>secundum</span> <span class='ocrx_word' id='word_1_383' title='bbox 766 4365 898 4404; x_wconf 91' lang='lat' dir='ltr'>amorem</span> <span class='ocrx_word' id='word_1_384' title='bbox 908 4347 1050 4419; x_wconf 90' lang='lat' dir='ltr'>sapiendi.</span> <span class='ocrx_word' id='word_1_385' title='bbox 1088 4345 1166 4402; x_wconf 89' lang='lat' dir='ltr'>Post</span> <span class='ocrx_word' id='word_1_386' title='bbox 1174 4357 1254 4403; x_wconf 90' lang='lat' dir='ltr'>tem-</span> 
     </span>
     <span class='ocr_line' id='line_1_43' title="bbox 129 4425 1253 4505; baseline -0.001 -19"><span class='ocrx_word' id='word_1_387' title='bbox 129 4444 204 4505; x_wconf 84' lang='lat' dir='ltr'>pora</span> <span class='ocrx_word' id='word_1_388' title='bbox 216 4428 430 4494; x_wconf 68' lang='lat' dir='ltr'>instructionis,</span> <span class='ocrx_word' id='word_1_389' title='bbox 440 4430 620 4486; x_wconf 88' lang='lat' dir='ltr'>emittuntur</span> <span class='ocrx_word' id='word_1_390' title='bbox 633 4430 703 4485; x_wconf 90' lang='lat' dir='ltr'>inde</span> <span class='ocrx_word' id='word_1_391' title='bbox 716 4429 757 4483; x_wconf 87' lang='lat' dir='ltr'>illi</span> <span class='ocrx_word' id='word_1_392' title='bbox 767 4429 819 4501; x_wconf 90' lang='lat' dir='ltr'>qui</span> <span class='ocrx_word' id='word_1_393' title='bbox 834 4429 1033 4500; x_wconf 80' lang='lat' dir='ltr'>intelligentes</span> <span class='ocrx_word' id='word_1_394' title='bbox 1045 4425 1116 4481; x_wconf 75' lang='lat' dir='ltr'>lacti</span> <span class='ocrx_word' id='word_1_395' title='bbox 1126 4441 1210 4492; x_wconf 82' lang='lat' dir='ltr'>sunt,</span> <span class='ocrx_word' id='word_1_396' title='bbox 1220 4439 1253 4485; x_wconf 89' lang='lat' dir='ltr'>et</span> 
     </span>
    </p>
   </div>
   <div class='ocr_carea' id='block_1_5' title="bbox 0 0 1396 5026">
    <p class='ocr_par' dir='ltr' id='par_1_6' title="bbox 0 0 1396 5026">
     <span class='ocr_line' id='line_1_44' title="bbox 0 0 1396 5026; baseline 0 0"><span class='ocrx_word' id='word_1_397' title='bbox 0 0 1396 5026; x_wconf 95' lang='lat' dir='ltr'> </span> 
     </span>
    </p>
   </div>
  </div>
 </body>
</html>
