2850 5026
370 454 420 503 ns
444 453 579 504 suone
603 453 922 520 cornuorum—N.
943 457 1015 523 310.
1186 460 1245 523 ²4¹

130 646 167 689 se
190 625 375 702 emittunt;
405 626 525 706 quibus
553 636 590 688 ut
618 626 783 701 faveatur,
807 627 951 691 interest
975 637 1012 690 ut
1042 628 1249 693 festivitates

130 721 296 783 mentium
315 720 450 783 illorum
470 723 503 783 in
523 722 763 785 communione
783 720 878 798 fiant,
896 732 931 786 et
951 724 998 785 sic
1019 724 1082 805 ipsi
1100 724 1133 786 in
1152 743 1248 787 amo·

130 817 174 879 ris
193 814 395 897 coniugialis
414 816 541 896 gaudia
561 817 831 880 introducantur.

191 922 291 990 310·
319 907 420 990 (xiv.)
447 909 544 986 Quod
551 919 631 990 post
646 912 782 992 nuptias
793 912 978 994 confligium
990 913 1134 993 spiritus
1149 915 1250 978 etiam

130 1004 189 1080 fiat
210 1004 371 1084 corporis,
388 1014 420 1066 et
442 1004 491 1066 sic
507 1004 823 1085 plenum—Omnia
842 1027 928 1090 quae
951 1009 984 1069 in
1004 1028 1144 1090 corpore
1164 1007 1247 1073 fiunt

130 1101 171 1164 ab
190 1100 338 1174 homine,
359 1099 502 1163 influunt
521 1121 567 1163 ex
586 1102 706 1183 spiritu
724 1100 813 1183 ejus;
838 1114 958 1166 notum
976 1105 1066 1167 enim
1086 1105 1246 1187 estquod

130 1215 166 1258 os
179 1215 248 1258 non
265 1194 423 1277 loquatur
440 1216 486 1258 ex
502 1216 549 1270 se,
563 1197 623 1258 sed
637 1197 727 1278 quod
744 1199 868 1260 mentis
885 1200 1052 1279 cogitatio
1070 1219 1128 1280 per
1144 1200 1225 1263 illud
1239 1221 1246 1275 ;

130 1300 201 1352 turn
219 1289 309 1371 quod
329 1310 398 1352 non
417 1310 537 1352 manus
557 1302 663 1371 agant
678 1302 714 1354 et
734 1293 839 1372 pedes
862 1293 1037 1357 ambulent
1057 1315 1101 1355 ex
1121 1314 1169 1368 se,
1186 1294 1246 1356 sed

130 1384 218 1465 quod
243 1386 368 1447 mentis
386 1384 548 1448 voluntas
571 1405 632 1466 per
654 1385 731 1463 illa3
755 1398 1015 1468 consequenter,
1036 1389 1126 1469 quod
1150 1408 1247 1451 mens

130 1478 284 1560 loquatur
307 1499 486 1560 persuum
510 1500 687 1561 organum,
707 1490 742 1544 et
766 1481 856 1563 quod
880 1501 977 1544 mens
1000 1492 1082 1563 agat
1106 1503 1165 1564 per
1186 1503 1247 1546 sua

130 1593 256 1654 organa
274 1574 307 1636 in
328 1594 489 1656 corpore;
513 1576 591 1638 inde
609 1583 717 1655 patet,
734 1575 825 1656 quod
841 1576 948 1657 qualis
964 1597 1060 1640 mens
1077 1588 1141 1652 est,
1159 1577 1246 1642 tales

130 1669 193 1731 sint
211 1668 367 1751 loquelae
383 1671 460 1744 oris,
475 1680 510 1732 et
527 1670 609 1732 talia
625 1668 714 1733 satta
731 1672 901 1752 corporis:
927 1691 971 1733 ex
988 1671 1040 1734 his
1057 1683 1093 1735 ut
1106 1672 1244 1736 conclu·

130 1782 199 1826 sum
223 1765 385 1845 sequitur,
405 1764 496 1847 quod
521 1784 617 1827 mens
640 1784 700 1845 per
723 1767 922 1828 continuum
945 1766 1110 1829 influxum
1136 1776 1244 1830 struat

130 1878 247 1940 corpus
276 1860 320 1921 ad
354 1859 545 1922 conformes
572 1870 607 1922 et
641 1860 853 1940 synchronas
882 1858 1078 1924 activitates
1108 1880 1243 1938 secum;

130 1972 227 2035 quare
255 1973 398 2033 corpora
426 1952 601 2016 hominum
630 1954 771 2017 interius
800 1953 957 2036 spedtata
986 1976 1053 2018 non
1077 1966 1156 2019 sunt
1181 1957 1243 2018 nisi

130 2047 250 2112 formae
263 2049 427 2111 mentium
446 2049 597 2111 exterius
614 2051 833 2130 organizatae
850 2050 892 2112 ad
909 2049 1124 2113 efficiendum
1141 2061 1242 2113 nutus

130 2145 265 2207 animae.
312 2142 408 2205 Haec
438 2141 613 2224 praedid‘ta
642 2155 732 2218 sunt,
757 2156 794 2209 ut
824 2145 1037 2226 percipiatur,
1063 2146 1152 2209 unde
1174 2156 1240 2220 est,

130 2238 213 2319 quod
237 2248 371 2300 mentes
394 2258 452 2300 seu
476 2239 623 2320 spiritus,
644 2241 787 2319 primum
811 2241 901 2303 inter
922 2259 959 2301 se
983 2241 1150 2304 uniendae
1172 2242 1241 2305 sint

130 2333 209 2395 ricut
233 2332 403 2414 conjugio,
427 2341 612 2413 antequam
636 2335 739 2397 etiam
763 2354 905 2414 corpore
932 2345 1044 2407 tenus,
1068 2334 1240 2408 videlicet,

130 2437 158 2490 rt
175 2426 344 2508 conjugia,
358 2429 438 2489 dum
455 2425 539 2489 fiunt
553 2429 714 2509 corporis,
728 2429 797 2491 sint
813 2429 951 2509 spiritus
964 2449 972 2504 ;
991 2439 1242 2510 consequenter

130 2532 158 2585 rt
182 2521 345 2604 conjuges
367 2542 404 2584 se
427 2534 546 2585 mutuo
569 2532 686 2586 ament
710 2544 754 2585 ex
778 2524 908 2604 spiritu,
929 2532 965 2585 et
988 2524 1066 2586 inde
1086 2543 1238 2604 corpore.

130 2616 177 2679 Ex
197 2616 249 2679 his
269 2637 357 2679 nunc
377 2615 570 2697 spectemus
589 2616 803 2699 conjugium:
828 2637 905 2680 cum
925 2638 1021 2680 amor
1039 2616 1239 2698 conjugialis

130 2710 298 2792 :onjungit
322 2722 456 2773 mentes
480 2712 632 2785 duorum,
656 2732 696 2774 ac
723 2712 847 2775 format
872 2711 948 2775 illas
971 2713 1004 2774 in
1030 2711 1237 2792 conjugium,

130 2826 201 2869 :unc
221 2807 325 2869 etiam
349 2804 526 2886 conjungit
551 2815 586 2867 et
608 2806 731 2869 sormat
750 2826 893 2887 corpora
915 2806 1049 2870 illorum
1069 2808 1111 2869 ad
1135 2805 1238 2884 illud;

129 2920 210 2976 ram,
230 2910 268 2962 ut
287 2897 414 2962 dictum
434 2909 498 2973 est,
519 2899 626 2963 sorma
643 2902 768 2964 mentis
784 2911 837 2964 est
856 2903 960 2964 etiam
977 2902 1116 2964 interius
1132 2900 1240 2964 forma

130 2996 281 3078 :orporis,
303 3014 379 3056 cum
399 2994 472 3056 sola
492 2993 694 3069 differentia,
715 2996 805 3077 quod
828 2996 913 3059 haec
933 2999 1085 3059 exterius
1102 2997 1239 3077 organi·

130 3100 198 3154 rata
217 3091 262 3170 sit
282 3090 324 3153 ad
344 3087 559 3151 efficiendum
584 3089 678 3164 illud,
698 3092 741 3153 ad
761 3091 852 3172 quod
876 3092 1015 3154 interior
1033 3091 1140 3154 forma
1162 3112 1238 3155 cor·

130 3187 209 3248 >oris
238 3205 259 3247 a
289 3193 405 3247 mente
435 3184 690 3247 determinatur.
746 3185 845 3248 Mens
873 3196 988 3249 autem
1017 3186 1163 3249 formata
1192 3208 1236 3249 ex

130 3299 234 3344 rmore
258 3277 451 3361 conjugiali,
472 3299 540 3342 non
565 3279 675 3342 solum
699 3290 752 3344 est
775 3281 915 3344 interius
937 3283 971 3344 in
994 3291 1072 3345 toto
1095 3302 1237 3363 corpore

130 3375 243 3438 :ircum
274 3375 362 3437 circa
392 3375 510 3448 ubivis,
535 3374 594 3436 sed
623 3374 759 3454 insuper
787 3386 840 3439 est
869 3377 1009 3439 interius
1036 3377 1072 3438 in
1099 3378 1237 3457 organis

130 3469 329 3548 generationi
348 3469 480 3543 dicatis,
501 3489 587 3550 quae
606 3469 638 3531 in
658 3490 718 3531 sua
736 3471 875 3550 regione
895 3470 979 3533 infra
997 3470 1143 3552 reliquas
1161 3490 1236 3535 cor·

130 3565 208 3626 >oris
223 3564 382 3644 regiones
398 3564 524 3625 situata
537 3572 627 3637 sunt,
641 3563 674 3625 in
690 3564 742 3625 his
759 3565 983 3628 terminantur
995 3565 1122 3628 formae
1139 3584 1235 3629 men-

130 3657 161 3719 is
176 3658 267 3737 apud
286 3655 363 3720 illos
379 3658 434 3739 qui
451 3656 633 3738 conjugiali
649 3677 764 3720 amore
780 3659 940 3721 uniuntur
954 3679 961 3736 ;
985 3670 1236 3740 consequenter

130 3748 314 3813 rffettiones
331 3760 366 3814 et
383 3752 615 3831 cogitationes
632 3751 797 3813 mentium
814 3751 948 3814 illorum
963 3752 1236 3816 determinantur

130 3843 215 3908 lluc:
240 3845 273 3906 in
292 3844 357 3907 hoc
375 3844 533 3908 differunt
552 3843 748 3909 activitates
765 3847 932 3909 mentium
951 3867 996 3909 ex
1016 3846 1090 3910 aliis
1109 3848 1234 3911 amori·

130 3959 198 4016 >us;
222 3939 257 4002 hi
277 3959 344 4002 non
368 3940 559 4021 pervadunt
578 3939 668 4003 illuc.
713 3939 920 4004 Conclusum
939 3962 984 4004 ex
1004 3941 1055 4004 his
1074 3941 1123 4015 fit,
1143 3942 1234 4024 quod

130 4035 224 4116 qualis
241 4045 294 4097 est
311 4055 407 4098 amor
424 4034 624 4116 coniugialis
643 4034 676 4097 in
694 4036 866 4099 mentibus
885 4056 945 4099 seu
960 4037 1132 4119 spiritibus
1148 4037 1233 4100 duo·

130 4148 200 4204 um,
220 4130 300 4193 talis
323 4130 375 4192 sit·
390 4130 531 4192 interius
552 4130 587 4191 in
609 4128 676 4193 illis
699 4131 767 4192 suis
791 4131 939 4211 organis.
991 4129 1094 4211 Quod
1117 4141 1232 4195 autem

130 4223 312 4306 :onjugium
340 4225 477 4305 spiritus
505 4233 584 4306 post
613 4225 749 4306 nuptias
775 4227 881 4289 etiam
911 4224 970 4289 fiat
998 4227 1161 4307 corporis,
1184 4226 1234 4290 ita

130 4318 266 4394 denum,
287 4339 332 4382 ex
351 4339 388 4381 se
407 4329 525 4401 patet;
549 4329 808 4401 consequenter,
829 4319 919 4401 quod
939 4320 966 4382 si
989 4319 1182 4400 conjugium
1198 4321 1232 4381 in

130 4415 236 4497 piritu
255 4423 309 4478 est
325 4423 469 4492 castum,
489 4434 529 4478 ac
548 4413 654 4478 trahit
677 4434 722 4477 ex
745 4411 930 4478 sanctitate
954 4413 1035 4497 ejus,
1055 4413 1164 4478 simile
1186 4413 1232 4477 sit

1171 4648 1355 4732 A
