2782 5026
328 441 379 492 oa
401 441 537 495 anons
560 441 921 496 SCORTATOR1o.-N.
942 446 1011 514 530.
1180 450 1242 518 405

117 611 200 676 ideo
216 611 306 689 illos,
319 632 405 695 quos
421 610 496 677 finis
512 621 572 678 aut
588 623 735 680 excusat
751 624 810 679 aut
826 616 981 692 damnat,
994 616 1058 699 ipsi
1074 630 1245 683 excusent

118 719 180 771 aut
199 708 378 783 damnent,
398 708 559 790 quoniam
578 708 655 772 finis
674 709 756 774 boni
774 719 828 775 est
845 711 1004 776 omnibus
1026 713 1060 777 in
1079 713 1189 790 caelo,
1210 727 1246 779 et

120 800 197 866 finis
216 801 298 865 mali
316 803 473 866 omnibus
494 802 529 866 in
547 803 689 868 inferno.

183 895 283 978 528.
312 895 377 960 His
406 896 585 978 adjicietur
611 897 688 962 hoc.
744 898 877 963 Dicitur
905 899 939 963 in
969 901 1127 977 ecclesia,
1151 902 1244 986 quod

120 1010 226 1054 nemo
253 991 365 1072 possit
394 991 538 1075 implere
568 991 694 1073 legem,
718 1002 755 1058 et
784 1014 826 1057 eo
856 994 977 1071 minus,
1002 997 1164 1078 quoniam
1187 998 1245 1080 qui

120 1085 377 1167 praevaricatur
398 1095 520 1151 contra
542 1106 644 1150 unum
664 1097 887 1171 praeceptum
908 1089 1079 1171 decalogi,
1100 1110 1246 1173 praeva-

120 1181 249 1242 ricatur
267 1189 386 1243 contra
404 1181 538 1244 omnia:
564 1200 681 1244 verum
700 1181 786 1246 haec
807 1182 992 1248 locutionis
1010 1184 1156 1248 formula
1175 1205 1245 1250 non

120 1283 175 1337 est
195 1273 304 1355 qualis
321 1282 441 1353 sonat;
464 1275 627 1338 namhoc
647 1277 698 1339 ita
716 1275 985 1358 intelligendum
1002 1287 1066 1353 est,
1081 1279 1174 1359 quod
1189 1279 1246 1361 qui

120 1388 166 1430 ex
183 1369 360 1450 proposito
376 1379 434 1432 aut
452 1368 657 1433 confirmato
670 1371 745 1452 agit
758 1381 881 1434 contra
894 1391 997 1434 unum
1010 1382 1245 1455 praeceptum,

119 1462 178 1526 ille
194 1471 278 1544 agat
289 1472 412 1527 contra
428 1463 568 1546 reliqua,
581 1465 743 1546 quoniam
759 1486 805 1528 ex
823 1467 1003 1547 proposito
1020 1476 1080 1530 aut
1096 1489 1141 1531 ex
1161 1486 1245 1531 con-

120 1555 257 1620 firmato
280 1577 396 1639 agere,
420 1567 475 1622 est
498 1579 637 1640 prorsus
660 1579 789 1641 negare
811 1561 903 1643 quod
927 1570 1109 1644 peccatum
1132 1562 1189 1637 sit,
1210 1570 1247 1625 et

119 1653 175 1735 qui
199 1662 308 1734 negat
331 1661 525 1735 peccatum,
549 1652 609 1717 ille
632 1652 728 1716 nihili
751 1653 832 1718 facit
856 1655 885 1717 si
912 1665 1036 1719 contra
1058 1665 1246 1737 praecepta

119 1746 250 1829 reliqua
275 1747 360 1828 agit.
405 1745 490 1828 Quis
517 1767 588 1811 non
614 1748 690 1821 scit,
714 1749 806 1830 quod
836 1749 892 1830 qui
919 1748 1056 1813 adulter
1083 1760 1148 1825 est,
1174 1769 1244 1813 non

119 1841 199 1905 ideo
221 1841 267 1905 sit
289 1840 473 1917 homicida,
492 1840 554 1918 sur,
574 1851 610 1906 et
632 1841 737 1905 falsus
756 1844 871 1918 testis,
892 1863 954 1906 nec
980 1843 1065 1906 velit
1085 1844 1184 1907 esse?
1207 1852 1245 1908 at

120 1936 176 2016 qui
194 1934 331 1999 adulter
350 1957 395 1999 ex
415 1938 594 2018 proposito
613 1946 649 2000 et
666 1936 872 2000 confirmato
892 1946 957 2013 est,
971 1937 1025 2000 hic
1046 1938 1142 2001 nihili
1161 1937 1245 2002 facit

120 2030 236 2092 omnia
261 2051 348 2111 quae
374 2030 562 2112 religionis,
586 2031 636 2094 ita
665 2051 727 2094 nec
753 2032 949 2107 homicidia,
974 2031 1065 2095 furta
1095 2041 1130 2095 et
1158 2031 1246 2097 falsa

121 2125 340 2204 testimonia;
374 2135 410 2189 et
441 2126 531 2208 quod
563 2126 682 2189 abhis
706 2146 774 2188 non
798 2126 974 2190 abstineat
996 2127 1075 2209 quia
1097 2136 1246 2208 peccata

120 2228 211 2292 sunt,
232 2219 292 2281 sed
312 2220 390 2301 quia
407 2219 508 2283 timet
528 2219 642 2302 legem
661 2229 697 2283 et
716 2219 865 2283 famam?
910 2218 1013 2301 Quod
1032 2221 1179 2284 adulteri
1197 2242 1244 2285 ex

120 2314 300 2394 proposito
316 2322 352 2377 et
368 2335 413 2377 ex
431 2313 635 2379 confirmato
652 2314 747 2377 nihili
766 2315 921 2396 pendant
938 2311 1058 2378 sandta
1075 2314 1244 2378 ecclesiae

121 2417 155 2471 et
172 2407 358 2518 rel'gionis,
376 2409 533 2472 videatur
548 2428 652 2490 supra
669 2407 716 2490 (n.
728 2425 888 2490 490-493,
903 2417 939 2472 et
959 2408 992 2470 in
1009 2408 1096 2471 binis
1109 2407 1243 2472 Memo-

121 2503 281 2565 rabilibus
301 2523 332 2565 n.
354 2517 425 2584 500,
446 2512 481 2567 et
504 2517 574 2584 521,
597 2501 685 2585 522).
730 2502 848 2566 Simile
868 2512 933 2575 est,
955 2502 982 2564 si
1005 2502 1080 2583 quis
1099 2523 1145 2565 ex
1164 2522 1244 2586 pro·

121 2598 237 2679 posito
269 2607 329 2662 aut
363 2597 566 2663 confirmato
599 2607 721 2662 contra
757 2617 860 2660 unum
894 2596 986 2660 aliud
1020 2606 1243 2678 praeceptum

122 2692 280 2774 decalogi
303 2693 387 2775 agit,
412 2694 502 2775 quod
527 2693 634 2757 etiam
658 2701 778 2756 contra
801 2691 932 2774 reliqua
954 2699 1050 2771 agat,
1071 2691 1150 2772 quia
1173 2710 1243 2754 non

122 2787 248 2871 aliquid
267 2797 404 2869 reputat
423 2796 615 2869 peccatum.

183 2895 283 2963 529.
313 2882 498 2946 Consimile
517 2890 570 2945 est
589 2882 680 2964 apud
703 2880 792 2954 illos,
812 2880 868 2962 qui
888 2880 921 2942 in
940 2878 1033 2941 bono
1052 2898 1073 2940 a
1092 2877 1243 2942 Domino

121 2986 219 3052 sunt,
251 2976 285 3039 hi
308 2977 335 3039 si
359 2997 404 3039 ex
428 2976 607 3041 voluntate
630 2986 666 3040 et
689 2972 880 3050 intellectu,
905 2994 965 3036 seu
992 2992 1037 3036 ex
1062 2973 1242 3054 proposito

121 3082 156 3135 et
176 3070 390 3146 confirmato,
408 3072 585 3135 abstinent
605 3071 649 3134 ab
668 3090 736 3133 uno
756 3069 859 3142 malo,
877 3069 954 3150 quia
971 3077 1155 3151 peccatum
1174 3076 1242 3144 est,

121 3167 297 3230 abstinent
316 3168 360 3230 ab
379 3167 548 3241 omnibus,
569 3176 605 3230 et
625 3166 701 3249 plus
720 3164 831 3229 adhuc
852 3164 880 3226 si
899 3162 1079 3226 abstinent
1098 3183 1118 3226 a
1137 3162 1242 3245 pluri-

121 3260 201 3324 bus:
227 3271 264 3323 ut
280 3263 424 3344 primum
443 3262 534 3325 enim
553 3260 675 3343 aliquis
694 3281 739 3324 ex
759 3259 938 3342 proposito
958 3267 1017 3320 aut
1037 3255 1242 3320 confirmato

120 3356 164 3421 ab
179 3355 293 3439 aliquo
310 3357 411 3430 malo,
426 3358 503 3439 quia
520 3364 701 3439 peccatum
718 3364 783 3428 est,
801 3353 966 3428 abstinet,
981 3351 1039 3415 ille
1056 3372 1075 3414 a
1092 3350 1244 3415 Domino

121 3451 152 3514 in
177 3452 355 3534 proposito
377 3451 573 3515 abstinendi
603 3471 623 3514 a
652 3449 789 3531 reliquis
813 3457 974 3525 tenetur;
1006 3465 1109 3528 quare
1139 3446 1166 3508 si
1196 3465 1243 3509 ex

120 3548 255 3611 inscitia
271 3557 329 3610 aut
348 3569 393 3610 ex
413 3545 635 3628 praevalente
651 3544 764 3626 aliqua
781 3541 934 3623 corporis
950 3539 1242 3621 concupiscentia,

121 3641 247 3705 malum
267 3640 356 3716 lacit,
376 3661 481 3722 usque
500 3639 565 3703 hoc
586 3658 653 3702 non
674 3638 704 3701 ei
724 3639 924 3719 imputatur,
942 3635 1020 3716 quia
1039 3633 1072 3697 id
1090 3632 1154 3695 sibi
1173 3653 1243 3696 non

121 3736 307 3820 proposuit,
328 3755 389 3798 nec
410 3734 499 3818 apud
519 3756 556 3798 se
575 3732 764 3797 confirmat.
811 3730 928 3794 Homo
947 3730 980 3792 in
997 3728 1063 3791 hoc
1083 3726 1242 3809 proposi·

120 3844 191 3895 turn
208 3831 315 3906 venit,
333 3832 361 3894 si
377 3829 484 3894 semel
500 3838 559 3893 aut
576 3830 627 3892 bis
646 3828 680 3891 in
696 3846 789 3891 anno
804 3824 968 3907 explorat
984 3844 1032 3896 se,
1047 3832 1083 3885 et
1099 3842 1119 3884 a
1136 3821 1239 3897 malo,

120 3925 209 4009 quod
229 3924 457 4007 deprehendit
476 3923 565 4006 apud
585 3944 633 3998 se,
654 3922 855 4004 resipiscat;
880 3918 980 3982 aliter
998 3917 1054 3999 qui
1075 3934 1242 3997 nusquam

120 4020 281 4105 explorat
300 4041 347 4084 se.
393 4019 449 4082 Ex
468 4019 520 4082 his
544 4018 705 4100 patescit,
725 4016 800 4099 quis
820 4023 873 4078 est
892 4013 945 4076 cui
964 4031 1034 4075 non
1053 4012 1244 4094 imputatur

121 4127 311 4199 peccatum,
328 4124 364 4180 et
384 4115 458 4198 quis
477 4114 531 4177 cui
549 4114 748 4196 imputatur.

180 4225 285 4295 530.
305 4208 368 4294 (v.)
391 4208 487 4289 Quod
495 4207 544 4272 sic
553 4207 658 4271 cuivis
668 4206 850 4287 imputetur
858 4224 954 4266 amor
962 4196 1244 4274 scortatorius,·-

122 4308 293 4382 videlicet,
314 4325 382 4369 non
409 4303 597 4368 secundum
616 4299 717 4375 fasta,
735 4299 849 4383 qualia
877 4299 910 4362 in
940 4295 1095 4361 externis
1122 4311 1241 4359 coram

122 4402 313 4468 hominibus
334 4409 513 4484 apparent,
533 4399 639 4462 immo
665 4416 728 4461 nec
753 4394 868 4479 qualia
893 4411 1008 4458 coram
1029 4389 1154 4473 judice,
1178 4387 1241 4453 sed
