2782 5026
292 116 342 167 oa
365 114 501 166 huone
524 113 885 167 mommoreto-u.
908 114 978 182 509.
1135 101 1197 182 389

65 307 99 353 se
117 287 217 371 apud
242 287 321 351 illos
339 287 395 371 qui
414 287 449 351 in
468 286 705 352 adolescentia
727 284 926 350 relaxarunt
946 284 1081 348 vincula
1100 284 1198 367 pudi-

66 384 180 458 citiae,
201 393 242 447 et
261 382 383 466 quibus
401 384 500 465 copia
519 383 735 446 meretricum
756 401 825 445 non
844 380 962 457 defuit,
983 381 1147 464 imprimis
1170 380 1199 443 si

66 498 128 542 nec
152 477 339 561 opulentia
356 477 578 561 impendendi
596 486 778 560 quaestus:
802 477 891 541 hanc
911 476 1088 540 libidinem
1107 475 1199 540 inse·

65 581 145 637 runt
160 583 200 636 et
217 572 404 637 irradicant
419 571 483 635 sibi
499 591 560 654 per
574 571 788 637 inordinatas
804 580 841 635 et
857 570 1049 634 illimitatas
1064 580 1197 634 scorta·

64 671 193 744 tiones,
211 678 248 733 et
267 688 328 750 per
345 668 579 750 cogitationes
597 666 721 731 nullius
737 667 876 749 pudoris
894 667 938 730 de
956 686 1072 729 amore
1091 686 1197 729 sexus

62 763 233 839 seminini,
257 771 293 827 et
322 783 384 845 per
409 757 688 826 confirmationes
717 763 810 845 quod
833 760 1003 827 adulteria
1033 781 1101 824 non
1128 762 1197 825 sint

60 858 170 934 mala,
189 869 226 922 et
242 877 380 940 prorsus
396 875 464 920 non
480 866 635 941 peccata.
681 856 779 922 Haec
796 857 902 921 libido
918 856 1008 940 apud
1024 856 1102 920 illos
1118 874 1197 936 pro-

58 953 261 1034 grediendo
280 953 415 1028 crescit,
435 973 541 1035 usque
560 960 597 1016 ut
619 952 762 1017 seminas
780 953 889 1016 totius
907 953 1025 1016 mundi
1044 952 1196 1034 cupiant,

55 1067 103 1112 ac
130 1058 171 1113 ut
194 1048 303 1111 velint
322 1057 464 1125 turmas,
484 1067 524 1111 ac
548 1067 650 1112 unam
675 1066 800 1111 novam
819 1048 976 1112 cottidie.
1023 1045 1196 1129 Quoniam

56 1142 154 1206 haec
171 1141 279 1206 libido
295 1141 387 1224 ejicit
402 1162 439 1205 se
452 1161 498 1206 ex
514 1161 632 1207 amore
647 1162 751 1206 sexus
764 1144 936 1206 communi
949 1143 1054 1206 cuivis
1066 1142 1197 1206 homini

54 1237 289 1320 implantato,
307 1245 343 1302 et
360 1257 498 1319 prorsus
516 1256 562 1300 ex
578 1255 695 1300 amore
711 1237 807 1299 unius
826 1257 845 1301 e
864 1257 950 1300 sexu
967 1237 1022 1319 qui
1040 1247 1093 1300 est
1111 1256 1195 1301 con·

49 1331 213 1415 jugialis,
227 1352 267 1395 ac
286 1331 392 1413 injicit
410 1352 447 1395 se
466 1332 500 1394 in
516 1331 629 1395 cordis
646 1332 820 1395 exteriora
836 1342 874 1396 ut
893 1331 1053 1395 delicium
1070 1334 1196 1396 amoris

54 1435 266 1510 separatum
285 1428 329 1491 ab
347 1425 426 1501 illis,
446 1435 483 1490 et
501 1436 618 1490 tamen
638 1446 684 1489 ex
702 1425 780 1501 illis,
797 1427 876 1490 ideo
891 1427 1092 1491 irradicatur
1107 1429 1194 1491 cuti·

56 1522 154 1586 culis
178 1533 250 1586 tarn
274 1523 421 1603 penitus,
441 1530 480 1586 ut
503 1530 686 1603 postquam
710 1521 939 1602 elanguerunt
962 1523 1061 1597 vires,
1082 1542 1193 1586 rema·

55 1626 150 1680 neat
174 1617 209 1680 in
229 1613 333 1680 tadiu.
379 1615 426 1679 Hi
445 1616 542 1680 nihili
560 1616 687 1679 faciunt
707 1615 896 1694 adulteria;
924 1637 1027 1699 quare
1050 1617 1093 1680 de
1117 1627 1195 1682 toto

55 1732 155 1775 sexu
179 1711 341 1774 feminino
364 1711 522 1792 cogitant
545 1709 633 1774 sicut
667 1711 711 1774 de
740 1711 912 1774 communi
936 1721 1063 1784 scort0‚
1087 1721 1123 1775 et
1150 1713 1193 1776 de

54 1805 229 1886 conjugio
252 1807 339 1870 sicut
362 1806 407 1869 de
430 1805 603 1869 communi
622 1806 853 1881 meretricatu,
878 1815 915 1869 et
942 1807 990 1869 sic
1013 1806 1192 1888 impudici·

55 1902 151 1964 tiam
168 1897 366 1964 immiscent
379 1900 574 1982 pudicitiae,
591 1910 627 1964 et
643 1921 688 1964 ex
705 1902 817 1964 mixto
833 1902 1017 1964 insaniunt.
1063 1901 1119 1964 Ex
1139 1903 1193 1966 his

55 2005 166 2076 patet
186 1996 266 2078 quid
286 2014 347 2077 per
364 1993 542 2059 libidinem
559 1997 765 2059 varietatum
788 1996 843 2061 hic
866 1995 1080 2079 intelligitur,
1100 1998 1193 2081 quod

55 2090 176 2154 libido
195 2090 415 2153 scortationis
434 2110 571 2172 prorsus
589 2090 767 2155 dissoluta.
817 2122 820 2127 ·

130 2183 236 2265 5⁰8.
260 2182 324 2267 (ii.)
351 2184 448 2263 Quod
461 2183 563 2248 libido
580 2182 648 2251 illa.
660 2185 707 2248 sit
724 2207 819 2249 amor
840 2195 873 2249 et
893 2185 998 2250 simul
1004 2187 1193 2268 fastidium

50 2289 129 2360 pro
147 2279 351 2343 sexa—Est
367 2278 434 2343 illis
449 2298 546 2343 amor
563 2299 625 2361 pro
641 2301 727 2344 sexu
743 2282 821 2363 quia
839 2302 886 2344 ex
905 2303 992 2345 sexu
1008 2293 1061 2345 est
1080 2283 1191 2346 varie·

57 2384 132 2448 tas,
152 2382 189 2436 et
212 2383 266 2437 est
284 2373 458 2438 fastidium
477 2394 539 2457 pro
557 2395 643 2438 sexu
659 2374 737 2458 quia
755 2385 835 2456 post
856 2375 1004 2440 libamen
1024 2377 1190 2458 rejiciunt,

58 2487 105 2530 ac
130 2466 354 2531 libidinantur
376 2468 420 2531 ad
444 2467 547 2533 alias:
575 2469 727 2533 obscena
749 2470 834 2534 haec
858 2469 965 2535 libido
988 2482 1123 2536 aestuat
1146 2473 1190 2536 ad

58 2563 227 2626 feminam
258 2582 394 2638 novam,
418 2573 455 2627 et
484 2573 563 2646 post
583 2573 715 2627 aestum
745 2565 897 2647 frigescit
927 2567 970 2629 ad
1000 2566 1116 2644 illam;
1149 2587 1190 2631 ac

60 2658 171 2739 frigus
199 2667 255 2722 est
282 2657 466 2722 fastidium«
511 2656 612 2739 Quod
632 2658 739 2723 libido
762 2661 821 2723 illa
844 2661 889 2725 sit
911 2680 1007 2724 amor
1029 2672 1065 2725 et
1090 2663 1190 2726 simul

53 2752 242 2817 dastidium
273 2771 334 2835 pro
363 2773 462 2830 sexu,
482 2752 645 2818 illustrari
675 2765 793 2836 potest
817 2756 886 2819 ita:
922 2777 1012 2838 pone
1042 2779 1062 2822 a
1092 2755 1190 2839 parte

54 2848 204 2912 sinistra
226 2847 405 2911 cohortem
435 2868 480 2912 ex
511 2846 625 2912 libatis
654 2850 698 2912 ab
726 2849 802 2924 illis,
826 2860 862 2913 et
892 2873 912 2916 a
942 2864 1040 2933 parte
1063 2854 1191 2918 dextra

61 2943 246 3007 cohortem
262 2964 308 3007 ex
324 2963 392 3007 non
407 2943 533 3018 libatis,
547 2964 673 3008 numne
685 2945 773 3009 hanc
787 2947 980 3027 aspicerent
998 2970 1042 3011 ex
1060 2970 1188 3025 amore,

61 3036 160 3100 illam
189 3048 305 3102 autem
334 3058 380 3103 ex
409 3038 570 3103 fastidio?
603 3049 639 3104 et
669 3049 786 3104 tamen
810 3052 952 3125 utraque
983 3044 1106 3108 cohors
1135 3057 1190 3110 est

63 3151 179 3196 sexus.

126 3243 234 3312 5⁰9.
265 3226 339 3312 (iii.)
373 3227 471 3307 Quod
488 3227 591 3293 libido
612 3228 674 3294 illa
690 3241 837 3312 prorsus
859 3233 1023 3297 adnihilet
1045 3256 1190 3299 amorem

61 3323 281 3408 conjugrolem
302 3325 398 3405 apud
415 3345 460 3401 se,
484 3336 538 3390 est
561 3327 640 3408 quia
663 3325 768 3390 libido
791 3327 850 3391 illa
872 3331 981 3393 amori
1005 3330 1187 3411 conjugiali

62 3438 201 3500 prorsus
219 3420 380 3500 opposita
398 3430 462 3496 est,
482 3440 522 3484 ac
545 3422 594 3484 ita
612 3423 772 3504 opposita
791 3433 828 3486 ut
852 3444 920 3487 non
941 3427 1044 3489 modo
1061 3426 1187 3489 discin-

64 3513 126 3576 dat
142 3511 249 3590 illum,
269 3515 331 3578 sed
354 3516 449 3597 quasi
473 3516 661 3580 commolat
684 3516 779 3580 illum
809 3519 842 3580 in
866 3519 1052 3600 pulverem,
1073 3528 1109 3583 et
1138 3522 1186 3584 sic

64 3607 252 3673 adnihilet:
291 3629 369 3673 nam
393 3630 490 3674 amor
515 3609 715 3693 conjugialis
745 3624 799 3677 est
828 3615 872 3677 ad
899 3633 1001 3676 unam
1032 3637 1051 3678 e
1079 3635 1186 3694 sexu;

64 3703 169 3768 libido
184 3713 300 3768 autem
319 3704 378 3769 illa
395 3725 463 3769 non
481 3716 632 3771 moratur
644 3709 735 3789 apud
755 3729 868 3783 unam,
886 3711 946 3772 sed
966 3718 1046 3792 post
1065 3710 1186 3775 horam

65 3808 122 3863 aut
142 3799 234 3862 diem
253 3800 443 3864 intenditur
461 3801 585 3882 frigore
604 3801 690 3866 sicut
714 3812 811 3866 aestu
830 3805 921 3884 prius
951 3824 1012 3885 pro
1040 3804 1117 3884 illa;
1149 3818 1185 3871 et

64 3894 139 3974 quia
157 3893 262 3975 frigus
281 3903 335 3958 est
354 3895 537 3971 fastidium,
558 3896 622 3960 hoc
643 3917 703 3978 per
722 3897 1017 3962 cohabitationem
1036 3909 1072 3964 et
1090 3921 1185 3965 com·

65 3991 290 4053 morationem
315 3986 471 4053 coadtam
498 4003 721 4056 coacervatur
745 4013 850 4075 usque
878 3994 922 4057 ad
952 4014 1125 4071 nauseam,
1148 4006 1184 4061 et

62 4083 108 4149 sic
134 4105 233 4149 amor
254 4082 456 4166 conjugialis
479 4087 689 4150 consumitur
717 4086 751 4150 in
779 4095 915 4152 tantum
938 4099 975 4154 ut
1006 4090 1090 4154 nihil
1114 4090 1184 4174 ejus
