2782 5026
348 112 899 180 nunnonuconm01AL1.-u.
921 113 991 181 35²·
1164 111 1228 177 279

72 283 263 349 miraculo
272 283 518 367 ¹promulgatae
531 293 612 349 sunt
626 305 635 361 3
659 283 720 347 sed
733 303 836 348 causa
849 283 1134 365 promulgationis
1150 279 1226 343 illa·

73 398 168 443 rum
188 380 268 455 suit,
284 391 323 443 ut
342 381 483 443 eaedem
504 379 600 461 leges
619 377 739 443 tierent
758 380 863 442 etiam
881 378 976 460 leges
992 378 1177 460 religionis,
1189 387 1226 441 et

72 475 135 538 sic
152 475 254 556 quod
270 474 423 538 iacerent
439 474 514 537 illas
531 494 599 536 non
616 474 727 537 solum
744 484 883 554 propter
898 473 1074 536 societatis
1087 473 1224 545 bonum,

73 570 153 632 sed
180 570 291 633 etiam
316 579 457 650 propter
480 569 602 642 Deum,
627 579 663 631 et
690 568 781 649 quod
805 587 882 631 cum
902 568 1054 631 iacerent
1076 567 1154 630 illas
1179 588 1225 629 ex

71 665 270 746 religione
301 675 441 746 propter
471 663 594 737 Deum,
623 663 848 726 salverentur.
893 663 950 725 Ex
979 663 1033 727 his
1063 672 1225 726 constare

72 769 231 840 potest,
245 759 336 841 quod
351 759 490 838 Pagani,
504 759 561 839 qui
574 770 766 838 agnoscunt
781 759 902 830 Deum,
916 768 952 820 et
969 759 1085 819 vivunt
1103 777 1225 821 secun·

70 855 179 916 dum
209 852 308 934 leges
328 852 482 934 justitiae
505 853 634 927 civiles,
660 853 854 928 salventur3
886 872 954 915 non
979 854 1068 914 enim
1092 853 1232 928 illorum·

69 947 200 1029 culpa
219 959 286 1023 est,
303 948 394 1030 quod
414 966 482 1010 non
498 949 609 1011 sciant
625 947 751 1030 aliquid
771 948 814 1009 de
835 947 994 1019 Domino,
1013 941 1232 1029 consequen-⁴

69 1053 147 1107 ter
169 1061 243 1106 non
264 1041 389 1123 aliquid
409 1043 452 1105 de
471 1043 632 1106 castitate
649 1040 796 1123 conjugii
813 1062 890 1105 cum
910 1062 976 1104 una
995 1058 1122 1105 uxore:
1148 1061 1226 1104 nam

69 1146 227 1202 contra
246 1136 405 1200 Divinam
421 1135 590 1216 justitiam
609 1146 674 1211 est,
695 1137 786 1219 quod
805 1138 862 1218 qui
884 1147 1079 1218 agnoscunt
1104 1137 1226 1209 Deum,

66 1252 130 1298 ac
168 1232 294 1295 vivunt
323 1253 369 1294 ex
399 1231 564 1313 religione
585 1231 681 1311 leges
700 1231 863 1313 justitiae.
885 1252 971 1313 quae
1001 1242 1080 1294 sunt
1110 1232 1227 1313 sugere

67 1326 192 1391 mala
208 1327 287 1410 quia
304 1334 425 1390 contra
441 1326 553 1389 Deum
569 1337 660 1401 sunt,
677 1336 713 1390 et
729 1325 841 1389 lacere
857 1327 948 1389 bona
964 1328 1041 1409 quia
1057 1346 1133 1390 cum
1152 1328 1232 1390 Deo·

64 1432 194 1495 sunt,
216 1421 499 1485 condemnentur.
760 1410 764 1416 ’

162 1529 266 1599 352.
296 1514 396 1599 (xvi.)
426 1515 497 1580 Sed
519 1514 610 1598 quod
632 1514 719 1578 rtulli
744 1537 787 1578 ex
811 1514 867 1578 his
893 1525 926 1579 et
951 1514 1021 1578 illis
1047 1514 1231 1580 consociari

55 1610 325 1691 possint-cum
343 1611 472 1693 angelis
496 1611 530 1674 in
552 1609 761 1675 Christianis
779 1610 1046 1674 caelin-Causa
1064 1622 1130 1685 est,
1150 1613 1229 1693 quia

62 1706 127 1771 in
166 1704 277 1769 caelis
307 1705 508 1769 Christianis
538 1716 591 1768 est
621 1705 681 1767 lux
711 1705 870 1768 caelestis
900 1727 987 1788 quae
1016 1716 1070 1768 est
1102 1706 1227 1769 Divina

62 1801 245 1874 veritas,
270 1809 305 1864 et
332 1812 386 1864 est
416 1800 512 1864 calor
533 1799 694 1864 caelestis
717 1801 773 1882 qui
799 1811 852 1863 est
876 1799 1020 1863 Divinus
1043 1820 1159 1878 amor;
1192 1812 1228 1864 et

58 1895 154 1961 illa
187 1895 259 1958 duo
281 1896 450 1977 detegunt
473 1894 586 1979 qualia
614 1905 692 1958 sunt
716 1915 797 1957 vera
825 1905 861 1957 et
891 1896 993 1971 bona,
1014 1904 1086 1959 tum
1115 1894 1228 1977 qualia

55 2000 179 2056 sunt
197 1991 289 2054 mala
307 2000 343 2054 et
362 1990 465 2054 salsa:
490 1991 569 2053 inde
586 1998 650 2065 est,
668 1990 759 2073 quod
779 1991 868 2053 inter
884 1990 998 2079 caelos
1015 1989 1227 2053 Christianos

58 2099 129 2151 et
148 2087 248 2150 inter
262 2085 377 2149 caelos
394 2085 667 2149 Mahumedanos
684 2087 795 2148 omnis
811 2086 1076 2148 communicatio
1092 2084 1230 2148 sublata

57 2184 140 2247 sit
159 2202 170 2260 ;
189 2182 348 2245 similiter
360 2182 450 2244 inter
461 2181 642 2262 gentilium
655 2180 771 2243 caelos
783 2202 792 2257 ;
811 2182 839 2243 si
852 2179 1117 2243 communicatio
1128 2180 1228 2256 foret,

61 2294 169 2341 non
194 2276 320 2338 salvari
344 2277 538 2357 potuissent
561 2275 629 2349 alii,
654 2295 756 2356 quarn
779 2275 836 2356 qui
866 2277 898 2337 in
927 2275 1002 2337 luce
1026 2274 1168 2337 caelesti
1191 2286 1228 2338 et

60 2369 203 2435 simul
228 2371 262 2432 in
285 2369 399 2433 calore
423 2370 565 2433 caelesti
588 2391 609 2432 a
637 2370 786 2433 Domino
809 2380 947 2433 essent:
978 2370 1083 2432 immo
1107 2389 1168 2433 nec
1192 2367 1227 2432 hi

59 2466 327 2540 salvarentur,
345 2465 372 2527 si
389 2463 582 2545 conjunctio
598 2464 770 2528 caelorum
787 2463 875 2528 soret
893 2485 900 2540 ;
924 2485 969 2526 ex
989 2462 1227 2544 conjunfflone

67 2561 195 2625 enim
215 2577 335 2622 omnes
355 2558 439 2622 caeli
458 2547 744 2622 labesaeta'rentur
762 2561 795 2622 in
815 2569 951 2622 tantum
971 2569 1008 2622 ut
1027 2559 1141 2640 angeli
1160 2579 1229 2623 non

66 2655 298 2738 potuissent
309 2655 508 2731 subsistere;
524 2676 543 2718 e
557 2654 818 2717 Mahumedanis
828 2655 916 2717 enim
931 2655 1098 2717 incastum
1112 2665 1146 2717 et
1160 2654 1228 2717 las·

71 2754 218 2815 civum
230 2748 385 2812 influeret
401 2749 435 2812 in
449 2748 678 2813 Christianum
692 2749 835 2823 caelum,
850 2750 940 2831 quod
957 2750 1002 2811 ibi
1020 2769 1087 2811 non
1101 2749 1229 2813 sufferri

76 2854 225 2928 posset
237 2865 246 2922 ;
263 2855 298 2907 et
311 2864 331 2907 a
343 2843 546 2908 Christianis
562 2844 717 2908 influeret
730 2854 862 2907 castum
876 2856 911 2906 et
925 2864 1043 2926 purum
1056 2846 1090 2907 in
1105 2845 1228 2909 Mahu-

58 2940 289 3004 -medanum
305 2938 449 3015 caelum,
466 2939 558 3022 quod
575 2959 637 3003 nec
654 2940 700 3002 ibi
717 2938 844 3020 sufferri
863 2950 1002 3021 posset:
1027 2950 1062 3002 et
1079 2950 1161 3003 tunc
1181 2961 1227 3003 ex

83 3034 417 3099 communicatione
447 3045 483 3098 et
513 3034 593 3097 inde
621 3033 870 3117 conjunffione,
899 3035 1014 3115 angeli
1042 3033 1228 3098 Christiani

91 3128 417 3215 fierentnnaturales
436 3139 471 3193 et
490 3131 538 3193 sic
561 3129 728 3206 adulteri;
752 3129 807 3192 vel
826 3130 854 3192 si
873 3140 1051 3192 manerent
1068 3130 1228 3209 spiritua·

90 3223 167 3299 les,
191 3225 318 3288 circum
348 3244 386 3287 se
415 3225 577 3287 continue
604 3225 773 3288 sentirent
803 3224 979 3298 lascivum,
1004 3225 1095 3306 quod
1126 3244 1228 3288 omne

97 3318 245 3383 beatum
264 3319 358 3382 vitae
381 3318 515 3381 illorum
534 3320 775 3400 interciperet:
803 3319 908 3400 parile
932 3320 1011 3401 quid
1031 3319 1126 3382 fieret
1150 3339 1227 3382 cum

99 3412 204 3478 caelo
220 3412 486 3488 Mahumedano,
504 3413 692 3495 spiritualia
707 3414 797 3477 enim
814 3414 899 3478 caeli
917 3413 1100 3477 Christiani
1117 3415 1229 3478 conti·

105 3528 170 3571 nue
186 3508 357 3571 ambirent
374 3517 410 3571 et
429 3518 630 3590 torquerent
649 3508 736 3582 illos,
755 3528 794 3572 ac
814 3528 915 3572 omne
931 3507 1117 3590 jucundum
1136 3507 1228 3572 vitae

106 3602 243 3667 illorum
262 3602 444 3678 auferrent,
464 3623 503 3666 ac
526 3603 663 3684 insuper
681 3603 892 3667 insinuarent
915 3604 1007 3686 quod
1031 3602 1230 3684 polygamla

108 3709 197 3762 esset
213 3708 405 3779 peccatum,
423 3708 459 3762 et
478 3698 525 3760 sic
541 3697 613 3779 jugi
630 3698 896 3778 increparentur.
942 3697 1039 3760 Haec
1056 3707 1229 3761 causaest

109 3792 196 3875 quod
212 3810 335 3856 omnes
351 3791 437 3855 caeli
453 3792 522 3855 sint
541 3812 678 3874 prorsus
694 3790 857 3867 distincli,
876 3802 912 3854 ut
932 3811 1001 3854 non
1022 3791 1122 3853 detur
1140 3791 1230 3855 inter

109 3887 183 3952 illos
213 3883 419 3969 conjunclio,
449 3906 551 3969 quam
582 3906 641 3968 per
670 3887 835 3950 influxum
865 3887 949 3950 lucis
983 3895 1018 3949 et
1053 3885 1175 3950 caloris
1208 3905 1230 3949 a

109 3980 257 4047 Domino
276 4002 295 4045 e
315 3980 388 4045 sole
407 3981 441 4045 in
461 3980 553 4061 cujus
575 3981 687 4045 medio
706 3992 779 4059 est;
811 3981 918 4046 ethic
938 3980 1085 4044 influxus
1109 4000 1226 4062 quem·

108 4075 189 4143 libet
204 4077 356 4143 illustrat
372 4086 407 4141 et
424 4075 573 4141 vivificat
589 4077 775 4142 secundum
791 4078 1037 4159 receptionem,
1054 4087 1090 4141 et
1109 4096 1228 4158 recep·
