2782 5026
137 446 202 513 ¹30
482 442 666 495 brucus
688 442 918 494 sammaa

136 567 1281 686 ροωιιιιῑ(Ιοειποιιειιιῐεεειωοιινίιιιπιπτἰίἱοοόιι·ετίῑιίε,<ῐῐιοῑ1Ιιοιιονὶἴθδ

135 696 311 764 lromopost
323 693 493 747 mortem?
1285 725 1294 765 ¹.

191 773 273 826 Dixit
285 774 433 831 sacerdos,
445 773 527 843 qnod
542 775 603 825 sint
617 774 669 842 qui
682 774 901 829 demonstrant.
912 773 966 826 sed
982 789 1046 826 non
1059 729 1281 828 convisens

135 853 197 905 “illi
205 853 479 921 quidemonstrant.
486 854 690 921 dicuntquod
699 864 915 905 contrannam
925 853 1075 906 radonem
1083 854 1124 907 sit
1131 804 1297 909 modest

133 932 217 1001 quod
233 931 327 984 homo
340 947 401 984 non
420 932 503 984 riu-at
518 933 611 984 bomo
629 932 687 984 nisi
705 948 794 1000 quarn
814 933 865 984 die
883 932 982 984 ultimi
997 932 1116 999 judicii.
1130 944 1163 986 et
1178 879 1297 1018 quod

134 1012 249 1064 interea
260 1011 300 1063 sit
313 1011 413 1063 anima
423 1012 537 1080 absque
548 1027 682 1078 corpore
718 1009 816 1080 Quid
828 1011 939 1067 anima.
952 1022 984 1064 et
996 1012 1049 1064 ubi
1063 1012 1118 1065 illa
1130 1012 1231 1066 intem

135 1088 217 1142 Num
230 1089 349 1148 balitus.
361 1100 415 1142 aut
426 1090 539 1158 aliquid
551 1091 635 1142 venti
647 1090 780 1142 volitans
798 1091 828 1142 in
842 1105 920 1147 aere.
932 1090 981 1143 tel
996 1105 1054 1143 ens
1069 1092 1247 1145 reconditum

135 1169 165 1222 in
180 1169 281 1222 medio
291 1180 397 1226 terrae,
410 1169 461 1221 nbi
476 1180 524 1222 est
538 1185 578 1236 pu
594 1167 685 1236 ejus?
722 1168 802 1221 Num
813 1169 933 1222 animae
946 1169 1059 1222 Adami
1076 1180 1110 1223 et
1131 1169 1216 1231 Evae,
1225 1179 1251 1222 et

132 1247 269 1301 omnium
279 1258 348 1316 post
358 1247 433 1305 illos.
440 1263 521 1300 nunc
530 1263 642 1316 persex
652 1248 745 1299 millia
754 1263 900 1300 annorum
912 1263 966 1300 seu
975 1248 1137 1317 sexaginta
1146 1248 1254 1304 saecula

133 1326 233 1381 adhuc
244 1327 371 1380 volitent
385 1326 415 1378 in
429 1327 577 1384 universo.
589 1338 643 1378 aut
655 1337 815 1380 teneantur
828 1327 959 1379 inclusae
973 1327 1004 1379 in
1017 1328 1194 1382 meditullio
1205 1340 1255 1382 ter·

134 1421 193 1464 rae.
207 1417 239 1458 et
250 1403 426 1474 exspeclent
438 1405 578 1458 ultimum
590 1404 758 1473 judicium?
794 1404 875 1474 Quid
890 1407 999 1459 anxius
1012 1416 1045 1458 et
1060 1407 1257 1462 miserabilius

133 1484 186 1537 tali
196 1482 441 1553 exspectatione?
456 1500 556 1536 nonne
565 1500 631 1538 sors
640 1485 759 1537 illorum
769 1496 869 1553 potest
878 1485 1046 1553 comparari
1056 1487 1136 1538 sorti
1147 1485 1257 1541 tinclo-

133 1579 200 1617 rum
212 1563 327 1617 eatenis
344 1575 377 1617 et
394 1564 508 1632 pedicis
526 1565 556 1616 in
574 1563 765 1617 carceribus?
802 1565 914 1617 Annon
933 1564 959 1618 si
978 1564 1049 1617 talis
1061 1581 1133 1620 sors
1146 1565 1257 1620 homini

134 1653 204 1712 post
216 1654 342 1695 mortem
356 1641 443 1701 foret.
455 1643 549 1695 satius
562 1641 641 1695 ioret
659 1643 740 1695 nasci
759 1643 861 1696 asinus
872 1659 964 1710 quarn
982 1643 1103 1696 homo?
1143 1645 1259 1699 Numne

132 1722 224 1775 etiam
239 1733 345 1775 contra
362 1721 508 1775 rationem
526 1733 573 1773 est
590 1722 722 1781 credere.
737 1722 819 1790 quod
837 1722 939 1774 anima
954 1722 1050 1790 possit
1066 1723 1190 1777 reindui
1209 1741 1261 1778 suo

132 1799 278 1870 corpore?
296 1811 382 1854 estne
392 1815 502 1869 corpus
513 1817 636 1854 exesum
648 1817 667 1853 a
679 1802 838 1859 vermibus,
848 1801 994 1859 muribus.
1007 1813 1039 1855 et
1052 1803 1212 1870 piscibus?
1228 1821 1261 1858 ac

134 1880 183 1933 isti
196 1895 277 1934 novo
288 1880 406 1948 corpori
420 1880 521 1932 induci
534 1880 668 1934 sceleton
681 1896 801 1933 osseum
811 1892 950 1934 exustum
963 1881 1037 1942 sole.
1047 1883 1098 1936 vel
1112 1883 1260 1953 dilapsum

134 1959 165 2013 in
184 1958 358 2028 pulverem?
393 1956 558 2028 Quomodo
575 1959 757 2012 cadaverosa
773 1971 805 2012 et
824 1960 930 2028 putida
949 1960 1001 2012 illa
1017 1961 1213 2031 colligentur,
1231 1975 1260 2017 et

131 2038 289 2093 animabus
301 2038 441 2091 unientur
448 2036 470 2091 Ρ·
507 2037 567 2092 Sed
581 2039 619 2091 ad
635 2039 716 2099 talia,
728 2055 797 2091 curn
809 2038 946 2099 audiunt.
960 2055 1021 2092 non
1037 2041 1206 2110 quicquam
1224 2058 1260 2097 er

133 2117 250 2199 ratione
262 2116 453 2186 respondent.
465 2117 518 2170 sed
529 2117 687 2170 inhaerent
699 2117 769 2171 fidei
783 2133 862 2177 suae,
876 2117 1058 2186 inquientes,
1074 2119 1259 2190 ‘captamus

133 2197 279 2250 rationem
290 2197 346 2250 sub
355 2197 528 2250 obedientia
536 2195 606 2249 fidei
615 2196 630 2249 :'
648 2198 685 2250 ad
696 2194 905 2250 colleclionern
915 2198 1052 2251 omnium
1065 2215 1104 2252 ex
1114 2201 1260 2269 sepulcris

132 2275 182 2330 die
201 2275 299 2329 ultimi
317 2275 431 2346 judicii,
449 2276 563 2336 dicunt.
583 2274 670 2329 ‘Hoc
687 2277 925 2345 omnipotentiae
943 2293 1022 2346 opus
1039 2279 1115 2339 est;'
1141 2291 1174 2334 et
1192 2296 1259 2333 cunr

132 2355 290 2409 nominant
303 2356 552 2424 omnipotentiam
571 2365 603 2409 et
621 2354 721 2414 fidem.
733 2357 852 2409 exsulat
870 2357 955 2417 ratio,
968 2366 999 2409 et
1019 2373 1146 2425 possum
1160 2359 1259 2414 dicere

131 2435 214 2504 quod
231 2445 304 2488 tunc
322 2450 395 2488 sana
406 2435 484 2488 ratio
501 2433 541 2488 sit
559 2434 637 2488 sicut
656 2433 739 2493 nihil,
752 2446 783 2488 et
801 2435 980 2503 quibusdam
993 2436 1076 2490 sicut
1088 2436 1259 2507 specirum

132 2514 226 2568 immo
239 2525 364 2583 possunt
377 2514 476 2568 dicere
488 2514 525 2566 ad
539 2529 641 2566 sanam
655 2514 812 2572 rationem.
825 2522 832 2540 ⁴
843 2512 977 2568 insanis!
988 2514 1004 2532 ’⁹

187 2591 244 2648 His
262 2593 373 2647 auditis
391 2593 530 2647 dixerunt
547 2593 698 2661 sapientes
716 2591 866 2653 Graeciae.
880 2592 1013 2647 “Nonne
1034 2593 1087 2648 illa
1106 2597 1260 2666 paradoxa

131 2673 211 2728 sicut
223 2670 455 2726 contradissoria
463 2672 648 2741 dissipantur
659 2687 677 2725 a
689 2671 816 2741 seipsis?
834 2683 865 2726 et
878 2683 979 2726 tamen
990 2673 1084 2728 hodie
1098 2674 1128 2729 in
1144 2677 1258 2731 mundo

131 2768 193 2806 non
207 2752 486 2822 dissiparipossunt
503 2767 522 2804 a
539 2766 612 2805 sana
624 2751 756 2811 ratione:
774 2751 847 2820 quid
861 2752 1042 2820 paradoxius
1054 2755 1140 2808 credi
1157 2765 1258 2825 potest

131 2847 221 2901 quam
236 2831 265 2884 id
278 2832 359 2900 quod
371 2841 506 2884 narratur
517 2831 555 2885 de
566 2831 673 2884 ultimo
680 2830 803 2899 judicio.
813 2831 896 2900 quod
908 2842 983 2885 tunc
992 2832 1170 2888 universum
1181 2835 1257 2905 peri-

131 2921 231 2964 turum
251 2911 298 2971 sit.
311 2921 342 2965 et
361 2911 442 2981 quod
455 2920 527 2964 tunc
539 2910 642 2963 stellae
661 2910 734 2963 caeli
753 2911 928 2980 delapsurae
947 2911 1009 2964 sint
1026 2927 1121 2982 super
1137 2924 1256 2975 terram.

131 3006 208 3060 quae
222 2990 320 3044 minor
328 2990 424 3044 stellis
436 3000 497 3050 est;
515 2999 546 3043 et
556 2989 638 3058 quod
648 3004 775 3058 corpora
787 2990 943 3043 hominurn
954 3002 1027 3044 tunc
1037 2991 1085 3046 vel
1099 2993 1256 3056 cadavera.

133 3069 177 3123 vel
187 3069 330 3124 ¹¹1mumia
337 3069 557 3124 abhominibus
572 3084 669 3128 exesa,
685 3069 732 3123 vel
751 3068 845 3128 flocci,
861 3069 1008 3123 coalitura
1026 3070 1089 3123 sint
1104 3087 1176 3126 cum
1195 3073 1256 3128 suis

130 3148 307 3204 animabus?
344 3147 407 3202 Nos
417 3148 488 3202 dum
502 3147 614 3202 luimus
627 3148 657 3200 in
671 3148 792 3209 mundo.
801 3149 982 3202 credidimus
993 3149 1256 3207 immortalitatem

130 3228 295 3283 animarum
310 3227 473 3288 hominum,
484 3244 520 3281 ex
535 3225 758 3281 induilionibus
768 3243 842 3297 quas
855 3228 933 3282 ratio
946 3228 1033 3282 nobis
1043 3230 1256 3286 subministra·

131 3307 184 3368 vit,
196 3318 228 3362 et
243 3323 364 3378 quoque
376 3307 597 3377 designavimus
612 3322 668 3375 pro
683 3306 779 3360 beatis
794 3306 867 3367 loca,
881 3322 957 3376 quae
972 3309 1151 3364 vocavimus
1167 3309 1256 3366 Carn-

131 3402 187 3457 pos
197 3386 321 3458 Elysios,
331 3399 363 3441 et
374 3387 556 3442 credidimus
566 3387 630 3441 illas
639 3402 704 3440 esse
714 3384 827 3456 effigies
839 3402 892 3440 seu
904 3386 1020 3457 species
1032 3386 1192 3454 humanas,
1202 3390 1254 3447 sed

130 3477 236 3521 tenues
248 3468 319 3536 quia
330 3465 528 3537 spirituales.'’

185 3546 350 3616 Postquam
363 3547 437 3601 haec
449 3544 620 3607 dictasunt,
633 3553 847 3598 converterunt
857 3560 889 3598 se
901 3544 940 3598 ad
952 3543 1079 3599 alterum
1093 3547 1255 3611 advenam.

129 3625 181 3696 qui
194 3625 225 3680 in
236 3626 349 3681 mundo
359 3625 455 3681 iuerat
466 3625 615 3696 politicus.
654 3623 712 3678 Hic
722 3623 877 3678 confessus
887 3634 941 3684 est,
952 3625 1033 3694 quod
1044 3640 1107 3679 non
1118 3629 1255 3683 credide-

129 3704 168 3758 rit
181 3705 274 3759 vitam
287 3717 355 3776 post
366 3716 493 3759 mortem
504 3723 511 3766 ς
530 3715 560 3758 et
574 3705 655 3774 quod
666 3704 844 3773 cogitaverit
857 3704 895 3757 de
909 3704 995 3757 novis
1006 3720 1083 3774 quae
1094 3707 1255 3762 audiverat

129 3785 167 3840 de
187 3785 341 3856 i11a‚quo‹1
360 3795 460 3840 essent
476 3784 619 3854 figmenta
636 3793 667 3838 et
687 3783 818 3837 inventa.
855 3790 871 3811 “
882 3782 1032 3839 Meditans
1051 3784 1091 3837 de
1110 3784 1164 3841 illa
1182 3787 1252 3848 dixi.

129 3863 291 3935 Quomodo
303 3875 428 3935 possunt
441 3864 557 3919 animae
570 3878 696 3933 corpora
705 3862 792 3918 esse?
811 3877 910 3916 annon
924 3878 1015 3916 omne
1025 3863 1160 3919 hominis
1172 3865 1254 3935 jacet

129 3954 283 3998 mortuum
303 3944 332 3998 in
352 3942 510 4015 sepulcro?
529 3952 614 3996 estne
631 3942 735 3996 oculus
755 3941 817 3997 ibi?
841 3942 998 4011 quomodo
1011 3952 1113 4011 potest
1125 3944 1253 4001 videre?

128 4034 213 4079 estne
225 4024 306 4079 nuris
319 4023 379 4079 ibi?
397 4022 551 4094 quomodo
565 4032 664 4091 potest
676 4020 801 4075 audire?
821 4021 901 4075 unde
912 4021 953 4074 illi
966 4035 1002 4075 os
1014 4036 1075 4090 quo
1088 4020 1253 4092 loquatur?

127 4103 153 4159 si
173 4103 287 4174 aliquid
300 4103 430 4158 hominis
442 4103 556 4157 viveret
576 4111 645 4171 post
665 4110 801 4162 mortem,
815 4116 886 4153 num
910 4098 988 4154 foret
1009 4099 1038 4152 id
1059 4100 1142 4154 aliud
1160 4119 1252 4172 quam

127 4183 225 4238 simile
241 4181 361 4237 larvae?
380 4182 534 4252 quomodo
548 4191 650 4250 potest
663 4180 745 4233 larva
757 4180 846 4234 edere
862 4190 893 4233 et
908 4177 1028 4232 bibere?
1046 4189 1077 4233 et
1093 4183 1252 4249 quomodo

128 4272 230 4332 potest
251 4261 359 4317 delicio
377 4260 538 4331 conjugiali
561 4259 640 4313 lrui?
661 4259 741 4313 unde
760 4259 787 4314 ei
807 4269 914 4320 vestes,
933 4257 1050 4319 domus,
1068 4257 1138 4319 cibi,
1158 4261 1252 4316 etsie

128 4340 238 4411 porro?
263 4352 293 4395 et
312 4341 418 4401 larvae,
435 4356 511 4410 quae
530 4349 600 4393 sunt
619 4338 732 4408 effigies
750 4354 853 4392 aereae
872 4346 1016 4407 apparent
1034 4336 1114 4390 sicut
1133 4337 1205 4400 sint.
1220 4350 1251 4395 et

127 4433 228 4477 tanim
245 4437 304 4475 non
320 4431 398 4476 sunt.
438 4418 520 4477 Haec
542 4430 573 4474 et
593 4419 703 4473 similia
723 4417 760 4472 de
782 4418 846 4471 vita
857 4416 1015 4471 hominurn
1032 4427 1105 4486 post
1121 4429 1251 4473 mortem
