2782 5026
401 477 451 529 ua
472 476 606 529 Auoau
623 477 943 546 comumnes-n.
966 479 1014 548 59.
1223 479 1261 548 55

311 649 367 718 (v.)
393 647 478 718 Quod
486 649 576 702 etaim
592 650 634 703 sit
646 666 730 703 amor
737 649 976 720 fundamentalis
987 651 1115 703 omnium
1128 666 1261 704 amorum

460 720 620 773 caelestium
633 727 661 774 et
671 721 885 790 spt'rt'tualium,
901 727 930 774 et
941 721 1009 774 clade
1020 721 1215 775 naturalium.

294 787 363 859 (vi.)
389 788 523 860 Quodque
535 792 568 843 in
577 791 660 844 t'llum
673 808 798 845 ammm
811 792 915 845 collata
927 793 989 844 sint
999 792 1221 862 ommiagaudt'a
1234 795 1264 845 ct

460 877 554 914 omnes
564 862 685 914 deliciae
696 879 714 914 a
724 865 837 931 prr'rnis
851 863 895 916 ad
903 862 1017 916 ultz'ma.

283 929 360 1001 (vii.)
387 930 446 985 Sed
457 932 536 1000 quod
543 948 599 984 non
615 932 674 984 alii
689 935 721 985 in
736 933 820 985 t‘llum
838 950 964 986 amorem
976 934 1106 994 veneunt,
1119 938 1146 985 et
1160 935 1193 985 in
1211 931 1262 987 illo

459 1019 515 1055 esse
526 1005 647 1072 possim,
663 1019 750 1071 quam
770 1005 825 1071 qui
839 1003 947 1056 adeunt
964 1005 1132 1066 Domitium,
1145 1019 1179 1055 ac
1190 1019 1261 1057 uera

458 1073 587 1126 ecclestiu
598 1079 708 1136 amant,
722 1080 750 1126 et
763 1074 834 1126 bona
847 1075 910 1143 q'us
915 1075 1049 1144 sacrant.

269 1140 357 1212 (viii.)
382 1143 469 1214 Quod
478 1142 528 1196 hic
536 1143 726 1213 amorsuert'l
733 1161 817 1197 amor
826 1160 956 1197 amorum
966 1144 1050 1213 apud
1057 1145 1199 1211 antt'quos,
1209 1144 1265 1211 qui

458 1216 490 1267 in
508 1213 619 1268 saeculo
632 1231 728 1276 aureo,
744 1221 879 1285 argenteo
893 1221 921 1267 et
937 1219 1041 1284 cupreo
1052 1217 1200 1276 vexerant,
1212 1213 1265 1267 sed

458 1285 536 1354 quod
542 1289 641 1354 postea
650 1288 806 1339 successive
809 1287 975 1357 sucesserat.

146 1420 341 1505 Explicatio
359 1421 481 1486 horum
500 1443 588 1487 nunc
608 1423 768 1506 sequitur.

200 1517 274 1601 5⁸·
298 1515 383 1600 [(i.)]
410 1514 507 1593 Quod
523 1519 622 1581 detur
642 1539 738 1581 amor
758 1539 835 1581 uere
854 1517 1062 1601 conyirgialis,
1086 1517 1147 1600 qui
1165 1516 1262 1580 hodae

145 1620 209 1676 tam
224 1633 328 1676 rarus
343 1622 404 1688 cst,
421 1622 460 1676 ut
480 1632 543 1675 non
565 1612 694 1676 sciatur
707 1612 819 1695 qualis
840 1623 900 1688 est,
917 1622 950 1676 ct
970 1614 1032 1676 vix
1052 1612 1143 1695 quod
1160 1612 1261 1675 sit.-

146 1704 241 1788 Quod
270 1708 370 1771 detur
398 1708 478 1771 talis
507 1727 603 1771 amor
630 1707 841 1789 conjugialis,
866 1707 974 1791 qualis
1000 1707 1203 1771 describitur
1224 1707 1258 1769 in

144 1799 189 1864 his
212 1802 448 1885 sequentibus,
473 1803 610 1886 quidem
637 1811 754 1885 potest
777 1804 919 1884 agnosci
950 1824 995 1866 ex
1025 1803 1135 1884 primo
1165 1809 1259 1864 statu

145 1894 227 1960 illius
243 1897 381 1972 amoris,
401 1897 538 1979 quando
557 1918 594 1960 se
612 1898 645 1959 in
665 1916 724 1960 cor
743 1896 876 1978 juvenis
895 1905 930 1960 et
950 1897 1091 1978 virginis
1110 1898 1259 1960 insinuat

144 2008 175 2054 ac
193 1992 326 2070 intrat3
350 1992 399 2055 ita
416 1992 507 2073 apud
526 1992 614 2068 illos,
632 1992 687 2075 qui
703 2011 804 2054 unam
822 1991 931 2054 solam
951 2013 969 2054 e
989 2012 1074 2054 sexu
1093 1993 1258 2074 incipiunt

141 2102 263 2164 amare,
284 2106 324 2150 ac
344 2080 537 2150 desiderare
555 2086 588 2149 in
612 2105 793 2168 sponsam;
818 2097 854 2149 et
873 2085 983 2149 adhuc
1009 2086 1084 2168 plus
1103 2095 1259 2167 tempore

140 2179 427 2265 desponsationis,
451 2183 531 2245 dum
562 2181 627 2244 hoc
658 2181 878 2263 protrahitur,
907 2191 943 2243 et
974 2180 1192 2263 progreditur
1215 2178 1258 2241 ad

134 2276 297 2359 nuptias3
321 2285 357 2338 et
376 2277 518 2339 tandem
535 2277 569 2338 in
588 2277 725 2357 nuptiis,
745 2284 781 2338 et
800 2274 915 2357 primis
935 2274 1054 2337 diebus
1073 2283 1151 2355 post
1171 2272 1258 2335 illas.

131 2362 220 2450 Quis
243 2379 328 2433 tunc
353 2390 421 2433 non
444 2371 614 2452 agnoscit,
635 2380 671 2434 et
694 2371 867 2434 consentit
891 2369 934 2433 ad
957 2369 1135 2451 sequentia
1159 2367 1256 2441 haec,

124 2465 226 2544 quod
250 2464 310 2528 ille
333 2484 428 2527 amor
449 2466 494 2528 sit
517 2464 781 2528 fundamentalis
804 2465 955 2527 omnium
979 2462 1157 2526 amorum?
1184 2471 1256 2524 tum

121 2559 226 2638 quod
247 2559 282 2621 in
302 2558 397 2621 illum
414 2558 543 2622 collata
562 2560 631 2622 sint
647 2560 761 2622 omnia
779 2560 904 2640 gaudia
923 2566 958 2621 et
977 2576 1097 2620 omnes
1114 2555 1256 2619 deliciae

117 2664 146 2712 a
168 2654 293 2738 primis
316 2654 360 2717 ad
384 2653 525 2718 ultima?
569 2653 616 2717 Et
636 2655 709 2736 quis
733 2673 801 2716 non
825 2655 901 2729 scit,
921 2653 1012 2736 quod
1036 2662 1115 2734 post
1138 2670 1255 2714 amoe-

115 2761 214 2813 num
230 2749 300 2812 hoc
316 2756 451 2831 tempus
463 2750 655 2812 successive
668 2756 847 2812 transeant
860 2758 896 2811 et
912 2749 1084 2811 facessant
1102 2745 1256 2808 laetitiae

114 2836 226 2919 illae,
252 2862 360 2925 usque
389 2843 530 2906 tandem
553 2851 590 2906 ut
612 2844 672 2905 vix
702 2843 854 2906 sentiant
882 2841 983 2925 illas?
1027 2840 1061 2904 Si
1085 2850 1166 2903 tunc
1189 2839 1257 2902 illis

114 2937 261 3003 dicitur
279 2936 371 3000 idem
389 2937 481 3020 quod
499 2937 601 3020 prius,
622 2938 712 3020 quod
730 2956 826 3000 amor
843 2935 900 2999 ille
923 2937 968 2999 sit
989 2934 1257 2999 fundamentalis

115 3031 289 3096 omnium
320 3051 483 3107 amorum,
512 3040 548 3094 et
576 3032 667 3114 quod
697 3032 730 3093 in
761 3030 856 3094 illum
885 3030 1013 3094 collata
1042 3031 1110 3093 sint
1141 3029 1257 3091 omnia

116 3127 263 3206 gaudia
290 3134 326 3189 et
355 3125 517 3201 laetitiae,
543 3146 611 3189 non
641 3125 862 3189 consentiunt
889 3144 952 3187 nec
975 3133 1190 3204 agnoscunt3
1221 3131 1257 3185 et

117 3218 223 3287 sorte
243 3220 374 3295 dicent,
391 3220 481 3303 quod
501 3221 569 3283 sint
589 3240 712 3302 nugae,
730 3228 789 3282 aut
809 3219 899 3301 quod
919 3219 987 3281 sint
1006 3219 1153 3297 mystica
1169 3235 1256 3298 quae

119 3316 397 3380 transcendunt.
442 3314 499 3377 Ex
522 3314 574 3377 his
597 3325 706 3398 patet,
726 3313 816 3396 quod
840 3332 936 3376 amor
958 3313 1148 3394 primitivus
1171 3329 1256 3373 con·

118 3400 216 3493 iugii
240 3409 431 3473 aemuletur
448 3428 600 3472 amorem
619 3428 699 3472 vere
718 3407 955 3488 conjugialem,
975 3416 1011 3469 et
1035 3407 1136 3469 sistat
1160 3404 1255 3468 illum

123 3503 322 3568 videndum
342 3503 375 3565 in
394 3503 541 3586 quadam
557 3503 729 3584 imagine;
752 3502 842 3584 quod
862 3499 910 3576 fit,
928 3501 1004 3583 quia
1021 3509 1102 3562 tunc
1122 3498 1256 3580 projec-

127 3606 192 3662 tus
215 3607 269 3663 est
297 3616 394 3661 amor
416 3618 531 3672 sexus,
551 3598 607 3679 qui
634 3605 688 3659 est
715 3597 880 3671 incastus,
900 3615 939 3659 ac
967 3594 1044 3657 loco
1067 3593 1138 3674 ejus
1160 3611 1256 3656 amor

129 3694 234 3755 unius
264 3713 283 3756 e
312 3712 409 3766 sexu,
433 3691 489 3773 qui
516 3700 570 3754 est
598 3711 694 3754 amor
715 3711 796 3753 vere
824 3689 1035 3770 conjugialis,
1060 3698 1095 3750 et
1126 3695 1253 3762 castus,

134 3783 264 3851 insidet
283 3786 515 3869 implantatus.
558 3784 642 3866 Quis
659 3794 740 3848 tunc
760 3804 828 3848 non
848 3781 981 3865 spectat
996 3782 1081 3846 alias
1097 3782 1256 3844 mulieres

135 3888 223 3945 nutu
241 3882 406 3955 inamato,
424 3900 464 3944 ac
483 3899 579 3943 suam
600 3880 733 3943 unicam
749 3879 890 3942 amato?

200 3988 274 4059 59.
305 3973 406 4057 Quod
426 3986 542 4039 tamen
562 3994 658 4037 amor
677 3996 755 4037 vere
774 3971 974 4054 conjugialis
990 3981 1062 4035 tam
1081 3989 1176 4034 rarus
1198 3968 1254 4044 sit,

143 4075 180 4132 ut
200 4089 267 4134 non
292 4072 420 4133 sciatur
438 4069 547 4153 qualis
570 4080 635 4144 est,
655 4078 690 4132 et
707 4071 767 4132 vix
786 4067 878 4150 quod
901 4068 956 4140 sit,
977 4076 1029 4129 est
1048 4066 1126 4147 quia
1144 4071 1255 4126 status

146 4164 388 4228 amoenitatum
413 4175 494 4227 ante
519 4165 666 4246 nuptias,
686 4173 765 4246 post
793 4162 870 4224 illas
893 4171 1046 4224 mutatur
1068 4160 1101 4221 in
1124 4167 1255 4220 statum

146 4255 385 4323 indifferentiae
398 4277 441 4321 ex
455 4257 719 4321 insensibilitate
732 4256 875 4320 illarum.
911 4255 1042 4319 Causae
1055 4251 1255 4315 mutationis

147 4349 226 4416 illius
254 4361 368 4418 status
397 4361 475 4415 sunt
503 4351 615 4433 plures
644 4371 745 4434 quam
774 4350 829 4413 hic
861 4357 1004 4431 possunt
1033 4345 1164 4423 afferri3
1194 4344 1256 4409 sed

149 4445 321 4514 afferentur
339 4447 374 4510 in
396 4446 628 4529 sequentibus,
648 4446 704 4509 ubi
727 4464 851 4510 causae
872 4445 1044 4525 frigorum,
1064 4439 1255 4522 separatio·
