2782 5026
382 108 431 159 DE
455 105 590 160 AMORE
612 106 1022 180 CONJUGIAL1.--N.4o3.
1195 117 1254 182 311

131 277 283 357 effectus,
305 281 569 362 progrediuntur
587 282 779 347 successive
802 292 840 347 ut
862 283 938 361 tria,
959 300 1063 367 usque
1082 293 1199 351 tamen
1221 287 1256 350 in

130 396 248 440 amore
272 377 485 458 procreandi,
505 397 545 441 ac
568 378 662 442 intus
691 378 725 441 in
753 379 895 460 singulis
919 381 1039 455 causis,
1060 390 1096 445 et
1125 382 1257 465 inipso

130 469 264 547 effectu,
284 492 389 535 unum
411 472 562 552 faciunt;
586 484 666 537 sunt
685 474 790 538 modo
809 494 932 539 causae
951 475 1149 552 efficientes,
1169 499 1257 561 quae

130 586 192 648 per
214 579 385 648 tempora,
409 568 488 650 quia
512 569 547 630 in
574 578 708 644 natura,
733 571 1007 651 progrediuntur,
1032 585 1257 653 permanente

127 661 258 744 jugiter
273 663 396 725 eodem
416 661 493 737 fine,
514 683 574 726 seu
593 664 786 738 voluntate,
807 675 842 728 et
862 683 999 744 amore;
1023 686 1102 729 nam
1119 666 1204 731 fines
1222 669 1256 731 in

127 767 256 821 natura
284 759 551 840 'progrediuntur
581 779 642 841 per
671 770 829 841 tempora
851 761 981 843 absque
1014 772 1181 845 tempore,
1195 764 1256 827 sed

131 870 201 915 non
222 864 367 933 possunt
387 854 522 935 prodire
541 865 577 917 et
600 854 745 936 prodere
769 875 806 917 se
829 864 1015 937 antequam
1034 856 1173 922 effectus
1195 880 1256 924 seu

130 966 212 1009 usus
230 948 352 1011 existit
375 957 411 1012 et
434 947 472 1011 fit
496 946 706 1030 subjecium3
736 960 841 1013 antea
859 970 927 1014 non
948 953 1060 1033 potuit
1079 972 1175 1018 amor
1196 954 1255 1019 ille

130 1060 247 1105 amare
265 1043 327 1105 nisi
347 1043 633 1125 progressionem,
652 1063 721 1107 nou
739 1055 856 1108 autem
875 1065 913 1107 se
932 1044 1064 1111 firmare
1083 1057 1119 1112 et
1138 1047 1254 1130 figere.
1364 1084 1367 1089 ·

130 1133 236 1218 Quod
256 1138 385 1219 periodi
405 1139 524 1201 talium
541 1139 819 1221 progressionum
835 1140 916 1215 sint,
933 1149 969 1203 et
989 1160 1049 1221 per
1063 1142 1140 1206 illas
1159 1163 1255 1209 crea·

130 1232 236 1295 tionis
255 1235 472 1296 conservatio
490 1234 523 1297 in
544 1242 639 1297 statu
659 1235 816 1315 praeviso
835 1244 871 1298 et
891 1235 1039 1317 proviso,
1056 1248 1175 1300 notum
1189 1249 1253 1304 est.

130 1323 245 1391 Series
260 1336 378 1391 autem
390 1329 514 1391 amoris
530 1328 698 1392 infantum
714 1349 735 1391 a
751 1331 903 1393 maximo
919 1329 962 1392 ad
980 1331 1155 1394 minimum
1171 1331 1252 1414 ejus,

128 1421 178 1486 ita
195 1422 240 1486 ad
257 1424 439 1486 terminum
456 1423 538 1504 ejus,
555 1425 604 1487 ita
623 1425 667 1486 ad
687 1425 871 1487 terminum
890 1424 924 1487 in
941 1445 1008 1506 quo
1023 1426 1180 1490 subsistit
1194 1437 1254 1493 aut

128 1516 268 1592 desinit,
289 1528 343 1581 est
361 1519 572 1599 retrograda,
593 1519 753 1600 quoniam
773 1528 827 1582 est
844 1519 1031 1582 secundum
1051 1519 1253 1585 decrescen-

128 1613 213 1677 tiam
232 1614 452 1678 innocentiae
472 1615 505 1676 in
525 1611 690 1695 subjecto,
710 1623 746 1677 et
769 1633 903 1697 quoque
922 1624 1065 1697 propter
1082 1616 1253 1697 periodos.

192 1722 296 1790 4⁰2·
321 1705 422 1790 (xiii.)
450 1707 548 1785 Quod
576 1729 672 1772 amor
704 1708 872 1788 infantum
905 1708 1090 1785 descendat,
1120 1718 1154 1771 et
1189 1730 1253 1773 non

128 1801 310 1875 ascendat,·
331 1802 399 1866 hoc
416 1813 481 1875 est,
499 1803 591 1884 quod
608 1804 797 1866 descendat
817 1824 838 1866 a
852 1805 1077 1885 generatione
1096 1805 1129 1867 in
1145 1824 1252 1886 gene-

128 1897 310 1971 rationem,
331 1917 390 1960 seu
413 1917 434 1961 a
456 1896 533 1960 filiis
551 1907 587 1960 et
610 1897 743 1962 filiabus
766 1899 810 1961 ad
834 1906 981 1978 nepotes
1003 1908 1040 1962 et
1063 1907 1195 1981 neptes,
1215 1908 1253 1964 et

129 1990 221 2074 quod
253 2011 322 2054 non
346 1992 391 2055 ab
409 1992 461 2055 his
485 1993 528 2056 ad
553 2004 668 2074 patres
691 2003 727 2056 et
751 2004 880 2057 matres
899 1993 1054 2069 familias,
1073 1993 1251 2069 ascendat,

128 2097 251 2150 notum
274 2097 338 2150 est.
383 2087 494 2151 Causa
512 2089 715 2152 incrementi
738 2087 809 2170 ejus
831 2089 865 2151 in
889 2089 1057 2152 descensu
1080 2098 1134 2152 est
1156 2109 1253 2152 amor

127 2178 352 2245 fructificandi
376 2203 436 2245 seu
459 2182 670 2263 producendi
689 2204 779 2257 usus,
804 2194 840 2247 et
862 2184 976 2266 quoad
999 2203 1108 2266 genus
1130 2185 1251 2246 huma-

128 2295 220 2351 num,
246 2287 299 2339 est
327 2296 423 2340 amor
447 2278 698 2360 multiplicandi
721 2278 828 2355 illud;
862 2278 923 2341 sed
947 2277 1013 2341 hoc
1036 2278 1134 2341 unice
1157 2278 1252 2342 ducit

129 2372 297 2454 originem
316 2392 361 2435 ex
379 2371 539 2448 Domino,
557 2374 648 2456 quod
667 2374 744 2455 Ipse
763 2374 796 2437 in
816 2372 1100 2455 multiplicatione
1116 2373 1252 2455 generis

130 2465 269 2531 humani
292 2464 427 2548 spectet
461 2469 760 2532 conservationem
784 2469 978 2544 creationis,
1003 2487 1043 2531 ac
1077 2477 1115 2531 ut
1148 2466 1250 2530 finem

128 2560 224 2642 hujus
239 2561 399 2625 ultimum
412 2563 544 2626 caelum
556 2563 760 2645 angelicum,
775 2563 866 2645 quod
879 2563 977 2626 unice
992 2572 1047 2625 est
1063 2582 1109 2625 ex
1124 2581 1251 2644 genere

127 2655 298 2735 humano;
330 2668 367 2720 et
396 2659 475 2740 quia
502 2657 635 2721 caelum
663 2659 858 2740 angelicum
884 2667 937 2721 est
964 2656 1040 2720 finis
1068 2656 1194 2732 finium,
1215 2668 1251 2721 et

128 2752 205 2816 inde
235 2771 333 2815 amor
361 2771 515 2815 amorum
544 2755 634 2835 apud
666 2754 862 2828 Dominum,
881 2752 960 2816 ideo
988 2762 1042 2817 est
1072 2753 1257 2816 animabus

127 2846 302 2910 hominum
332 2846 557 2929 implantatus
587 2868 656 2911 non
686 2849 790 2911 modo
820 2868 916 2911 amor
946 2848 1157 2928 procreandi,
1188 2847 1249 2910 sed

127 2944 231 3007 etiam
244 2942 383 3005 amandi
400 2951 581 3024 procreata
596 2944 630 3005 in
646 2944 919 3007 successionibus
934 2964 942 3021 ;
966 2943 1045 3006 inde
1061 2944 1166 3007 etiam
1183 2953 1249 3018 est,

127 3037 216 3119 quod
240 3036 295 3100 hic
319 3056 414 3099 amor
433 3036 542 3100 solum
563 3038 663 3101 detur
685 3039 775 3120 apud
798 3039 983 3114 hominem,
1001 3048 1036 3102 et
1067 3058 1136 3102 non
1158 3038 1249 3120 apud

126 3132 274 3216 aliquam
289 3132 436 3196 bestiam
451 3142 487 3196 et
507 3152 616 3196 avem.
663 3131 764 3215 Quod
784 3133 838 3197 hic
854 3153 950 3197 amor
965 3133 1055 3214 apud
1074 3132 1248 3196 hominem

127 3226 317 3291 descendat
336 3228 536 3303 crescendo,
556 3237 609 3291 est
633 3248 767 3309 quoque
790 3248 835 3291 ex
859 3227 968 3309 gloria
989 3226 1140 3303 honoris,
1161 3249 1248 3311 quae

126 3323 282 3385 similiter
304 3323 393 3404 apud
421 3322 516 3386 illum
539 3324 727 3387 secundum
749 3323 1034 3405 amplificationes
1057 3325 1247 3402 accrescit;

126 3418 215 3500 quod
236 3437 332 3481 amor
348 3417 487 3481 honoris
506 3429 542 3482 et
561 3419 691 3501 gloriae
707 3419 849 3501 recipiat
868 3419 901 3483 in
920 3439 957 3482 se
974 3438 1125 3482 amorem
1137 3418 1247 3481 infan-

126 3524 197 3577 tum
221 3512 420 3576 influentem
443 3534 464 3577 a
486 3513 646 3589 Domino,
670 3524 706 3578 et
730 3515 819 3578 hunc
843 3514 945 3578 saciat
968 3515 1055 3578 sicut
1078 3533 1185 3588 suum,
1210 3513 1244 3576 in

125 3609 268 3672 articulo
287 3619 455 3691 sequente
476 3608 576 3692 (xvi.)
594 3610 772 3673 videbitur.

185 3718 292 3786 403.
317 3702 419 3786 (xiv.)
446 3704 543 3782 Quod
556 3704 644 3767 alius
659 3714 771 3768 status
785 3704 913 3767 amoris
928 3703 1089 3767 uxoribus
1104 3703 1153 3766 sit
1169 3713 1248 3769 ante

125 3800 368 3880 concepttbnem,
386 3810 418 3864 et
435 3800 524 3863 alius
542 3811 655 3864 status
667 3801 858 3882 postillam
872 3820 975 3882 usque
991 3799 1041 3862 ad
1049 3809 1248 3880 partum.—

127 3892 204 3958 Hoc
224 3895 406 3959 adducitur
423 3896 468 3958 ob
487 3895 588 3959 finem
608 3904 645 3959 ut
665 3897 792 3960 sciatur
810 3896 901 3977 quod
921 3914 1016 3958 amor
1032 3894 1244 3977 procreandi,

125 3999 162 4052 et
177 3990 257 4053 inde
273 4011 419 4072 sequens
435 4010 530 4054 amor
547 3992 726 4072 procreati,
745 3992 789 4054 sit
804 3992 925 4054 insitus
941 3991 1047 4053 amori
1064 3989 1245 4071 conjugiali

125 4085 217 4168 apud
232 4086 385 4162 seminas,
403 4096 439 4151 et
457 4087 548 4170 quod
568 4087 637 4150 bini
656 4085 705 4150 illi
720 4106 855 4151 amores
870 4084 960 4168 apud
978 4084 1073 4148 illam
1089 4085 1245 4149 dividan-
