2782 5026
309 112 360 162 ns
382 111 515 162 anons
538 111 858 178 conmotam-n,
881 111 950 180 135.
1125 114 1158 162 11
1165 114 1183 180 3

40 297 142 356 quare
156 281 243 338 sicut
257 281 355 336 homo
363 281 453 337 sumit
463 282 620 361 scientiam
629 283 667 338 ab
680 282 754 343 aliis.
766 281 808 337 ita
820 298 852 338 se
864 280 892 337 ei
905 280 1044 352 adjungit
1053 297 1138 336 amor
1150 294 1184 336 ut

42 363 110 433 ejus
134 377 257 417 comes
299 360 480 417 Universalis
500 378 591 423 amor,
604 363 656 433 qui
676 379 708 418 se
729 361 937 432 adjungit,.est
958 377 1043 416 amor
1060 362 1183 424 sciendi,

45 440 248 512 intelligendi
262 450 295 496 et
307 441 458 511 sapiendi:
474 441 523 496 hic
532 457 617 496 amor
629 452 675 496 est
687 441 744 496 soli
758 441 872 495 homini
886 450 917 495 et
930 433 1003 494 nulli
1017 441 1138 502 bestiae.
1148 457 1183 496 ac

47 519 152 577 influit
164 535 185 576 a
199 519 278 575 Deo.
319 519 383 575 Nos
395 520 590 576 convenimus
599 537 668 575 cum
679 521 833 575 sodalibus
843 521 953 576 nostris
965 521 1004 575 ab
1016 521 1183 582 occidente,

47 600 133 673 quod
144 600 244 655 homo
259 615 321 654 non
332 610 471 655 nascatur
483 601 513 654 in
527 601 620 655 ullum
630 615 772 660 amorem,
782 610 814 654 et
827 601 896 658 inde
910 616 965 655 nec
979 601 1007 654 in
1023 600 1113 654 ullam
1126 599 1183 654 sci-

49 678 176 741 entiam,
190 679 246 734 sed
262 679 345 751 quod
361 681 457 734 solum
474 691 612 735 nascatur
627 680 657 734 in
674 679 898 734 inclinationem
913 680 951 733 ad
970 679 1140 739 amandum,
1152 690 1184 733 et

53 757 122 814 inde
137 759 171 812 in
184 757 362 814 facultatem
377 759 415 813 ad
432 759 636 828 recipiendum
652 759 801 820 scientias.
818 775 878 812 non
898 774 916 812 a
934 775 965 812 se
984 760 1037 813 sed
1056 760 1094 813 ab
1109 759 1183 820 aliis,

55 841 112 894 lroc
127 847 186 899 est,
203 853 258 908 per
272 838 364 899 alios:
383 853 436 908 per
450 839 525 894 alios
540 839 659 900 dicitur,
674 839 746 909 quia
761 853 816 893 nec
831 837 862 892 hi
878 849 1054 906 receperunt
1069 838 1182 909 aliquid

56 916 202 974 scientiae
214 932 233 971 a
246 933 288 979 se,
301 917 354 972 sed
368 933 386 972 a
400 917 475 972 Deo.
513 917 718 973 Convenimus
726 918 817 972 etiam
830 933 897 972 cum
912 917 1064 972 sodalibus
1074 918 1184 972 nostris

58 996 93 1054 ad
106 996 357 1066 septentrionem,
368 997 449 1067 quod
461 995 554 1051 homo
562 997 690 1067 primum
703 1007 790 1051 natus
800 997 839 1051 sit
849 997 926 1051 sicut
937 997 1047 1052 humus
1059 997 1107 1051 cui
1122 1013 1182 1051 non

59 1073 158 1145 aliqua
166 1076 283 1130 semina
294 1075 470 1146 implantata
479 1087 558 1137 sunt,
568 1076 621 1131 sed
634 1076 682 1130 cui
695 1076 798 1131 omnia
806 1086 867 1130 tam
878 1076 990 1130 nobilia
999 1092 1088 1146 quam
1099 1076 1184 1146 igno·

61 1153 130 1209 bilia
143 1154 314 1225 implantari
329 1165 465 1224 possunt.
504 1155 560 1210 His
575 1155 742 1225 adjicimus,
755 1155 836 1225 quod
853 1156 966 1210 bestiae
979 1166 1138 1210 nascantur
1153 1155 1183 1210 in

64 1234 207 1288 naturales
218 1249 345 1294 amores.
358 1244 389 1289 et
405 1234 474 1289 inde
491 1234 520 1288 in
536 1234 677 1289 scientias
692 1234 749 1289 illis
764 1234 1041 1304 correspondentes,
1054 1245 1085 1288 et
1099 1235 1182 1304 quod

67 1327 155 1381 usqm
164 1328 223 1367 non
232 1313 348 1383 aliquid
357 1329 395 1368 ex
408 1313 542 1368 scientiis
554 1313 659 1374 sciant,
669 1313 813 1382 cogitent,
825 1313 1002 1384 intelligant,
1013 1324 1043 1367 et
1056 1314 1181 1384 sapiant,

69 1390 118 1444 sed
126 1393 200 1461 quod
211 1407 266 1462 per
274 1392 339 1446 illas
347 1392 384 1446 ab
394 1393 546 1446 amoribus
556 1392 616 1447 suis
627 1391 766 1453 letantur,
775 1408 870 1462 paene
879 1393 957 1447 sicut
966 1393 1046 1447 caeci
1057 1407 1112 1462 per
1121 1393 1183 1462 pla-

70 1479 130 1523 teas
140 1485 156 1524 a
166 1471 297 1530 canibus,
306 1472 407 1541 quoad
422 1469 608 1526 intelledlum
619 1471 698 1526 enim
712 1486 818 1525 caecae
831 1481 917 1534 sunt:
936 1482 987 1525 aut
998 1473 1098 1541 potius
1106 1472 1184 1527 sicut

73 1545 316 1611 notiambulones,
326 1550 377 1622 qui
391 1565 429 1604 ex
441 1566 530 1605 caeca
542 1549 676 1613 scientia,
686 1551 788 1621 sopito
803 1549 967 1614 intellectu,
980 1551 1093 1606 iaciunt
1105 1567 1183 1622 quae

76 1624 182 1684 iaciunt.

124 1705 231 1764 Ultimo
243 1707 338 1763 locuti
351 1717 424 1763 sunt
435 1707 598 1771 orientales,
611 1717 643 1762 et
659 1707 808 1770 dixerunt.
823 1706 1061 1764 “Consentimus
1073 1709 1111 1762 ad
1125 1709 1183 1771 illa,

10 1797 15 1830 t
81 1797 143 1851 quae
153 1787 257 1843 iratres
273 1787 369 1841 nostri
386 1787 480 1842 locuti
494 1797 573 1848 sunt.
586 1788 668 1858 quod
685 1789 777 1843 homo
790 1787 865 1842 nihil
881 1788 959 1842 sciat
973 1803 1010 1841 ex
1026 1804 1066 1848 se,
1078 1788 1130 1842 sed
1147 1803 1185 1842 ex

10 1872 16 1910 t
82 1861 135 1919 aliis
147 1877 175 1921 et
192 1882 247 1937 per
264 1865 348 1927 alios.
365 1877 400 1920 ut
418 1877 583 1937 cognoscat
601 1877 632 1922 et
650 1877 795 1937 agnoscat
810 1866 892 1937 quod
909 1866 1012 1920 omnia
1025 1882 1102 1936 quae
1119 1867 1184 1928 scit,

12 1950 17 1988 ι
84 1937 210 2016 intelligit,
219 1956 252 2001 et
265 1946 353 2016 sapit,
367 1947 428 2000 sint
442 1961 461 2000 a
477 1945 560 2008 Deo:
581 1956 613 2001 et
627 1947 709 2017 quod
724 1945 817 1999 homo
830 1962 889 2000 non
904 1945 992 1999 aliter
1005 1946 1100 2014 possit
1112 1962 1185 2000 con-

10 2033 17 2070 ,¹
85 2019 219 2089 cipiuasci
233 2035 265 2080 et
276 2025 412 2096 generari
426 2041 444 2079 a
458 2024 599 2087 Domino,
610 2041 645 2079 ac
658 2024 721 2079 fieri
737 2023 834 2095 Ipsius
845 2025 944 2095 imago
957 2035 988 2079 et
1001 2025 1185 2086 similitudo;

10 2110 15 2147 t
88 2112 138 2179 uam
152 2103 248 2175 imago
268 2103 393 2158 Domini
415 2103 458 2165 fit,
474 2120 528 2174 per
548 2105 631 2174 quod
650 2114 795 2175 agnoscat
815 2114 847 2158 et
868 2104 979 2166 eredat,
993 2104 1074 2174 quod
1094 2120 1185 2159 omne

88 2175 175 2236 bonum
186 2183 301 2240 amoris
314 2193 346 2237 et
358 2181 523 2244 charitatis,
531 2194 562 2238 et
575 2179 664 2238 omne
677 2200 781 2238 verum
791 2184 956 2254 sapientiae
969 2194 1000 2237 et
1013 2183 1091 2245 fidei,
1101 2198 1186 2238 acce·

10 2266 15 2303 l
89 2260 187 2322 vetitet
200 2262 332 2332 accipiat
345 2278 384 2317 ex
401 2261 541 2325 Domino,
557 2273 589 2318 et
608 2279 645 2318 ne
661 2262 757 2317 hilum
773 2279 810 2318 ex
825 2279 872 2325 se;
894 2273 925 2316 et
939 2262 1106 2317 similitudo
1123 2262 1186 2318 Do·

10 2347 13 2381 ί
90 2337 144 2392 mini
155 2341 194 2403 lit,
208 2357 263 2412 per
275 2341 358 2411 quod
372 2340 486 2396 sentiat
500 2341 549 2396 illa
565 2342 595 2396 in
610 2357 651 2404 se,
664 2342 743 2397 sicut
756 2358 775 2397 a
789 2358 837 2404 se;
856 2342 915 2396 hoc
927 2343 1028 2403 sentit,
1040 2342 1111 2412 quia
1124 2359 1185 2397 non

90 2417 195 2474 nascitur
208 2420 240 2475 in
256 2420 407 2492 scientias,
423 2421 476 2476 sed
492 2421 602 2491 accipit
618 2421 692 2483 illas,
708 2432 739 2476 et
754 2422 835 2492 quod
851 2421 987 2490 accipiat,
1002 2432 1127 2491 apparet
1142 2422 1185 2476 illi

90 2491 173 2553 tituta
184 2515 231 2562 se;
251 2500 294 2554 ita
307 2499 420 2555 sentire
432 2500 523 2554 etiam
534 2501 625 2554 datur
638 2500 754 2555 homini
767 2516 786 2555 a
800 2500 940 2563 Domino,
951 2510 984 2554 ut
997 2501 1036 2555 sit
1050 2501 1142 2556 homo
1154 2512 1186 2556 et

91 2585 135 2627 nou
145 2577 245 2641 bestia,
261 2579 407 2650 quoniam
424 2578 522 2648 perid
537 2579 619 2649 quod
635 2579 717 2640 velit,
732 2579 856 2650 cogitet,
872 2590 960 2640 amet,
977 2581 1060 2640 sciat,
1077 2581 1185 2636 intelli-

90 2659 133 2714 3²1,
142 2665 169 2709 tt
181 2656 278 2726 sapiat
291 2656 371 2710 sicut
387 2671 424 2710 ex
439 2671 479 2718 se,
493 2657 598 2728 recipit
612 2656 762 2719 scientias,
774 2667 807 2711 et
821 2656 935 2711 exaltat
950 2657 1014 2712 illas
1031 2657 1060 2711 in
1077 2657 1186 2713 intelli-

91 2732 248 2798 sniumei
263 2751 319 2806 per
332 2734 448 2789 illarum
465 2751 536 2790 usus
552 2736 580 2789 in
597 2736 789 2806 sapientiam
808 2736 850 2791 ita
866 2735 1014 2791 Dominus
1029 2738 1187 2809 conjungit

92 2800 215 2869 honinem
226 2813 301 2875 Sibi,
314 2824 347 2869 et
360 2813 453 2868 homo
466 2829 498 2868 se
511 2813 651 2869 Domino.
690 2814 774 2871 Haec
787 2831 847 2870 non
861 2815 923 2870 lieri
938 2816 1116 2885 potuissent,
1130 2817 1186 2872 nisi

91 2884 225 2948 ansuino
237 2893 393 2965 provisum
408 2892 506 2954 luerit,
517 2903 550 2947 ut
563 2892 655 2948 homo
669 2894 698 2947 in
712 2894 798 2948 totali
813 2894 979 2964 ignorantia
990 2891 1186 2952 nasceretur.''

130 2966 191 3026 Post
203 2972 262 3028 hoc
273 2972 409 3033 effatum,
420 2973 581 3027 voluerunt
593 2988 706 3034 omnes,
718 2983 752 3027 ut
762 2989 799 3027 ex
811 2973 963 3028 ventilatis
972 2974 1056 3028 fieret
1065 2977 1188 3030 conclu-

91 3055 180 3110 ’πει
191 3050 304 3108 haum
317 3061 366 3106 est
379 3051 453 3106 hoc:
469 3058 485 3080 ‘⁶
494 3050 583 3122 Quod
598 3053 690 3107 homo
704 3062 841 3107 nascatur
854 3053 883 3105 in
897 3054 1008 3107 nullam
1021 3055 1186 3114 scientiam.

92 3131 202 3195 utpomit
213 3130 319 3186 venire
332 3130 364 3183 in
377 3145 507 3192 omnem,
518 3140 549 3185 et
559 3130 696 3201 progredi
710 3131 740 3185 in
754 3131 990 3201 intelligentiam,
1001 3144 1031 3187 et
1045 3133 1187 3202 perhanc

90 3199 300 3278 insolentiam
319 3219 352 3263 et
364 3209 446 3278 quod
458 3219 596 3264 nascatur
609 3209 639 3262 in
653 3210 766 3263 nullum
780 3226 921 3270 amorem,
932 3221 966 3263 ut
979 3213 1074 3280 possit
1086 3213 1188 3267 venire

89 3277 232 3350 inomnem,
246 3304 302 3359 per
314 3288 533 3358 applicationes
544 3287 735 3342 scientiarum
748 3304 785 3342 ex
799 3289 1003 3360 intelligentia,
1017 3291 1091 3345 etin
1105 3308 1188 3346 amo·

87 3374 134 3415 reru
146 3364 173 3419 in
188 3365 356 3422 Dominum
372 3382 425 3436 per
439 3383 571 3421 amorem
587 3382 657 3437 erga
672 3366 848 3436 proximum,
861 3378 893 3421 et
908 3368 951 3422 sic
966 3371 1109 3441 conjungi
1126 3371 1188 3426 Do·

86 3439 159 3504 mino,
172 3456 201 3500 et
213 3461 269 3516 per
282 3445 356 3499 illud
371 3444 433 3499 fieri
448 3445 548 3506 homo,
561 3456 593 3499 et
602 3446 703 3500 vivere
717 3446 746 3499 in
760 3447 941 3500 aetemum.”

125 3533 201 3596 133.
227 3524 303 3579 Post
319 3525 394 3579 haec
409 3535 602 3595 sumpserunt
614 3525 757 3586 chartam,
770 3535 801 3580 et
816 3525 937 3578 tertium
952 3525 1103 3596 objectum
1117 3543 1188 3582 ven·

80 3597 209 3659 tilationis
226 3604 375 3675 legerunt,
394 3602 475 3675 quod
500 3614 573 3666 erat,
595 3605 677 3674 Quid
695 3605 845 3676 sgnzficat
860 3605 970 3658 “arbor
992 3607 1098 3667 ortae?
1117 3607 1193 3675 quid

77 3680 174 3735 “arbor
183 3685 324 3738 scr‘entiae
338 3682 446 3737 boniet
460 3683 559 3746 mali,”
571 3688 601 3738 et
617 3684 692 3752 quid
701 3691 717 3712 ‘⁴
726 3700 789 3738 esus
800 3700 837 3737 cx
848 3683 909 3736 illis
917 3684 946 3746 ‚·''
965 3694 996 3737 et
1010 3697 1189 3753 rogaverunt

74 3774 178 3823 ornnes,
192 3772 227 3816 ut
248 3761 292 3817 illi
316 3761 368 3832 qui
392 3777 429 3816 ex
447 3762 564 3819 oriente
579 3774 672 3823 erant,
685 3763 859 3817 evolverent
877 3763 936 3817 hoc
956 3779 1105 3827 arcanum,
1119 3764 1191 3834 quia

70 3837 267 3911 profundioris
280 3838 455 3896 intellectus
467 3852 522 3904 est,
534 3851 567 3897 et
581 3842 653 3912 quia
665 3842 707 3896 illi
722 3841 773 3911 qui
789 3857 826 3896 ex
841 3841 956 3895 oriente
970 3852 1048 3902 sunt,
1063 3843 1093 3896 in
1107 3844 1190 3897 liam·

68 3933 134 3973 mm
145 3917 217 3983 luce,
227 3920 288 3976 hoc
299 3930 356 3983 est,
371 3919 400 3974 in
415 3921 525 3976 amoris
534 3921 681 3992 sapientia
689 3930 776 3981 sunt;
794 3929 825 3973 et
838 3920 911 3973 haec
920 3920 1066 3989 sapientia
1079 3921 1190 3978 intelli-

63 3997 152 4135 82ιὲ
166 4014 217 4070 per
234 4000 386 4057 “hortum
408 4000 437 4053 in
463 3999 590 4062 Edenel·
611 4000 639 4054 in
661 4016 724 4072 quo
746 3999 813 4054 illae
835 3998 911 4054 duae
932 4000 1052 4054 arbores
1074 4002 1192 4071 positae

154 4088 195 4135 tlt.
