2782 5026
364 347 417 396 na
440 344 574 395 anons
596 341 916 409 comumnes-u.
934 342 987 408 40.
1215 341 1255 410 35

127 515 252 583 exilia
277 516 423 600 spiritus
446 515 652 591 iaustitates,
677 523 712 579 et
735 515 798 578 has
823 514 968 598 percipit
992 512 1065 579 dari
1087 533 1164 579 cum
1187 536 1255 580 una

128 633 246 689 uxore,
268 631 351 676 cum
370 632 437 694 qua
455 622 622 694 perpetuo
645 610 721 693 plus
739 621 775 674 et
799 611 875 693 plus
898 609 1059 692 conjungi
1083 620 1200 693 potest
1222 612 1256 674 in

126 728 253 788 unum;
286 716 324 772 et
352 728 420 790 quo
449 707 525 791 plus
554 709 604 770 ita
633 705 861 788 conjungitur,
887 705 1032 788 percipit
1060 705 1257 769 faustitates

127 824 207 866 suas
233 805 271 866 in
300 803 402 865 simili
429 803 539 884 gradu
568 803 808 875 ascendentes,
834 809 870 865 et
895 800 958 863 has
989 809 1192 863 constantes
1222 801 1256 864 in

129 908 335 976 aeternum3
359 907 397 960 at
414 896 579 960 naturalis
595 898 699 960 homo
715 897 780 959 hoc
798 917 867 959 non
880 897 1026 977 cogitat.
1064 895 1149 959 Inde
1166 915 1255 959 nunc

127 1002 184 1057 est
214 994 310 1075 quod
340 993 485 1066 dicatur,
517 992 607 1074 quod
637 1011 733 1054 amor
763 991 964 1072 conjugialis
994 999 1074 1073 post
1108 999 1256 1054 mortem

127 1098 272 1151 maneat
303 1087 393 1170 apud
420 1086 499 1149 illos
528 1087 584 1168 qui
613 1086 647 1149 in
674 1084 807 1149 caelum
834 1087 986 1163 veniunt,
1010 1085 1067 1168 qui
1097 1094 1178 1148 sunt
1200 1085 1256 1166 qui

126 1180 327 1264 spirituales
346 1181 497 1244 interris
516 1179 611 1243 fiunt.

195 1291 271 1358 39.
299 1274 363 1358 (v.)
387 1275 480 1338 Haec
491 1274 589 1356 plene
602 1275 798 1358 confirmata
815 1284 881 1357 per
893 1272 1256 1357 Autopst‘am.-Quod

126 1370 238 1434 homo
254 1371 349 1434 vivat
369 1370 473 1433 homo
490 1378 568 1450 post
585 1381 744 1446 mortem,
763 1380 799 1435 et
815 1371 905 1452 quod
923 1380 1004 1434 tunc
1021 1369 1192 1435 masculus
1211 1370 1255 1432 sit

126 1465 316 1540 masculus,
347 1484 387 1527 ac
416 1465 542 1528 semina
571 1465 707 1540 semina,
739 1466 897 1547 quodque
927 1484 1024 1553 amor
1056 1485 1135 1527 suus
1165 1464 1256 1547 apud

127 1578 408 1641 unumquemque
431 1570 581 1633 maneat,
602 1559 753 1641 acquod
776 1559 1010 1642 principaliter
1032 1578 1128 1622 amor
1151 1579 1255 1623 sexus

127 1664 166 1718 et
187 1673 285 1716 amor
304 1653 517 1736 conjugialis,
536 1651 702 1717 hadtenus
718 1674 779 1736 per
795 1653 879 1718 talia
895 1674 982 1737 quae
1001 1661 1080 1717 sunt
1096 1653 1256 1717 intellec·

125 1758 198 1822 tus,
223 1758 261 1812 et
284 1759 454 1812 vocantur
476 1747 668 1823 rationalia,
692 1749 895 1813 confirmare
922 1749 1055 1831 sategi3
1088 1749 1149 1812 sed
1177 1749 1255 1830 quia

126 1844 237 1907 homo
268 1843 312 1907 ab
343 1843 486 1907 infantia
517 1865 562 1906 ex
594 1845 792 1925 parentibus
825 1854 862 1908 et
893 1845 1079 1927 magistris,
1109 1853 1144 1907 et
1175 1844 1254 1906 dein

128 1959 177 2002 ex
200 1938 344 2001 eruditis
368 1949 404 2001 et
427 1937 560 2000 clericis
583 1939 738 2020 captavit
762 1939 864 2002 fidem
888 1940 979 2023 quod
1007 1959 1076 2003 non
1104 1936 1254 2002 vidturus

127 2033 237 2096 homo
254 2043 333 2115 post
350 2042 508 2108 mortem,
523 2053 624 2114 quam
641 2045 721 2116 post
738 2035 829 2097 diem
846 2034 956 2098 ultimi
969 2033 1094 2116 judicii,
1112 2036 1145 2097 in
1161 2033 1255 2114 cujus

130 2127 397 2211 exspeciatione
423 2149 511 2192 nunc
540 2150 600 2210 per
629 2150 693 2192 sex
723 2129 829 2192 millia
855 2150 1020 2194 annorum
1047 2130 1193 2202 suerunt,
1218 2138 1255 2192 et

131 2226 211 2307 quia
234 2224 347 2307 plures
370 2224 562 2287 retulerunt
585 2223 651 2287 hoc
675 2225 767 2288 inter
789 2224 848 2287 illa
868 2246 955 2308 quae
978 2226 1152 2306 captanda
1174 2234 1255 2288 sunt

131 2318 198 2383 fide
217 2328 254 2382 et
273 2338 342 2382 non
366 2317 554 2394 intellectu,
575 2339 754 2383 necessum
777 2319 850 2396 suit,
871 2329 908 2384 ut
927 2321 1031 2382 etiam
1051 2320 1172 2382 eadem
1195 2338 1256 2400 per

131 2414 342 2477 documenta
369 2415 550 2494 autopsica
573 2413 875 2492 confirmarentur;
909 2413 1035 2496 alioqui
1057 2414 1173 2489 hom0,
1198 2415 1255 2496 qui

133 2509 238 2572 modo
264 2508 374 2572 credit
405 2509 571 2583 sensibus,
596 2530 642 2572 ex
668 2508 735 2572 fide
764 2511 930 2591 impressa
958 2507 1106 2572 dicturus
1129 2518 1194 2584 est,
1219 2507 1255 2572 Si

131 2604 288 2668 homines
307 2612 551 2685 postmortem
570 2605 725 2668 viverent
745 2602 912 2678 homines,
933 2605 1084 2667 viderem
1104 2613 1140 2667 et
1158 2604 1254 2667 audi·

133 2718 204 2762 rem
227 2698 326 2776 illos;
357 2708 443 2773 tum,
472 2695 556 2778 Quis
580 2697 759 2762 descendit
785 2720 804 2763 e
831 2699 940 2773 caelo,
965 2709 1001 2763 et
1028 2699 1185 2763 ascendit
1208 2719 1254 2762 ex

132 2793 274 2866 inferno,
289 2803 325 2856 et
341 2792 516 2855 narravit?
555 2791 623 2855 Sed
635 2794 713 2875 quia
730 2813 798 2856 non
815 2792 886 2855 fieri
905 2795 1031 2875 potuit,
1046 2813 1108 2857 nec
1125 2802 1253 2876 potest,

133 2899 170 2952 ut
199 2888 319 2970 aliquis
349 2887 493 2968 angelus
523 2886 610 2950 caeli
643 2889 844 2963 descendat,
875 2898 935 2952 aut
965 2887 1086 2970 aliquis
1116 2890 1254 2970 spiritus

132 2982 252 3046 insemi
271 2982 449 3056 ascendat,
467 3002 506 3044 ac
527 2981 684 3064 loquatur
700 3002 777 3045 cum
797 2982 911 3065 aliquo
927 2982 1076 3057 homine,
1094 2984 1158 3046 nisi
1177 3002 1254 3046 cum

131 3076 197 3139 illis
213 3095 357 3159 quorum
374 3077 534 3139 interiora
551 3077 688 3151 mentis,
703 3097 790 3160 quae
807 3087 886 3140 sunt
902 3079 1051 3159 spiritus,
1068 3098 1088 3140 a
1105 3077 1255 3141 Domino

133 3181 253 3252 aperta
270 3181 372 3248 sunt;
395 3180 432 3234 et
449 3170 514 3234 hoc
531 3191 601 3234 non
617 3171 688 3235 fieri
707 3182 825 3254 potest
842 3171 885 3234 ad
905 3172 1054 3254 plenum,
1072 3173 1136 3234 nisi
1152 3191 1254 3254 quam

133 3267 221 3348 apud
245 3265 324 3328 illos
343 3267 399 3348 qui
422 3287 442 3328 a
465 3266 615 3329 Domino
638 3267 681 3329 ad
705 3266 938 3347 recipiendum
961 3265 1030 3343 illa,
1051 3285 1137 3348 quae
1157 3268 1254 3349 spiri·

135 3361 234 3424 tualis
253 3362 444 3442 sapientiae
463 3371 555 3433 sunt,
576 3363 769 3443 praeparati
789 3371 867 3425 sunt
883 3382 891 3440 ;
916 3381 1020 3442 quare
1038 3360 1104 3424 hoc
1125 3362 1254 3444 placuit

136 3453 283 3520 Domino
306 3475 452 3530 mecum,
476 3455 522 3518 ob
544 3454 658 3530 finem,
683 3476 726 3519 ne
749 3466 862 3519 status
885 3456 973 3519 caeli
996 3465 1031 3519 et
1058 3457 1189 3530 inferni,
1213 3478 1253 3521 ac

136 3558 242 3614 status
260 3552 354 3616 vitae
373 3550 549 3614 hominum
573 3562 652 3632 post
672 3561 830 3624 mortem,
851 3553 1050 3627 nesciretur,
1070 3562 1105 3616 et
1123 3554 1253 3634 sopire·

138 3653 188 3707 tur
205 3646 240 3709 in
258 3646 466 3728 ignorantia,
483 3666 523 3709 ac
544 3647 686 3708 tandem
703 3645 902 3727 sepeliretur
917 3647 951 3709 in
968 3648 1165 3729 negatione.
1202 3647 1254 3712 At

139 3739 343 3805 documenta
364 3742 543 3822 autopsica
566 3741 609 3805 de
632 3740 834 3823 supradiciis
863 3750 1005 3825 propter
1034 3743 1168 3823 copiam
1198 3742 1253 3807 hic

141 3852 201 3898 non
224 3845 372 3918 possunt
391 3836 534 3912 adduci;
559 3836 619 3898 sed
639 3833 787 3899 addudta
806 3846 887 3899 sunt
910 3838 944 3900 in
964 3857 1067 3919 opere
1085 3835 1137 3899 De
1156 3835 1256 3900 Caelo

142 3929 339 4010 etlnserno;
361 3949 401 3992 ac
421 3931 545 3995 deinde
569 3931 603 3992 in
625 3929 879 3994 Continuatione
896 3930 936 3995 de
956 3931 1084 3995 Mundo
1102 3930 1254 4012 Spiritu·

144 4020 204 4096 ati,·
225 4045 264 4088 ac
286 4034 409 4107 postea
426 4026 458 4087 in
475 4024 506 4087 Α
508 4024 684 4106 paralypsi
695 4025 881 4099 Revelata‚·
902 4034 938 4088 at
953 4024 987 4088 in
1004 4026 1118 4108 specie
1137 4025 1191 4089 hic
1211 4027 1255 4090 de

146 4112 318 4202 Conjugiis,
343 4121 378 4182 in
402 4119 693 4195 Memorabilibus,
713 4140 801 4202 quae
827 4131 907 4203 post
931 4120 1164 4204 paragraphos
1194 4141 1255 4185 seu

147 4214 245 4293 capita
263 4214 364 4295 hujus
383 4216 495 4297 operis
513 4224 711 4296 sequuntur.

197 4321 268 4389 4ο.
301 4307 379 4392 (vi.)
405 4307 648 4393 consequenter
661 4308 753 4392 quod
773 4307 939 4393 Conjugia
953 4310 1024 4374 sint
1048 4309 1082 4374 in
1102 4306 1252 4374 Caelo.-
