2782 5026
197 454 258 522 332
542 449 789 503 volumtas
811 448 997 501 insamae

259 621 334 687 *At
346 621 523 686 sciendum
536 630 602 696 est,
616 621 708 704 quod
722 620 814 685 tales
825 621 896 685 sint
907 619 1056 686 adulteri
1074 640 1121 687 ex
1139 621 1307 706 proposito

196 717 425 796 confirmat03
452 736 522 781 non
545 725 661 780 autem
680 716 829 781 adulteri
851 736 898 780 ex
921 735 990 780 non
1009 715 1183 781 consulto.
1229 717 1309 781 Nam

195 823 276 878 sunt
295 822 444 896 quatuor
461 831 589 894 genera
607 811 854 887 adulterorum,
873 811 917 875 de
936 812 1058 895 quibus
1080 813 1116 877 in
1137 815 1254 897 capite
1273 816 1312 879 de

195 909 373 974 adulteriis
388 918 425 973 et
443 907 515 989 ejus
527 907 709 989 gradibus:
733 907 883 971 adulteri
897 928 943 972 ex
963 909 1153 991 proposito,
1167 921 1249 974 sunt
1264 912 1314 993 qui

195 1025 242 1070 ex
266 1004 407 1068 libidine
429 1002 644 1080 voluntatis;
674 1002 822 1067 adulteri
844 1023 891 1066 ex
913 1001 1131 1078 confirmato,
1153 1015 1237 1070 sunt
1263 1007 1316 1088 quii

194 1121 241 1164 ex
252 1100 473 1182 persuasione
483 1095 681 1163 intellei'lus
693 1120 701 1175 ;
720 1098 867 1163 adulteri
876 1119 921 1162 ex
932 1098 1104 1174 consulte,
1116 1110 1200 1166 sunt
1208 1103 1264 1184 qui
1275 1123 1317 1164 ex

196 1196 368 1260 illecebris
387 1213 569 1272 sensuum
594 1202 630 1258 et
649 1193 797 1258 adulteri
815 1214 861 1257 ex
880 1213 950 1258 non
969 1195 1144 1271 consulto,
1165 1206 1248 1260 sunt
1266 1197 1318 1279 qui

197 1311 266 1354 non
286 1293 318 1354 in
338 1289 517 1365 facultate,
531 1299 589 1353 aut
610 1309 679 1353 non
698 1290 733 1353 in
752 1289 926 1364 libertate,
943 1291 1147 1354 consulendi
1162 1292 1318 1356 intellec·

196 1397 269 1450 tum
290 1395 381 1448 sunt.
427 1384 507 1448 Duo
524 1385 637 1467 priora
655 1383 890 1449 adulterorum
909 1404 1037 1467 genera
1056 1396 1150 1461 sunt,
1169 1387 1229 1470 qui
1248 1386 1320 1470 pius

196 1493 233 1547 et
252 1480 329 1564 plus
348 1500 418 1544 non
434 1480 592 1544 homines
610 1479 718 1558 fiunt;
742 1490 779 1545 at
798 1480 867 1544 duo
883 1483 1076 1564 posteriora
1090 1501 1223 1563 genera
1237 1481 1320 1545 fiunt

194 1577 364 1653 homines,
384 1578 473 1641 sicut
491 1577 659 1640 recedunt
677 1576 722 1640 ab
740 1576 910 1640 erroribus
927 1575 1006 1653 illis,
1026 1586 1063 1640 et
1087 1588 1215 1660 postea
1233 1579 1320 1660 sapi·

197 1681 271 1736 unt.

260 1781 362 1850 433.
392 1765 496 1850 Quod
532 1786 630 1831 amor
661 1765 865 1848 coniugialia
897 1765 1001 1830 faciat
1032 1765 1213 1832 bominem
1246 1767 1320 1851 plus

196 1862 317 1937 virum,
337 1863 443 1927 etiam
463 1862 639 1927 illustrant
657 1861 717 1926 illa
735 1882 823 1945 quae
845 1863 879 1926 in
898 1863 1132 1944 praecedente
1152 1863 1258 1928 Parte
1279 1863 1320 1927 de

196 1957 329 2022 Amore
348 1958 532 2040 conjugiali
555 1968 592 2022 et
614 1957 686 2039 ejus
709 1958 840 2022 deliciis
859 1957 966 2021 allata
988 1969 1091 2037 sunt;
1119 1979 1209 2042 quae
1233 1967 1320 2034 sunt,

198 2052 261 2136 (ι.)
287 2052 390 2135 Quod
408 2053 555 2118 facultas
573 2064 610 2117 et
629 2055 754 2128 virtus,
768 2075 856 2137 quae
874 2063 1016 2117 vocatur
1037 2054 1156 2129 virilis,
1174 2056 1321 2119 comite·

195 2158 254 2213 tur
273 2150 481 2232 sapientiam
493 2150 581 2213 sicut
600 2149 686 2214 haec
705 2151 879 2213 animatur
895 2170 942 2212 ex
961 2149 1197 2230 spiritualibus
1208 2149 1321 2214 eccle·

196 2246 279 2319 siae,
293 2255 329 2308 et
348 2245 440 2327 quod
457 2245 536 2308 inde
554 2245 637 2309 insit
649 2246 757 2309 amori
769 2244 976 2327 conjugiali;
995 2255 1032 2310 et
1048 2245 1141 2328 quod
1154 2245 1322 2326 sapientia

196 2339 295 2421 hujus
313 2342 441 2403 amoris
458 2358 582 2403 venam
606 2361 627 2404 a
648 2341 744 2404 fonte
763 2340 835 2422 ejus
857 2342 891 2404 in
914 2340 1029 2404 anima
1047 2341 1194 2423 aperiat,
1214 2352 1252 2406 et
1275 2343 1321 2405 sic

195 2436 304 2498 vitam
323 2433 607 2510 intellediualem,
621 2455 709 2518 quae
727 2446 783 2500 est
800 2437 876 2518 ipsa
894 2437 968 2499 vita
985 2434 1187 2511 masculina,
1201 2438 1321 2518 evigo-

195 2540 248 2594 ret
267 2542 303 2595 et
322 2552 458 2616 quoque
477 2532 558 2595 beet
577 2533 806 2614 perennitate.
853 2530 914 2614 (2.)
940 2529 1042 2613 Quod
1061 2532 1142 2595 inde
1158 2533 1216 2606 sit,
1231 2532 1321 2616 quod

195 2626 311 2708 angeli
330 2626 417 2691 caeli
437 2628 470 2690 in
490 2627 553 2690 hac
575 2628 644 2690 sint
664 2628 697 2689 in
717 2638 906 2702 aeternum,
921 2626 1109 2690 secundum
1130 2625 1237 2691 effata
1256 2629 1322 2691 oris

195 2720 342 2795 illorum,
357 2723 390 2785 in
404 2722 619 2786 Memorabili
640 2720 688 2803 (n.
704 2736 741 2804 35
747 2736 775 2804 5,
791 2722 887 2803 356):
912 2722 1003 2805 quod
1017 2723 1122 2785 etiam
1142 2723 1176 2785 in
1195 2722 1320 2806 perdu-

195 2826 296 2880 rante
318 2816 472 2880 efficacia
503 2817 628 2881 fuerint
657 2819 886 2900 antiquissimi
916 2818 950 2880 in
979 2816 1126 2882 saeculis
1148 2837 1257 2881 aureo
1286 2826 1321 2881 et

195 2922 375 2992 argenteo,
404 2914 482 2994 quia
512 2913 710 2977 dilexerunt
739 2913 908 2976 amatoria
936 2931 1083 2976 uxorum
1113 2932 1264 2986 suarum,
1287 2920 1321 2976 et

195 3006 461 3087 perhorruerant
483 3008 651 3071 amatoria
674 3017 876 3082 scortorum,
896 3008 1010 3071 audivi
1033 3028 1078 3071 ex
1102 3028 1161 3071 ore
1184 3006 1321 3071 illorum

105 3148 116 3171 .
197 3099 395 3182 (videantur
419 3102 668 3177 Memorabilia,
688 3124 720 3167 n.
744 3117 796 3185 75,
816 3103 884 3185 76).
930 3101 1032 3184 Quod
1051 3101 1239 3184 spiritualis
1262 3102 1322 3166 illa

193 3194 410 3272 sufficientia,
424 3199 529 3261 etiam
546 3199 579 3260 in
593 3198 752 3274 naturali,
766 3219 829 3262 nec
842 3198 1000 3262 defutura
1009 3199 1055 3261 sit
1067 3197 1172 3260 hodie
1184 3195 1253 3260 illis
1265 3198 1322 3279 qui

195 3290 382 3354 Dominum
402 3294 542 3368 adeunt,
563 3300 600 3357 et
618 3294 790 3358 adulteria
812 3304 849 3357 ut
871 3292 1049 3357 infernalia
1064 3293 1322 3366 abominantur,

191 3406 214 3451 e
227 3386 325 3451 caelo
338 3388 419 3450 mihi
432 3386 560 3452 didium
573 3400 638 3454 est.
674 3389 891 3454 Contrarium
905 3400 1021 3452 autem
1034 3389 1209 3469 contingit
1223 3386 1323 3450 adul·

194 3482 278 3546 teris
301 3503 347 3546 ex
371 3486 560 3566 proposito,
580 3494 616 3548 et
638 3485 804 3549 adulteris
826 3505 872 3548 ex
891 3482 1095 3548 confirmato
1115 3481 1175 3566 (de
1198 3483 1323 3566 quibus

195 3595 279 3640 mox
297 3598 410 3660 supra,
432 3599 463 3642 n.
480 3596 543 3659 432
562 3578 656 3662 fin.);
680 3582 771 3663 quod
791 3580 881 3662 apud
900 3580 962 3643 hos
978 3578 1125 3643 facultas
1143 3588 1181 3642 et
1198 3578 1323 3652 virtus,

194 3691 282 3754 quae
301 3683 447 3737 vocatur
461 3675 577 3750 virilis,
597 3676 819 3757 devigoretur
838 3696 943 3758 usque
961 3675 1005 3738 ad
1024 3674 1166 3748 nullam,
1182 3683 1221 3736 et
1240 3684 1325 3756 post

194 3767 290 3831 illam
313 3770 467 3851 inceptet
490 3771 596 3854 frigus
618 3773 787 3836 etiamad
810 3791 945 3846 sexum,
969 3780 1005 3835 et
1031 3770 1123 3853 quod
1147 3779 1231 3853 post
1254 3770 1323 3836 hoc

194 3876 359 3947 sequatur
371 3865 588 3929 fastidiosum
601 3869 680 3951 quid
693 3868 785 3950 quod
798 3864 933 3949 spefiat
950 3867 993 3929 ad
1010 3885 1185 3940 nauseam,
1197 3875 1324 3931 notum

194 3970 249 4024 est
265 3963 404 4026 tametsi
421 3982 540 4044 parum
557 3964 778 4045 evulgatum:
803 3963 895 4046 quod
915 3962 1005 4026 tales
1021 3962 1090 4026 sint
1106 3961 1156 4025 illi
1172 3962 1324 4027 adulteri

192 4055 228 4119 in
241 4057 383 4132 inferno,
395 4078 415 4120 a
427 4059 605 4133 sirenibus,
616 4079 704 4141 quae
716 4069 796 4123 sunt
809 4058 988 4122 obsoletae
1000 4058 1135 4121 veneris
1147 4057 1323 4136 libidines,

192 4161 229 4215 et
246 4172 380 4235 quoque
399 4172 420 4215 a
436 4151 574 4235 lupariis
590 4155 646 4228 ibi,
664 4173 684 4218 e
703 4153 891 4237 longinquo
906 4153 1032 4218 audivi.
1077 4151 1136 4215 Ex
1151 4151 1206 4217 bis
1223 4153 1322 4231 cluit,

193 4249 285 4329 quod
304 4268 400 4312 amor
419 4250 645 4313 scortatorius
663 4250 768 4314 faciat
791 4250 964 4314 hominem
988 4248 1065 4332 plus
1088 4260 1126 4314 et
1149 4250 1227 4332 plus
1251 4272 1323 4317 non

223 4461 239 4496 ²*
257 4463 338 4511 Nora
353 4467 565 4513 anmals-Ab
576 4467 684 4515 Auciore
694 4467 733 4515 bic
744 4469 908 4528 paragraphus
918 4468 991 4528 signia
1001 4469 1121 4516 citationis
1130 4469 1240 4518 inclusus
1250 4478 1295 4520 ne
