2782 5026
144 434 203 500 188
488 446 670 499 paucus
692 447 922 501 sarruurma

195 615 233 670 Et
251 613 454 686 quaesivimus
472 615 564 677 iilum,
583 633 655 670 num
674 615 764 672 ctiam
784 617 880 689 possit
897 617 1074 674 confirmare
1091 614 1240 674 contrariai

141 693 233 757 Dixit,
249 696 331 766 quod
347 705 409 749 tam
426 697 501 749 bene
517 696 595 750 sicut
611 696 728 767 priora:
749 696 826 751 dixit
840 707 912 752 tunc
927 709 1039 768 aperte,
1054 709 1086 754 et
1103 715 1139 754 cx
1154 693 1251 754 cord&

139 772 246 846 “Quid
261 773 387 830 verum?
411 791 483 829 num
500 775 615 830 1¹1datur
628 776 750 847 aliquod
767 792 870 831 verum
887 776 917 830 in
933 793 1032 832 rerum
1048 788 1152 832 natura
1164 751 1265 832 uiuc’·

138 869 229 946 puam
239 854 320 946 quod
334 853 427 954 homp
435 853 509 910 iacit
520 854 648 911 verum?
680 854 737 910 Dic
750 855 824 910 mihi
834 856 977 928 quicquid
991 857 1097 928 placet,
1106 867 1138 914 et
1148 834 1279 913 {affl

139 933 170 988 m
183 943 416 1076 tugts‘ritlpprpptac
428 1013 488 1067 hoc
500 1029 614 1076 verum,
628 1011 718 1085 Quod
732 1013 807 1068 fides
820 1014 860 1069 sit
871 1030 963 1070 omne
975 1014 1146 1072 ecclesiae.”
1226 1049 1300 1115 A

195 1090 233 1146 Et
245 1091 317 1147 lecit
329 1092 388 1147 hoc
401 1092 444 1147 ita
456 1093 560 1148 dextre
572 1102 605 1147 et
617 1093 750 1156 solerter,
761 1103 795 1147 ut
806 1094 916 1149 eruditi
926 1094 1156 1150 circumstantes
1164 1094 1236 1148 admi
1256 1092 1300 1131 s

138 1170 194 1226 rati
207 1171 275 1234 sint,
289 1181 320 1227 et
332 1172 546 1243 adplauserint
584 1171 694 1227 Postea
709 1173 782 1242 petii
795 1183 830 1227 ut
842 1172 955 1228 laceret
966 1190 1080 1236 verum,
1090 1174 1173 1245 quod
1187 1173 1300 1235 thas:

137 1251 209 1305 ritas
224 1250 264 1305 sit
278 1267 369 1306 omne
383 1251 535 1313 ecclesiae,
550 1267 586 1305 ac
600 1250 688 1314 lecit;
709 1262 741 1306 et
756 1263 869 1322 postea,
884 1253 966 1323 quod
982 1252 1113 1309 charitas
1129 1254 1170 1308 sit
1184 1234 1300 1307 nihiss‘

137 1330 295 1392 ecclesiae:
313 1346 349 1385 ac
362 1330 517 1386 investivit
529 1340 698 1401 utrumque,
711 1342 743 1385 et
755 1332 875 1400 ornavit
888 1332 1080 1402 apparentiis,
1091 1343 1127 1387 ut
1139 1333 1300 1388 adstans

137 1418 184 1465 tes
197 1409 379 1480 inspicerent
391 1426 423 1465 se
436 1419 550 1471 mutuo,
562 1419 595 1464 et
607 1409 750 1472 dicerent,
765 1411 881 1466 “Estne
893 1410 943 1465 hic
954 1411 1074 1481 sapiens
1080 1411 1112 1467 Υ·

191 1489 234 1543 At
246 1489 317 1552 dixi,
331 1497 346 1518 ¹·
356 1488 465 1544 Nonne
475 1488 542 1551 scis,
552 1490 634 1559 quod
648 1491 724 1545 bene
734 1490 834 1545 vivere
847 1490 887 1544 sit
896 1490 1033 1551 charitas,
1043 1501 1074 1545 et
1086 1491 1170 1561 quod
1183 1491 1255 1545 bene
1284 1488 1300 1527 ἓ

136 1567 257 1623 credere
269 1567 309 1622 sit
321 1567 417 1623 fides?
455 1567 575 1623 Numne
587 1569 637 1639 qui
654 1570 730 1623 bene
743 1570 826 1632 vivit,
839 1568 930 1624 etiam
943 1569 1154 1625 benecredit?
1172 1570 1256 1625 etsie
1298 1572 1300 1579 '

136 1647 216 1717 quod
228 1646 304 1703 fides
312 1647 353 1703 sit
362 1647 524 1710 charitatis,
535 1658 566 1702 et
579 1647 708 1704 charitas
718 1648 809 1704 fidei?
845 1648 980 1704 Videsne
988 1649 1072 1720 quod
1084 1648 1146 1704 hoc
1155 1665 1255 1705 verum

136 1725 176 1781 sit
184 1725 216 1780 ?''

191 1805 368 1876 Respondit,
387 1804 532 1861 “Faciam
558 1805 588 1860 id
613 1823 725 1868 verum,
744 1817 777 1861 et
799 1808 910 1862 videbo
918 1807 944 1870 ;''
968 1823 1005 1862 ac
1022 1806 1103 1868 lecit
1123 1817 1156 1862 et
1174 1807 1256 1870 dixit,

136 1883 250 1939 “Nunc
269 1885 359 1940 video
368 1885 393 1948 ;''
417 1895 449 1940 at
469 1902 539 1939 mox
558 1885 630 1940 lecit
647 1886 832 1941 contrarium
852 1888 925 1957 ejus,
945 1896 979 1940 ut
997 1898 1078 1942 esset
1093 1903 1209 1951 verum,
1227 1898 1258 1942 et

134 1973 209 2019 tunc
222 1964 307 2026 dixit,
322 1973 337 1993 ¹⁶
346 1964 445 2020 Video
456 1965 547 2019 etiarn
561 1966 644 2036 quod
658 1965 716 2020 hoc
728 1982 834 2020 verum
847 1965 913 2021 sit''

189 2044 237 2098 Ad
258 2044 332 2098 haec
346 2043 529 2106 subrisimus
546 2056 577 2099 et
596 2045 734 2107 diximus,
751 2044 893 2100 “Suntne
907 2043 1080 2100 contraria?
1102 2045 1257 2116 quomodo

135 2133 222 2194 potes
235 2123 296 2178 duo
308 2123 458 2178 contraria
471 2123 566 2177 videri
580 2134 613 2177 ut
625 2123 735 2179 vera?''

189 2203 238 2257 Ad
258 2202 332 2257 haec
349 2201 522 2273 indignatus
537 2203 700 2272 respondit,
718 2211 733 2232 '¹
745 2203 875 2265 Erratis;
898 2212 946 2258 est
963 2212 1128 2273 utrumque
1144 2218 1257 2266 verum,

133 2282 276 2353 quoniam
291 2298 351 2336 non
365 2281 445 2336 aliud
459 2293 506 2336 est
518 2298 630 2343 verum,
643 2299 733 2353 quam
746 2283 828 2352 quod
842 2282 935 2336 homo
947 2280 1020 2337 lacit
1033 2282 1170 2336 verum.”

187 2360 293 2416 Stabat
308 2377 401 2431 prope
416 2361 523 2430 aliquis
538 2361 589 2431 qui
606 2361 636 2414 in
653 2361 766 2415 mundo
781 2360 879 2415 luerat
891 2344 1010 2432 legatus
1026 2361 1114 2431 primi
1130 2362 1257 2433 gradus;

134 2440 183 2496 ille
193 2441 252 2495 hoc
262 2440 386 2495 miratus
396 2450 450 2502 est,
461 2451 491 2495 et
502 2440 586 2501 dixit,
597 2447 613 2468 ⁴⁴
625 2441 768 2512 Agnosco
777 2441 858 2511 quod
869 2439 980 2510 aliquid
991 2439 1090 2495 simile
1101 2439 1131 2493 in
1143 2441 1257 2496 mundo

134 2520 182 2581 sit,
198 2521 250 2575 sed
271 2536 365 2591 usque
383 2530 417 2573 tu
437 2519 567 2583 insanis,
590 2519 636 2575 iac
655 2519 680 2574 si
700 2529 787 2591 potes
806 2529 840 2573 ut
858 2519 898 2574 sit
915 2534 1028 2581 verum,
1043 2519 1128 2590 quod
1148 2520 1201 2574 lux
1219 2521 1258 2574 sit

132 2600 245 2671 caligo;
263 2610 294 2654 et
307 2599 404 2670 caligo
417 2599 496 2653 lux.”

188 2679 225 2734 Et
241 2679 405 2750 respondit,
418 2686 434 2707 ‘⁴
446 2677 513 2732 Hoc
526 2676 633 2732 faciam
647 2676 750 2739 iacile;
767 2676 840 2748 quid
856 2676 907 2731 lux
922 2686 953 2731 et
968 2676 1068 2748 caligo
1083 2676 1142 2732 nisi
1158 2686 1256 2733 status

133 2758 212 2812 oculi
224 2757 237 2813 Ρ
273 2757 382 2812 Nonne
393 2768 527 2811 mutatur
537 2758 587 2810 lux
601 2757 631 2811 in
645 2759 780 2810 umbram
790 2757 862 2810 dum
872 2756 978 2811 oculus
990 2772 1028 2809 ex
1040 2757 1145 2826 aprico
1155 2758 1257 2819 venit:

133 2848 167 2892 ut
180 2848 210 2891 et
223 2838 295 2892 dum
311 2837 426 2892 intense
437 2837 571 2891 intuetur
580 2836 695 2891 solem?
732 2835 808 2907 Quis
821 2852 882 2889 non
895 2835 1053 2905 scit,quod
1066 2845 1167 2892 status
1175 2837 1256 2891 oculi

132 2927 205 2971 tunc
216 2927 355 2978 mutetur,
366 2927 397 2970 ct
410 2917 491 2986 quod
506 2917 556 2969 lux
570 2916 639 2969 inde
649 2926 790 2985 appareat
803 2916 971 2976 mambra:
989 2929 1024 2968 ac
1033 2914 1169 2969 vicissim
1184 2917 1256 2970 dum

132 3007 230 3050 status
249 2996 328 3050 oculi
352 2996 437 3057 redit,
456 2997 537 3065 quod
557 2996 663 3049 umbra
682 3004 824 3064 appareat
845 3004 879 3048 ut
903 2991 976 3047 lux?
1014 2991 1125 3048 Nonne
1145 2993 1258 3051 nodlua

131 3075 216 3128 videt
235 3075 392 3146 caliginem
413 3073 510 3128 notiis
528 3085 562 3128 ut
581 3075 677 3127 lucem
698 3073 766 3134 diei,
784 3088 820 3126 ac
840 3072 936 3126 lucem
957 3071 1017 3126 diei
1037 3082 1073 3126 ut
1094 3073 1257 3145 caliginem

131 3151 236 3215 noctis,
252 3164 317 3207 tum
338 3154 435 3225 ipsum
452 3153 545 3208 solem
564 3164 598 3206 ut
616 3154 739 3224 globum
756 3168 883 3222 opacum
903 3162 934 3206 et
955 3150 1097 3208 furvum?
1134 3152 1168 3208 Si
1188 3154 1258 3225 quis

132 3233 224 3287 homo
235 3233 358 3287 haberet
371 3234 475 3287 oculos
488 3233 565 3287 sicut
579 3231 698 3293 uotiua,
713 3232 786 3302 quid
802 3241 924 3285 vocaret
934 3231 1030 3284 lucem
1045 3241 1078 3286 et
1096 3232 1171 3302 quid
1185 3235 1258 3288 cali·

129 3311 253 3383 ginem?
299 3311 379 3384 Quid
399 3323 472 3366 tunc
491 3313 542 3366 lux
562 3312 617 3366 nisi
637 3323 734 3366 status
753 3310 855 3365 oculi?
882 3321 913 3364 et
937 3310 963 3364 si
984 3319 1031 3364 cst
1049 3321 1150 3366 status
1165 3314 1257 3375 oculi,

130 3408 242 3445 numne
255 3392 307 3445 lux
317 3403 363 3445 est
376 3393 481 3463 caligo,
491 3402 523 3445 et
535 3392 631 3462 caligo
641 3390 712 3445 lux?
744 3389 843 3462 Quare
853 3406 945 3443 unum
955 3399 1001 3444 est
1010 3405 1123 3454 verum,
1133 3401 1167 3446 et
1178 3393 1257 3448 altc-

131 3487 197 3525 rum
211 3481 258 3525 est
270 3470 403 3526 verum.”

185 3549 297 3605 Postea
308 3551 424 3621 legatus
438 3549 563 3620 rogavit,
576 3559 611 3603 ut
623 3548 735 3603 faceret
750 3547 809 3603 boc
821 3557 856 3602 ut
868 3547 908 3602 sit
919 3563 1031 3610 verum,
1042 3546 1133 3620 Quod
1144 3565 1257 3607 corvus

130 3629 171 3684 sit
183 3630 269 3684 albus
280 3640 311 3683 et
324 3646 385 3684 non
399 3629 491 3699 niger.

185 3709 223 3764 Et
239 3708 401 3779 respondit,
414 3708 537 3762 “Etiam
554 3707 612 3762 hoc
627 3706 732 3762 faciam
750 3705 835 3761 facilc
846 3705 871 3768 ;”
889 3715 921 3761 ct
932 3705 1017 3768 dixit,
1031 3705 1150 3762 “Sume
1165 3725 1256 3764 acum

129 3804 182 3844 seu
197 3789 381 3849 novaculam,
392 3798 423 3841 et
435 3787 515 3857 aperi
529 3788 645 3857 plumas
655 3803 707 3841 seu
719 3801 832 3856 pennas
845 3785 944 3847 corvi;
963 3801 1063 3840 nonne
1074 3786 1157 3842 intus
1166 3789 1255 3844 albae

129 3866 221 3923 sunt?
258 3867 335 3920 Tum
355 3883 476 3921 remove
495 3882 608 3936 pennas
627 3877 658 3920 et
677 3866 803 3935 plumas,
817 3875 848 3919 et
866 3863 969 3935 spella
985 3880 1111 3919 corvum
1130 3882 1150 3920 a
1167 3879 1256 3931 cute:

129 3963 230 4001 nonne
244 3957 289 4001 est
305 3945 411 4001 albus?
447 3945 527 4017 Quid
543 3945 661 4016 nigrum
677 3945 758 4015 quod
772 3945 883 3998 circum
899 3954 947 3999 est
961 3943 1018 3998 nisi
1031 3945 1147 4008 umbra,
1160 3963 1179 4001 e
1194 3963 1256 4018 qua

128 4042 189 4080 non
200 4026 394 4096 judicandum
405 4034 452 4080 est
462 4026 500 4080 de
510 4026 610 4079 colore
619 4023 724 4079 corvi?
760 4022 849 4095 Quod
861 4024 978 4094 nigrum
988 4023 1027 4077 sit
1036 4024 1129 4079 modo
1137 4027 1256 4089 umbra,

127 4105 251 4160 consule
260 4121 370 4176 gnaros
379 4104 521 4159 scientiae
529 4103 653 4174 optices,
663 4114 694 4159 et
704 4104 822 4166 dicent;
839 4113 892 4158 aut
902 4102 981 4157 mole
991 4101 1109 4173 nigrum
1119 4105 1254 4174 lapidem

128 4195 181 4238 aut
194 4185 304 4238 vitrum
319 4184 348 4238 in
358 4195 480 4238 tenuem
494 4185 655 4254 pulverem,
669 4193 700 4237 et
712 4182 830 4237 videbis
842 4183 924 4253 quod
938 4182 1036 4252 pulvis
1048 4183 1089 4237 sit
1101 4184 1219 4240 albus.”

182 4262 242 4318 Sed
256 4263 412 4334 respondit
424 4264 547 4334 legatus,
562 4264 758 4333 “Apparetne
771 4278 880 4317 corvus
893 4261 976 4332 niger
987 4276 1088 4315 coram
1103 4263 1171 4317 visu
1180 4263 1212 4319 ?''

182 4343 225 4396 At
237 4345 432 4398 confirmator
445 4344 494 4397 ille
508 4344 669 4413 respondit,
679 4351 695 4371 ‘⁸
706 4342 760 4396 Vis
773 4353 816 4402 tu,
829 4341 881 4412 qui
894 4357 927 4396 es
940 4340 1040 4401 homo,
1051 4340 1189 4412 cogitare
1197 4342 1253 4398 ali·

128 4421 201 4492 quid
217 4439 254 4476 ex
268 4422 465 4494 apparentia?
503 4422 594 4477 Potes
610 4423 730 4494 quidem
747 4421 829 4493 loqui
845 4437 882 4476 ex
896 4420 1072 4492 apparentia
1086 4422 1171 4492 quod
1187 4438 1252 4478 cor·
