2782 5026
304 111 354 161 oa
376 110 511 161 axona
534 110 891 162 scoxrnron10.-x.
911 97 983 177 466.
1114 113 1183 180 357.

64 294 95 349 et
110 283 289 366 religionis
308 293 398 358 sunt,
417 292 631 366 aspernatur,
648 302 688 346 ac
707 293 831 366 postea
848 283 968 348 faciem
988 303 1056 347 non
1075 302 1178 365 supra

63 389 217 442 naturam
236 376 342 452 tollit,
359 377 421 441 sed
437 379 481 441 ad
496 377 603 453 illam,
620 378 709 440 sicut
723 379 767 440 ad
783 397 921 451 numen,
938 379 1029 460 quod
1046 377 1177 442 libidini

61 493 140 537 suae
161 472 269 546 lavet,
294 492 331 535 se
357 473 473 547 vertit,
497 492 542 535 ex
572 471 666 552 cujus
686 471 816 535 influxu
837 473 916 535 dein
946 471 1017 553 ejus
1039 473 1177 554 spiritus

60 567 201 629 animat.
247 564 360 629 Causa
378 565 518 628 interior
536 565 634 646 hujus
652 575 855 647 apostaseos
873 569 1043 648 aperietur
1065 568 1099 629 in
1121 587 1177 629 se-

60 660 256 742 quentibus.
302 658 403 740 Quod
433 658 488 722 hic
511 661 761 723 concubinatus
785 660 1001 723 detestabilis
1024 661 1080 734 sit,
1103 660 1177 743 ipse

59 754 116 818 ille
139 755 192 816 vir
214 774 285 817 non
307 755 414 829 videt,
437 754 516 836 quia
538 763 619 835 post
641 754 815 817 occlusum
838 755 971 818 caelum
994 753 1101 818 ladius
1125 765 1178 819 est

57 849 192 912 insania
221 847 424 930 spiritualis;
451 857 489 911 at
516 868 603 911 uxor
632 858 730 911 casta
758 849 793 911 id
822 849 996 930 perspicit,
1017 850 1094 930 quia
1123 859 1178 911 est

58 961 158 1005 amor
180 942 394 1023 conjugialis,
418 951 454 1005 et
484 942 539 1004 hic
563 961 658 1005 amor
680 953 825 1006 nauseat
854 943 909 1020 id;
943 964 1048 1025 quare
1071 944 1177 1006 etiam

58 1036 175 1119 plures
197 1057 243 1100 ex
265 1037 332 1100 illis
355 1037 399 1100 ad
423 1035 594 1101 actualem
612 1035 886 1118 conjunctionem
906 1057 983 1100 cum
1006 1039 1074 1101 suis
1097 1039 1178 1101 viris

57 1142 183 1213 postea
201 1141 360 1206 renuunt,
376 1133 465 1195 sicut
483 1133 527 1195 ad
546 1133 581 1194 id
599 1132 691 1214 quod
710 1133 960 1195 contaminaret
977 1133 1178 1196 castitatem

58 1321 165 1383 cibus.

122 1414 228 1496 4⁶³·
252 1412 328 1496 (iii.)
353 1413 451 1492 Quod
461 1415 510 1478 sit
518 1413 723 1496 poirgamia,
737 1435 822 1496 quae
834 1436 877 1477 ex
891 1415 968 1477 arbe
979 1414 1177 1479 Clm'sttano

57 1509 222 1572 damnata
243 1518 296 1571 est
314 1520 347 1571 at
375 1509 725 1590 damnanda—Quod
749 1511 997 1573 concubinatus
1019 1511 1176 1573 simulta-

58 1622 144 1665 neus
172 1623 232 1665 seu
262 1602 463 1683 conjundlus
493 1623 571 1667 cum
600 1624 718 1678 uxore,
742 1605 787 1665 sit
813 1604 1012 1684 polygamia
1035 1604 1176 1667 tametsi

56 1716 129 1760 non
158 1698 290 1777 agnita,
310 1699 388 1778 quia
411 1717 480 1760 non
507 1718 568 1780 per
588 1697 738 1780 aliquam
762 1698 876 1778 legem
899 1707 1042 1772 statuta,
1067 1709 1102 1761 et
1126 1699 1174 1761 sic

57 1793 249 1865 nominata,
274 1793 396 1866 omnis,
420 1793 524 1855 etiam
548 1812 617 1855 non
641 1794 833 1875 perspicax,
857 1793 972 1870 videt;
1007 1802 1060 1855 est
1083 1794 1176 1858 enim

56 1886 185 1949 semina
203 1887 292 1949 sicut
315 1907 403 1950 uxor
421 1888 573 1950 usuraria
595 1897 631 1951 et
654 1888 810 1951 concuba
828 1888 981 1967 spondae
1000 1887 1175 1969 conjugia-

57 1981 119 2044 lis:
154 1981 247 2063 quod
271 1980 515 2062 polygamiae
547 1980 849 2045 Christiano‘orbe
875 1983 919 2044 sit
944 1982 1109 2044 damnata
1138 1993 1177 2046 et

56 2075 266 2150 damnanda,
286 2077 319 2137 in
339 2077 452 2157 capite
470 2077 514 2139 de
532 2076 729 2157 polygamia
747 2074 894 2139 evidtum
913 2085 987 2153 est;
1012 2077 1176 2158 imprimis

56 2188 104 2232 ex
123 2169 176 2232 bis
191 2170 257 2233 ibi:
304 2169 404 2250 Quod
422 2191 490 2233 non
508 2171 610 2234 liceat
627 2170 823 2234 Christiano
840 2172 902 2234 nisi
918 2191 1019 2234 unam
1032 2189 1175 2234 uxorem

56 2265 184 2327 ducere
202 2263 249 2347 (n.
271 2264 367 2346 338):
392 2275 427 2328 et
444 2264 547 2346 Quod
563 2264 788 2340 Christianus,
806 2267 834 2327 si
853 2266 965 2346 plures
981 2266 1087 2339 ducit,
1105 2285 1175 2328 non

56 2359 163 2422 modo
175 2358 380 2422 adulterium
394 2360 562 2432 naturale,
576 2361 636 2423 sed
650 2360 755 2423 etiam
768 2359 972 2423 adulterium
986 2360 1173 2441 spirituale,

57 2454 257 2516 committat
276 2451 323 2534 (n.
345 2452 441 2534 339):
473 2452 575 2534 Quod
594 2455 760 2536 permissa
777 2454 877 2518 luerit
895 2455 993 2535 genti
1009 2454 1174 2517 Israeliti-

56 2566 131 2622 cae,
147 2549 227 2629 quia
241 2548 332 2629 apud
351 2548 446 2610 illam
462 2548 622 2611 Ecclesia
637 2547 831 2611 Christiana
849 2568 917 2611 non
936 2548 997 2610 luit
1015 2547 1062 2630 (n.
1085 2546 1175 2630 340).

57 2639 115 2703 Ex
138 2640 191 2703 his
213 2652 322 2723 patet,
343 2642 434 2723 quod
457 2643 683 2706 concubinam
706 2643 891 2724 adjungere
910 2643 1019 2718 uxori,
1036 2652 1073 2706 et
1095 2661 1175 2706 cum

59 2746 204 2818 utraque
223 2738 352 2800 sociare
372 2735 509 2812 lectum,
529 2739 574 2800 sit
593 2737 694 2800 loeda
712 2738 920 2820 polygamia.

121 2829 228 2912 466.
253 2831 327 2915 (iv.)
352 2832 450 2910 Quod
460 2833 506 2895 sit
521 2833 688 2907 scortatio,
701 2843 767 2914 per
780 2833 870 2914 quad
880 2833 1072 2917 conjugrale,
1088 2833 1180 2915 quad

56 2935 107 2987 est
115 2925 277 2989 cimelium
286 2926 375 2989 vitae
385 2926 612 3000 Christianae,
624 2925 975 3008 deperditum-Quod
987 2928 1031 2990 sit
1042 2938 1175 2991 scorta·

56 3019 108 3082 tio
119 3019 197 3101 plus
209 3022 484 3102 oppositaamori
494 3020 786 3104 conjugialiquam
797 3024 1173 3099 scortatiocommunis,

57 3134 144 3196 quae
168 3115 316 3196 simplex
339 3116 544 3179 adulterium
567 3126 720 3190 vocatur,
741 3126 776 3178 et
800 3117 892 3198 quod
914 3118 958 3180 sit
982 3118 1176 3198 deprivatio

56 3209 168 3271 omnis
180 3208 354 3272 facultatis
366 3219 401 3272 et
417 3210 648 3274 inclinationis
660 3211 703 3273 ad
716 3212 823 3273 vitam
836 3210 1073 3292 conjugialem,
1088 3230 1175 3293 quae

57 3300 260 3366 Christianis
289 3323 310 3366 a
326 3305 521 3367 'nativitate
545 3306 645 3379 inest,
669 3307 880 3386 argumentis
903 3326 1017 3369 coram
1039 3307 1174 3369 ratione

55 3399 221 3480 sapientis
240 3397 373 3473 validis,
393 3408 511 3479 potest
532 3400 700 3464 convinci.
745 3398 848 3480 Quod
866 3400 1016 3481 primum
1033 3401 1173 3473 attinet,

54 3492 146 3575 quod
163 3493 410 3556 concubinatus
427 3494 649 3557 simultaneus
667 3515 727 3558 seu
743 3493 943 3576 conjunctus
959 3514 1034 3558 cum
1052 3515 1172 3569 uxore,

54 3587 98 3650 sit
114 3587 284 3651 scortatio
300 3589 375 3668 plus
391 3589 549 3670 opposita
565 3590 671 3651 amori
687 3588 879 3671 coniugiali,
890 3609 992 3671 quam
1005 3590 1174 3653 scortatio

54 3682 257 3756 communis,
275 3700 363 3764 quae
382 3682 530 3764 simplex
547 3683 749 3746 adulterium
765 3693 915 3758 vocatur,
929 3684 1036 3747 videri
1055 3693 1175 3765 potest

54 3796 100 3840 ex
121 3777 196 3855 bis;
224 3776 315 3859 quod
335 3778 538 3841 scortationi
557 3778 729 3841 communi
752 3799 812 3840 seu
835 3778 1006 3841 adulterio
1027 3776 1175 3858 simplici

55 3890 124 3934 non
145 3873 228 3936 insit
251 3891 347 3935 amor
365 3871 532 3953 analogus
548 3873 655 3935 amori
674 3871 866 3954 conjugiali,
888 3892 967 3935 nam
990 3882 1045 3937 est
1069 3872 1174 3936 modo

53 3973 203 4029 oestrum
223 3968 344 4041 carnis,
365 3967 457 4049 quod
476 3967 568 4030 illico
585 3967 800 4041 defervescit,
820 3977 856 4029 et
880 3966 1085 4050 quandoque
1103 3985 1174 4029 non

53 4062 238 4145 vestigium
257 4062 384 4125 amoris
402 4072 483 4145 post
507 4083 544 4126 se
566 4062 729 4145 relinquit
751 4062 793 4125 ad
817 4062 911 4125 illam
923 4082 932 4142 ;
963 4082 1068 4144 quare
1086 4061 1173 4127 haec
