2782 5026
169 435 233 518 316
514 447 698 499 naam
719 444 949 497 summ

165 620 548 685 astronomum
569 620 605 681 ‘a
627 618 1124 680 &emmane-snm:
1154 630 1290 679 etcum

165 718 202 779 in
234 716 296 778 :22
327 732 447 777 aecae
475 732 567 777 sanz
597 714 726 774 ean-ar
754 714 885 775 matri.
915 712 1008 793 qued
1036 712 1240 792 providetur
1268 728 1305 772 ι

166 810 329 875 [lumino.
342 828 379 871 e:
395 810 590 871 :eiciantur
604 810 638 869 ἐπ’.
654 808 751 869 (κίε)
768 809 826 868 n'ni
837 808 983 885 patenis.
997 809 1058 888 qui
1074 826 1162 867 mox
1177 806 1300 887 sequi*

166 902 751 982 taruirnnmez'usaeimrei
769 902 1297 979 denudant-adimenda

166 1002 338 1062 sexie'ate
357 1012 447 1059 suat.
492 995 544 1060 ἴε
566 1017 627 1078 pro
649 1014 745 1059 certo
770 999 895 1058 scirem
911 996 1005 1077 quod
1026 995 1182 1057 int'ants
1203 996 1292 1056 sicut

166 1094 400 1173 intei'ssgentia
415 1094 524 1154 etiam
542 1108 678 1154 natm
694 1106 854 1153 crescant
871 1106 909 1154 et
931 1090 1151 1155 aiolescant.
1170 1091 1293 1151 datum

166 1204 222 1252 est
245 1190 339 1268 loq-zi
360 1206 438 1248 cum
459 1188 672 1268 qil-insana
693 1188 777 1248 dam
797 1186 948 1248 inflantes
968 1200 1084 1251 erant.
1106 1198 1145 1246 et
1168 1196 1294 1266 pastea

165 1302 246 1345 cum
267 1284 336 1344 iiis
356 1300 436 1343 curn
460 1280 708 1347 ssoieumnt:
737 1300 779 1343 ac
801 1282 865 1343 risi
885 1294 968 1342 sunt
989 1279 1237 1341 adolescentes
1258 1279 1293 1340 in

166 1376 269 1439 simili
287 1394 423 1439 statura
439 1378 475 1437 in
492 1396 560 1456 qua
576 1390 659 1437 sant
675 1374 919 1437 aiolescentes
932 1374 1078 1454 {numer
1095 1376 1132 1435 in
1151 1374 1293 1436 mnodo.

227 1486 324 1554 411.
353 1469 506 1533 husee
518 1474 733 1533 manum
743 1472 910 1550 nupt-{mis
921 1490 982 1551 per
992 1470 1294 1550 repraesentativa

165 1568 276 1647 geniis
291 1566 427 1627 illorum
442 1567 638 1647 adaequata
651 1582 690 1628 et
707 1565 909 1635 conformia.
923 1585 1013 1646 quae
1026 1584 1132 1647 quam
1148 1565 1294 1646 pulchra

164 1674 204 1725 et
225 1660 325 1723 simul
348 1662 540 1740 sapientiae
561 1662 734 1723 interioris
762 1659 868 1742 plena
894 1674 988 1725 sant.
1009 1661 1046 1721 in
1074 1661 1210 1722 mundo
1232 1661 1293 1722 six

165 1755 258 1818 credi
277 1770 408 1836 potest
451 1754 555 1817 Binas
570 1757 909 1836 repraesentationes
923 1755 977 1817 bic
994 1754 1078 1816 licet
1095 1754 1232 1823 afferre.
1247 1775 1293 1818 ex

164 1850 287 1932 quibus
305 1850 466 1913 concludi
482 1864 601 1931 potest
619 1851 665 1911 ad
682 1851 842 1932 reliquas.
881 1847 1068 1929 Quondam
1084 1870 1292 1930 repraesen-

165 1944 290 2007 tabunt
304 1944 490 2007 Dominum
502 1965 523 2006 e
534 1945 694 2025 sepulcro
702 1945 963 2009 ascendentem.
970 1956 1008 2006 et
1019 1944 1124 2006 simul
1139 1943 1293 2007 Humani

166 2038 278 2121 Ipsius
301 2042 492 2101 unitionem
518 2059 596 2101 cum
625 2039 771 2102 Ditino:
804 2040 977 2101 sistebant
1004 2040 1155 2120 primum
1177 2040 1292 2103 ideam

164 2135 324 2215 sepulcri.
344 2135 406 2197 sed
425 2154 495 2196 non
513 2134 614 2196 simul
632 2136 745 2197 ideam
762 2132 912 2201 Domini.
931 2134 997 2195 nisi
1013 2135 1066 2196 ita
1082 2148 1235 2205 remote.
1253 2145 1292 2199 ut

165 2230 226 2293 vix
249 2232 484 2311 perciperetur
503 2231 597 2312 quod
621 2230 791 2292 Dominus
819 2232 884 2292 nisi
908 2231 1007 2311 quasi
1034 2251 1055 2293 e
1085 2230 1291 2314 longinquo,

165 2344 211 2388 ex
229 2344 334 2387 causa
348 2326 427 2406 quia
441 2326 540 2389 ideae
555 2326 703 2406 sepulcri
721 2327 812 2388 inest
825 2326 954 2408 aliquid
971 2324 1112 2395 funeris.
1128 2328 1225 2407 quod
1243 2328 1292 2390 sic

165 2421 411 2483 removebant:
436 2434 562 2502 postea
580 2421 815 2483 admittebant
835 2420 1024 2502 prudenter
1040 2421 1076 2482 in
1094 2422 1293 2502 sepulcrum

165 2515 340 2595 quoddam
356 2515 681 2596 atmosphaericum.
697 2534 867 2595 apparens
882 2535 988 2596 usque
1004 2527 1043 2577 ut
1061 2526 1169 2578 tenue
1186 2536 1293 2598 aque·

165 2628 235 2679 um.
259 2630 327 2691 quo
350 2609 604 2689 significabant.
627 2612 734 2673 etiam
756 2630 818 2691 per
838 2611 1068 2672 remotionem
1091 2610 1292 2685 decentem,

165 2704 273 2767 vitam
293 2704 505 2785 spiritualem
528 2706 562 2767 in
586 2705 771 2787 baptismo.
816 2704 942 2767 Postea
959 2705 1030 2767 ndi
1046 2718 1292 2786 repraesenta·

166 2808 242 2863 tum
264 2800 309 2861 ab
332 2800 399 2861 illis
424 2800 562 2862 Domini
584 2801 789 2862 descensum
810 2800 856 2861 ad
877 2796 1023 2871 tinctos,
1046 2810 1085 2862 et
1107 2818 1293 2863 ascensum

165 2912 244 2956 cum
267 2892 391 2955 vinctis
413 2895 447 2956 in
470 2893 628 2971 caelum;
654 2906 703 2965 et.
721 2895 815 2975 quod
836 2893 992 2958 infantile
1013 2905 1102 2965 erat.
1121 2895 1294 2958 funiculos

165 2987 236 3052 lere
249 2990 501 3069 inconspicuos.
515 2989 761 3061 molliusculos‚
773 3000 811 3052 et
826 2991 1030 3052 tenerrimos
1042 2990 1292 3064 demittebant,

166 3084 289 3165 quibus
309 3083 495 3146 Dominum
514 3084 706 3147 allevarent
725 3085 760 3146 in
778 3104 935 3155 ascensu.
954 3103 1092 3165 semper
1114 3086 1150 3147 in
1169 3083 1294 3149 sanilo

165 3177 302 3245 timore.
327 3198 370 3240 ne
393 3180 573 3260 quicquam
596 3180 631 3241 in
653 3179 952 3260 repraesentativo
974 3188 1140 3259 tangeret
1163 3179 1293 3262 aliquid

165 3270 201 3335 in
223 3292 292 3355 quo
315 3292 383 3335 non
407 3285 500 3337 esset
520 3273 685 3337 caeleste.
731 3273 871 3337 Praeter
892 3273 978 3336 alias
996 3277 1294 3354 repraesentatio·

166 3385 240 3439 nes,
257 3388 318 3448 per
335 3389 420 3449 quas
436 3369 536 3432 simul
554 3368 589 3431 in
606 3369 823 3450 cognitiones
839 3370 963 3431 veriet
979 3365 1183 3432 affectiones
1198 3370 1293 3443 boni,

165 3460 255 3524 sicut
287 3482 346 3542 per
376 3462 476 3525 ludos
498 3464 621 3525 animis
643 3463 813 3526 infantum
835 3473 1105 3537 consentaneos,
1124 3463 1293 3528 seruntur.

165 3554 226 3619 Ad
245 3556 329 3619 haec
349 3570 385 3620 et
405 3557 529 3620 similia
547 3558 717 3621 ducuntur
734 3557 884 3621 infantes
899 3578 921 3621 a
939 3557 1092 3620 Domino
1111 3578 1173 3640 per
1192 3560 1294 3622 inno·

164 3653 317 3715 centiam
348 3664 585 3717 transeuntem
612 3652 746 3716 caelum
770 3653 922 3725 tertium,
945 3672 985 3715 ac
1018 3653 1069 3716 ita
1096 3654 1295 3735 spiritualia

165 3745 382 3810 insinuantur
410 3745 648 3810 affectionibus
678 3757 715 3811 et
747 3748 828 3810 inde
858 3748 988 3811 teneris
1017 3747 1295 3828 cogitationibus

165 3840 312 3914 illorum,
339 3853 375 3905 ut
409 3842 559 3905 infantes
592 3862 661 3905 non
690 3843 802 3906 sciant
832 3842 944 3917 aliter,
968 3861 1071 3924 quam
1101 3843 1197 3924 quod
1228 3844 1294 3925 ipsi

164 3937 292 4001 saciant
310 3949 345 4000 et
371 3940 529 4018 cogitent
549 3937 633 4001 talia
655 3958 701 4002 ex
725 3958 773 4013 se,
795 3958 855 4020 per
877 3937 970 4019 quod
989 3934 1193 4002 intelleitus
1212 3937 1294 4001 illo·

164 4052 237 4097 rum
258 4034 423 4096 initiatur.

228 4141 324 4209 413.
349 4128 455 4209 (xxi.)
483 4126 580 4205 Quod
597 4127 648 4191 ibi
666 4150 689 4191 a
716 4127 858 4192 Domino
875 4126 1111 4209 prwrileatur,
1131 4138 1170 4192 ut
1199 4128 1299 4211 apud

164 4221 242 4285 illos
265 4223 448 4286 innocentia
471 4223 636 4303 infantiae
648 4224 719 4308 fiat
739 4224 925 4287 innocentia
946 4223 1294 4304 saptentiae-Multi

164 4330 342 4381 autuman:
364 4332 506 4398 poisunt
523 4319 613 4401 quod
630 4321 780 4383 infantes
796 4330 960 4383 maneant
976 4318 1137 4393 infantes,
1152 4330 1189 4383 et
1205 4319 1294 4384 fiant

165 4412 279 4495 angeli
299 4426 416 4479 statim
444 4426 521 4498 post
541 4426 709 4495 mortem;
733 4416 793 4480 sed
813 4415 1046 4497 intelligentia
1063 4424 1100 4479 et
1119 4415 1295 4499 sapientia
