2782 5026
489 470 673 523 DELICIAE
695 470 923 524 SAPIENTIAB

659 771 752 857 [Ν]

390 974 449 1040 Da
472 975 618 1042 Auonn
640 991 742 1042 vana
765 976 1008 1058 cornuorum.

200 1196 269 1267 37·
292 1181 358 1247 Est
371 1201 469 1246 amor
480 1181 682 1264 conjugialis
694 1183 847 1247 infinitae
859 1183 1057 1263 varietatis3
1077 1205 1146 1249 non
1159 1185 1257 1250 datur

137 1276 257 1341 similis
273 1279 364 1361 apud
383 1298 487 1342 unum
504 1279 614 1362 qualis
627 1289 681 1341 est
701 1279 791 1361 apud
811 1279 966 1343 alterum.
1010 1279 1169 1362 Apparet
1186 1283 1257 1365 qui·

137 1373 216 1437 dem
244 1373 332 1437 sicut
363 1374 482 1437 similis
512 1374 603 1455 apud
634 1373 773 1449 multos,
804 1375 864 1438 sed
895 1377 943 1438 ita
972 1383 1114 1457 apparet
1143 1396 1255 1440 coram

133 1467 262 1551 judicio
281 1471 446 1553 corporis,
467 1480 503 1533 et
526 1469 633 1532 homo
655 1491 700 1533 ex
724 1470 789 1534 hoc
809 1468 935 1552 judicio
958 1490 1075 1553 parum
1095 1471 1257 1536 discernit

137 1563 233 1638 talia,
257 1566 337 1647 quia
363 1575 417 1628 est
444 1585 597 1628 crassum
624 1575 659 1627 et
684 1564 811 1642 hebes;
839 1585 898 1646 per
921 1565 1083 1645 judicium
1107 1569 1258 1649 corporis

135 1658 342 1740 intelligitur
356 1658 520 1741 judicium
541 1660 667 1722 mentis
685 1680 730 1722 ex
749 1660 905 1723 sensibus
921 1662 1085 1723 externis.
1127 1661 1181 1725 At
1200 1683 1257 1726 co·

135 1774 209 1818 ram
222 1754 299 1830 illis,
313 1755 369 1837 qui
382 1776 427 1817 ex
437 1753 566 1835 judicio
579 1755 716 1836 spiritus
729 1756 857 1828 vident,
871 1766 1037 1837 apparent
1049 1756 1255 1830 discrimina,

135 1858 172 1914 et
196 1847 392 1913 distinc'tius
412 1868 529 1913 coram
553 1848 631 1924 illis,
652 1851 708 1932 qui
727 1850 835 1913 visum
855 1849 952 1931 hujus
972 1848 1086 1931 judicii
1111 1863 1257 1932 possunt

135 1945 238 2008 altius
260 1944 407 2021 elevare,
432 1945 523 2028 quod
548 1942 585 2006 fit
609 1965 668 2026 per
691 1942 930 2008 abdud'tionem
954 1945 1024 2027 ejus
1047 1966 1067 2008 a
1089 1947 1256 2019 sensibus.

135 2050 172 2106 et
187 2040 439 2104 exaltationem
455 2039 528 2121 ejus
545 2040 578 2102 in
596 2039 706 2103 lucem
719 2041 948 2122 superiorem;
971 2039 1005 2103 hi
1022 2040 1164 2104 tandem
1177 2062 1256 2124 pos·

134 2144 215 2199 sunt
242 2134 444 2198 confirmare
474 2156 511 2198 se
541 2133 730 2209 intelleElu,
756 2146 792 2199 et
821 2137 869 2199 sic
892 2136 1018 2211 videre,
1042 2137 1135 2218 quod
1161 2157 1258 2201 amor

134 2230 337 2313 coniugialis
361 2251 429 2294 non
453 2232 554 2294 detur
572 2229 690 2295 similis
714 2232 803 2313 apud
828 2250 941 2305 unum,
962 2230 1071 2313 qualis
1094 2240 1148 2296 est
1166 2233 1258 2314 apud

134 2326 292 2390 alterum.
338 2323 390 2390 At
410 2347 516 2409 usque
532 2346 635 2389 nemo
652 2336 770 2408 potest
789 2323 938 2388 infinitas
953 2326 1141 2389 varietates
1159 2325 1258 2408 hujus

134 2422 260 2485 amoris
279 2422 313 2484 in
333 2419 445 2504 aliqua
464 2421 540 2483 luce
557 2418 756 2484 intellectus
775 2420 880 2483 etiam
899 2419 1025 2483 elevati
1043 2420 1171 2494 videre,
1193 2422 1258 2484 nisi

133 2520 280 2600 primum
303 2517 390 2579 sciat
410 2516 520 2599 qualis
539 2514 598 2578 ille
616 2535 713 2579 amor
736 2524 789 2578 est
810 2516 844 2577 in
867 2515 940 2597 ipsa
963 2535 1024 2578 sua
1046 2516 1199 2579 essentia
1220 2528 1256 2581 et

132 2613 345 2694 integritate,
370 2611 419 2673 ita
441 2609 551 2692 qualis
578 2610 650 2683 suit,
674 2610 812 2692 quando
839 2629 1008 2673 unacum
1034 2611 1107 2672 vita
1129 2630 1150 2673 a
1180 2610 1257 2674 Deo

132 2707 261 2770 inditus
281 2714 334 2768 est
352 2704 500 2767 homini:
527 2705 589 2767 nisi
612 2704 666 2768 hic
686 2704 756 2787 ejus
780 2714 903 2780 status,
923 2704 979 2787 qui
997 2705 1059 2767 suit
1078 2703 1253 2785 perfedlis·

132 2801 249 2875 simus,
269 2808 441 2873 noscatur,
461 2799 585 2862 frustra
604 2799 717 2882 aliqua
736 2800 953 2882 inquisitione
971 2799 1165 2862 discrimina
1185 2800 1257 2883 ejus

132 2904 277 2978 possunt
299 2894 437 2974 detegi;
466 2913 534 2956 non
558 2894 649 2957 enim
672 2905 726 2958 est
756 2895 895 2977 aliquod
925 2894 1048 2958 stabile
1077 2893 1254 2978 pund'tum,

132 3011 177 3052 ex
193 3010 262 3071 quo
278 2998 315 3051 ut
332 2989 476 3051 exordio
489 2988 684 3053 discrimina
700 2991 924 3065 deducantur,
938 3000 973 3052 et
989 2990 1033 3052 ad
1049 2991 1151 3073 quod,
1166 2992 1256 3056 sicut

131 3082 352 3160 collimando‚
377 3083 437 3146 illa
460 3104 497 3145 se
520 3084 679 3159 reserant,
704 3096 740 3148 et
764 3087 812 3148 sic
835 3106 914 3148 vere
937 3094 972 3148 et
994 3105 1062 3148 non
1085 3085 1256 3150 fallaciter

131 3188 332 3260 appareant.
378 3176 477 3241 Haec
496 3189 680 3254 causaest,
698 3181 788 3263 quod
808 3180 862 3243 hic
880 3181 1110 3261 ingrediamur
1126 3181 1254 3245 descri-

130 3274 211 3337 bere
241 3293 394 3336 amorem
424 3272 575 3337 illumin
600 3295 660 3337 sua
683 3276 832 3356 genuina
855 3274 1024 3352 essentia;
1052 3283 1088 3337 et
1112 3274 1191 3357 quia
1220 3275 1254 3339 in

129 3368 194 3431 hac
217 3369 279 3431 suit
297 3368 364 3441 ille,
384 3368 522 3451 quando
545 3389 707 3433 unacum
730 3371 801 3433 vita
824 3391 844 3432 a
867 3369 942 3433 Deo
965 3369 1090 3433 inlusus
1113 3378 1167 3434 est
1191 3370 1254 3434 ho·

130 3464 223 3536 mini,
243 3463 437 3526 describere
460 3463 555 3526 illum
579 3465 687 3546 qualis
710 3465 770 3529 suit
793 3467 828 3528 in
851 3467 1026 3547 primaevo
1048 3487 1109 3529 suo
1132 3476 1251 3546 statu;

129 3567 166 3619 et
189 3558 267 3639 quia
289 3559 324 3620 in
347 3557 413 3620 hoc
437 3568 531 3621 statu
554 3559 616 3621 suit
639 3559 698 3622 ille
720 3581 801 3623 vere
824 3560 1034 3642 conjugialis,
1058 3561 1254 3626 inscribitur

128 3650 183 3713 hic
201 3651 447 3733 paragraphus,
464 3651 516 3714 De
528 3653 655 3716 Amore
668 3674 745 3716 vere
758 3652 787 3719 C
786 3654 957 3739 oryiegialr'.
996 3655 1048 3720 At
1064 3656 1149 3720 haec
1162 3656 1253 3723 illius

128 3743 315 3828 descriptio
334 3744 393 3809 fiet
412 3746 446 3808 in
465 3746 530 3810 hoc
551 3747 734 3810 ordine:-

308 3877 350 3946 (i.)
377 3878 463 3948 Quod
470 3879 649 3933 deturamor
658 3897 724 3933 vere
735 3882 822 3951 conju
842 3883 920 3944 ialis,
930 3886 985 3952 qui
993 3882 1077 3938 hodie
1087 3890 1150 3938 iam
1159 3902 1254 3941 rarus

445 3956 494 4010 est,
508 3957 542 4004 ut
555 3967 611 4003 non
625 3954 739 4005 sctbtur
751 3969 808 4020 qua
821 3956 848 4006 is
858 3960 906 4014 est,
922 3960 950 4007 et
963 3957 1019 4007 vrit
1030 3956 1108 4024 quod
1116 3960 1164 4011 sii.

295 4017 349 4086 (ii.)
377 4019 462 4087 Quod
471 4020 553 4074 illius
564 4024 674 4074 amoris
685 4025 768 4091 origo
778 4026 819 4076 sii
830 4041 867 4076 ex
878 4027 1011 4095 conjugii)
1021 4026 1126 4080 boniet
1139 4030 1215 4082 veri.

282 4088 348 4159 (iii.)
374 4089 461 4159 Quod
475 4091 558 4144 illius
575 4095 686 4144 amoris
702 4095 952 4164 correspondenttb
972 4098 1013 4150 sit
1029 4113 1094 4150 cum
1113 4099 1251 4170 conjugio

446 4160 572 4213 Domini
584 4167 611 4214 et
622 4162 773 4217 Ecclesiae.

283 4227 346 4299 (iv.)
373 4229 459 4300 Quod
465 4231 514 4283 ille
523 4249 612 4293 amor,
622 4249 659 4284 ex
667 4249 720 4285 sua
730 4236 843 4305 origine
851 4241 880 4287 ei
888 4237 1249 4306 ermacorrespondeniia

443 4302 591 4370 speliatun
600 4305 642 4355 sit
652 4303 785 4366 caelestii,
797 4306 971 4374 spiritualis,
983 4307 1103 4369 sancius,
1111 4312 1211 4378 purus
1221 4314 1251 4362 e!

444 4372 570 4426 mundus
578 4377 655 4442 prae
666 4377 748 4426 omni
757 4392 861 4436 amore,
874 4379 929 4444 qui
944 4394 962 4429 a
976 4378 1101 4432 Domino
1111 4384 1154 4433 esi
1167 4378 1253 4450 apud

442 4443 557 4513 angelos
568 4445 650 4506 caeli,
662 4449 691 4498 ct
702 4445 787 4515 apud
794 4444 921 4500 domitus
931 4448 1069 4504 ecclesiia.
