2782 5026
370 482 421 533 DE
445 480 580 532 AMORE
603 480 922 547 CONJUGIALI.-N.
948 480 993 548 15.
1199 483 1243 548 '¹9
1316 493 1319 499 ¹

97 653 184 709 meli
196 662 271 708 sunt
285 651 404 708 formae
413 651 681 722 repraesentativae
691 667 742 706 seu
755 651 819 722 typi
833 650 1053 706 beatitudinum
1067 649 1241 715 caelestium

103 733 141 786 in
162 732 226 788 suis
245 732 434 803 originibus3
452 741 484 786 et
501 732 572 802 quia
592 731 721 785 influxus
743 730 848 784 harum
870 730 1091 785 beatitudinum
1112 730 1242 797 elevavit

103 823 231 866 rnentes
245 822 376 872 vestras,
389 811 579 870 clamavistis,
594 810 654 864 ‘En
670 809 785 865 caelum
806 810 836 865 in
855 808 952 865 forma
963 808 979 872 ;’
997 820 1029 863 at
1045 809 1095 872 illi,
1107 810 1159 880 qui
1179 825 1240 873 noa

100 892 264 962 recipiunt
277 891 364 944 illum
379 890 531 951 influxum,
545 888 682 959 spetiant
695 889 878 958 paradisiaca
891 889 965 943 haec
977 905 1037 943 non
1051 888 1138 945 aliter
1150 905 1239 960 quarn

97 970 280 1033 silvestria3
299 980 331 1025 et
343 985 450 1024 ornnes
464 969 505 1023 illi
520 969 668 1059 recipiunt
680 968 833 1030 influxum,
844 969 896 1039 qui
914 968 944 1023 in
959 984 1061 1023 amore
1074 984 1145 1022 usus
1156 979 1241 1039 sunt,

100 1051 247 1104 atilium
266 1066 327 1104 non
345 1049 504 1118 recipiunt.
518 1048 569 1118 qui
589 1047 619 1101 in
635 1063 737 1102 amore
756 1047 868 1118 gloriae
887 1057 966 1111 sunt,
982 1056 1013 1103 et
1028 1063 1089 1102 non
1104 1063 1142 1102 ex
1157 1048 1240 1103 usu.'.'

105 1127 228 1184 Postea
239 1128 383 1198 exposuit
392 1137 424 1182 et
436 1114 549 1190 docuit,
559 1126 632 1197 quid
645 1126 764 1198 singula
776 1126 877 1181 horti
870 1127 958 1182 istius
976 1128 1240 1198 repraesentabant

101 1218 143 1263 et
156 1206 380 1277 significabant.

166 1298 229 1359 14.
255 1285 351 1342 Cum
343 1303 374 1340 ιιι
387 1286 435 1341 hls
446 1293 540 1347 erant
551 1285 634 1340 venit
645 1285 947 1356 nuntiusaprrncrpe
957 1286 1008 1356 qui
1023 1285 1162 1340 invitavit
1172 1285 1241 1345 illos

103 1366 150 1422 ad
172 1366 394 1420 comedendum
415 1381 522 1435 panem
537 1382 656 1428 secum;
675 1374 707 1420 et
721 1365 810 1420 simul
829 1375 902 1420 tunc
914 1366 976 1419 duo
995 1365 1140 1423 satellites
1154 1365 1239 1421 aulae

98 1446 317 1516 apportabant
332 1455 432 1500 vestes
447 1445 536 1515 byssi,
552 1455 583 1500 et
601 1444 773 1506 dixerunt·
776 1442 910 1499 induite
929 1444 991 1508 has,
1007 1445 1078 1515 quia
1093 1460 1183 1499 nerno
1200 1445 1239 1507 ad

105 1540 252 1581 mensam
265 1540 407 1594 principis
415 1524 586 1578 admittitur
596 1523 653 1578 nisi
645 1523 786 1578 indutus
795 1523 929 1578 vestibus
938 1523 1040 1579 caeli.''
1226 1576 1237 1591 ,

168 1603 210 1658 Et
225 1603 419 1659 accinxerunt
434 1619 474 1665 se,
486 1613 516 1657 et
531 1602 666 1659 comitati
679 1613 750 1658 sunt
762 1604 902 1674 angelum
915 1619 1012 1665 suurn,
1023 1612 1054 1658 et
1067 1603 1240 1661 introduces

104 1683 248 1741 bantur·
241 1699 270 1736 ιιι
284 1681 474 1754 hypethrum,
487 1682 717 1737 ambulatorium
731 1681 842 1753 palatii,
855 1693 887 1738 et
902 1681 1113 1753 exepediabant
1129 1682 1239 1752 princi

106 1777 202 1831 pem:
227 1771 258 1815 et
278 1761 317 1814 ibi
336 1760 461 1830 angelus
481 1760 643 1816 insertabat
659 1762 726 1816 illos
739 1761 899 1816 consortiis
914 1778 982 1816 curn
999 1763 1189 1834 magnatibus
1207 1772 1239 1838 et

105 1841 364 1901 moderatoribus,
375 1840 426 1910 qui
439 1841 530 1893 etiam
547 1842 808 1909 praestolabantur
821 1841 995 1912 principem.
1034 1842 1072 1896 Et
1087 1858 1156 1896 ecce
1169 1852 1239 1912 post
1321 1897 1327 1909 ,

103 1920 252 1977 horulam
263 1929 384 1989 apertae
397 1928 468 1974 sunt
481 1917 568 1982 iores,
578 1931 609 1974 et
618 1937 671 1991 per
683 1937 773 1975 unam
787 1921 924 1976 latiorem
938 1923 976 1975 ab
987 1922 1145 1977 occidente
1155 1921 1239 1995 vide,

104 2009 184 2055 runt
194 1999 262 2069 ejus
273 1999 429 2052 introitum
441 1998 470 2051 in
481 1999 586 2053 ordine
596 2010 627 2053 et
637 2016 747 2070 pompa
756 2001 970 2071 processionis:
989 2001 1143 2072 praeibant
1153 2001 1237 2065 illurn

104 2077 278 2135 consiliarii
288 2094 306 2133 a
315 2079 417 2139 latere,
428 2088 496 2148 post
506 2078 563 2132 hos
572 2079 732 2134 consiliarii
745 2096 763 2136 a
775 2081 909 2143 cameris,
920 2092 951 2136 et
961 2092 1030 2152 post
1039 2081 1095 2136 hos
1105 2081 1237 2151 primarii

105 2175 148 2214 ex
163 2159 252 2220 aulas
271 2158 302 2212 in
317 2157 427 2212 horum
443 2156 542 2212 medio
558 2156 616 2212 luit
633 2158 780 2229 princeps,
799 2171 830 2215 et
846 2171 915 2231 post
931 2160 1015 2215 illum
1032 2160 1120 2216 aulici
1138 2160 1237 2229 variae

105 2237 325 2301 distinctionis,
335 2248 367 2292 et
379 2236 488 2290 ultimo
501 2238 660 2303 satellites;
679 2256 785 2296 omnes
797 2240 1004 2296 connumerati
1017 2241 1055 2297 ad
1070 2251 1192 2296 centum
1206 2252 1237 2308 et

105 2318 233 2390 viginti.

167 2398 305 2470 Angelus
319 2408 402 2454 stans
415 2410 486 2454 ante
499 2399 601 2454 decern
618 2415 713 2454 novos
729 2399 867 2464 advenas,
880 2415 918 2455 ex
931 2400 1043 2455 vestitu
1059 2409 1132 2454 tunc
1146 2415 1237 2472 appa-f

111 2488 217 2533 rentes
240 2489 276 2532 ut
295 2478 442 2549 inquilini,
455 2479 581 2534 accessit
599 2495 667 2534 cum
689 2478 747 2534 illis
765 2480 803 2535 ad
824 2479 997 2549 principem,
1016 2490 1047 2534 et
1065 2489 1237 2533 reverenter

109 2556 244 2611 adduxit
262 2556 345 2619 illos;
364 2569 395 2612 et
414 2559 551 2628 princeps
571 2558 600 2613 in
620 2558 812 2629 procedendo
831 2574 892 2613 non
912 2568 1054 2620 moratus,
1072 2558 1150 2613 dixit
1168 2557 1235 2630 illis,

110 2635 248 2691 “Venite
261 2652 379 2691 mecum
392 2637 430 2692 ad
445 2637 579 2706 panem!¹

167 2713 207 2771 Et
221 2715 318 2770 secuti
330 2726 402 2770 sunt
415 2716 445 2770 in
459 2717 631 2779 triclinium,
641 2727 674 2772 et
683 2716 823 2772 viderunt
833 2733 965 2772 mensam
977 2716 1133 2787 magnifice
1145 2732 1236 2788 appan

111 2802 217 2856 ratam,
237 2794 269 2848 in
291 2795 393 2849 medio
410 2796 477 2865 ejus
495 2797 643 2850 excelsam
665 2796 848 2867 pyramidem
870 2812 907 2850 ex
928 2812 1002 2850 auro
1021 2812 1090 2850 cum
1112 2807 1234 2865 centum

111 2873 278 2929 scutellis
270 2890 300 2928 ιιι
323 2873 432 2944 triplici
454 2875 561 2930 ordine
585 2891 675 2944 super
693 2874 799 2930 formis
819 2875 890 2938 suis,
913 2891 1002 2944 super
1020 2876 1128 2946 quibus
1150 2885 1235 2939 erant

113 2968 206 3022 panes
220 2953 396 3013 saccharini.
412 2963 444 3008 et
460 2964 558 3009 musta
572 2955 710 3008 vinorum
726 2965 875 3016 concreta,
890 2971 958 3008 curn
973 2954 1039 3010 aliis
1058 2954 1183 3009 lautitiis
1197 2969 1236 3017 ex

114 3047 190 3100 pane
208 3040 240 3087 et
255 3032 327 3087 vino
342 3030 502 3087 conlectis:
520 3049 555 3087 ac
571 3049 624 3102 per
638 3033 767 3087 mediam
787 3033 971 3104 pyramidem
987 3033 1142 3106 scaturivit
1157 3034 1235 3103 sicut

112 3109 181 3167 ions
193 3111 304 3166 saliens
317 3126 385 3165 cum
399 3111 471 3166 vino
485 3110 631 3173 nectareo.
645 3113 731 3182 cujus
743 3128 820 3167 vena
832 3129 869 3167 ex
884 3113 1057 3167 summitate
1074 3113 1235 3184 pyramidis

114 3189 254 3260 dispersit
266 3206 307 3253 se,
320 3200 352 3245 et
364 3191 489 3261 cyathos
503 3190 648 3261 implevit.
685 3191 734 3246 Ad
748 3191 843 3246 latera
854 3192 945 3262 hujus
958 3193 1092 3248 excelsae
1108 3193 1235 3263 pyramis

115 3269 159 3324 dis
170 3279 258 3325 erant
267 3269 367 3325 variae
380 3269 493 3324 iorrnae
503 3271 647 3325 caelestes
660 3287 696 3324 ex
708 3287 790 3334 auro,
800 3287 890 3340 super
899 3271 1007 3341 quibus
1017 3281 1102 3326 erant
1115 3273 1235 3342 patinae

115 3358 144 3403 et
161 3348 290 3418 patellae
312 3348 386 3404 cibis
406 3349 505 3404 omnis
525 3349 644 3419 generis
666 3349 808 3405 refertae:
835 3350 949 3406 formae
974 3352 1126 3415 caelestes,
1146 3368 1236 3421 super

116 3425 222 3496 quibus
237 3428 358 3497 patinae
374 3437 406 3482 et
421 3428 556 3498 patellae,
572 3437 657 3482 erant
672 3428 785 3483 iorrnae
799 3429 872 3484 artis
887 3447 925 3484 ex
940 3430 1095 3500 sapientia,
1111 3447 1188 3501 quae
1203 3431 1234 3502 in

117 3508 227 3561 mundo
242 3522 304 3561 non
319 3507 419 3577 aliqua
434 3517 498 3562 arte
513 3507 635 3570 exarari,
649 3524 704 3563 nec
718 3524 793 3562 voce
809 3509 936 3563 describi
952 3520 1095 3579 possunt:
1114 3510 1234 3579 patinae

117 3597 145 3639 et
152 3586 280 3655 patellae
289 3598 376 3641 erant
385 3602 422 3640 ex
431 3597 566 3657 argento,
576 3586 821 3642 circumcaelatae
830 3588 977 3642 similibus
988 3588 1092 3643 formis
1103 3588 1132 3642 in
1143 3589 1234 3659 plano

116 3679 178 3719 cum
190 3663 405 3721 sustentaculis
414 3681 491 3728 suis
506 3665 608 3736 cyathi
621 3675 707 3720 erant
715 3683 752 3721 ex
762 3667 889 3738 gemmis
899 3667 1126 3738 pellucentibus
1153 3667 1234 3725 Talis

117 3755 349 3814 eratapparatus
363 3760 492 3800 mensae.
564 3805 567 3810 ,

163 3834 224 3896 13.
249 3822 389 3878 Amrtius
398 3833 498 3878 autern
510 3839 652 3894 principis
662 3833 693 3880 et
702 3825 980 3894 ejusmrnrstrorum
991 3824 1121 3884 erathrc
1150 3800 1234 3883 Prinss

117 3917 180 3974 ceps
196 3905 321 3960 indutus
336 3915 401 3959 erat
415 3904 502 3958 talari
520 3905 629 3959 coloris
649 3906 798 3975 purpurei,
812 3906 957 3976 insignito
975 3906 1071 3961 stellis
1089 3904 1234 3977 acupictis

116 3986 220 4041 coloris
238 3985 392 4057 argentei:
417 3984 473 4039 sub
493 3985 580 4038 talari
600 3983 716 4040 cinstus
736 3997 800 4041 erat
820 3987 923 4041 tunica
940 4002 978 4042 ex
997 3987 1094 4043 serico
1114 3988 1234 4053 lucente

117 4066 219 4122 coloris
231 4064 437 4138 hyacinthini:
456 4066 531 4121 haec
543 4077 607 4120 erat
620 4066 699 4122 circa
711 4065 815 4138 pectus
827 4078 939 4137 aperta,
952 4067 1003 4122 ubi
1016 4069 1150 4124 anterior
1164 4085 1233 4138 pars

117 4147 265 4216 eujusdam
284 4162 380 4201 zonae
399 4161 467 4200 curn
488 4145 598 4214 insigni
616 4162 686 4201 suae
702 4146 855 4202 societatis
870 4147 935 4203 visa
952 4158 1015 4212 est;
1034 4148 1150 4219 insigne
1168 4158 1233 4212 erat

116 4225 208 4294 aquus
221 4241 313 4296 super
328 4224 419 4295 pullis
439 4224 468 4288 in
484 4224 596 4280 vertice
614 4225 728 4280 arboris
743 4226 872 4281 cubans:
891 4227 949 4281 hoc
964 4237 1028 4282 erat
1043 4243 1080 4282 ex
1098 4226 1233 4298 fulgente

116 4316 181 4358 auro
193 4301 410 4360 circumcindto
423 4303 640 4358 adamantibus.
678 4303 846 4359 Consiliarii
862 4322 880 4360 a
892 4306 986 4360 latere
999 4316 1085 4360 erant
1097 4322 1158 4362 non
1172 4308 1233 4367 dis·

116 4380 246 4439 similiter
265 4380 379 4444 amitii,
403 4384 457 4438 sed
479 4383 592 4453 absque
614 4383 666 4438 ilio
688 4383 812 4455 insigni:
840 4385 909 4440 loco
929 4385 996 4456 ejus
1016 4395 1101 4441 erant
1122 4387 1232 4457 sculpti

116 4463 239 4535 sapphiri
256 4478 275 4521 e
292 4463 374 4521 collo
393 4478 431 4519 ex
448 4478 542 4519 aureo
555 4473 663 4534 torque
679 4463 853 4535 pendentes
890 4464 989 4521 Aulici
1005 4475 1090 4521 erant
1106 4466 1137 4520 in
1152 4468 1232 4538 togis
