2782 5026
133 122 195 188 304
477 120 660 172 DELICIAE
682 120 912 175 SAPIENTIAE

133 291 244 355 ausers
263 290 448 373 singularia
465 301 520 356 est
538 290 731 356 universale
748 290 861 356 solum
880 312 1019 375 nomen,
1037 303 1074 361 et
1093 304 1146 362 est
1162 295 1236 362 sicut

132 385 356 469 superficiale,
377 387 467 451 intra
485 388 577 470 quod
600 408 670 450 non
689 387 816 471 aliquid
840 399 915 453 est:
943 411 1050 473 quare
1067 393 1249 459 attribuere

133 480 209 546 Deo
222 482 412 546 universale
424 484 588 565 regimen,
603 493 639 547 et
652 483 781 548 auferre
795 485 993 568 singularia,
1005 497 1061 551 est
1072 508 1161 552 vana
1171 504 1258 553 vox.

132 587 169 640 et
188 577 276 641 sicut
296 578 507 658 praedicatio
522 578 710 641 inanitatis.
754 578 982 662 Comparatio
998 601 1075 645 cum
1092 585 1278 666 regimine

133 672 315 736 universali
344 692 463 753 regum
493 682 616 746 terrae,
638 693 706 736 non
736 673 842 736 valet.
890 675 977 739 Inde
1007 697 1097 741 nunc
1121 680 1292 743 dicitur·

132 767 224 850 quod
243 767 343 831 binae
362 767 442 830 illae
461 768 627 850 sphaerae
646 768 887 832 universaliter
905 780 941 833 et
965 770 1187 855 singulariter
1203 775 1304 838 inf

132 860 250 927 fluant.

194 959 299 1041 389.
323 955 425 1038 Quod
441 957 607 1040 sphaerae
623 958 825 1039 procreandi
844 978 885 1022 ac
905 960 1044 1025 tutandi
1063 973 1240 1044 procreata
1321 992 1328 1018 ι

134 1073 194 1116 seu
216 1052 382 1135 sphaerae
405 1054 531 1117 amoris
553 1053 756 1163 conjugialis
783 1064 819 1117 et
849 1056 978 1118 amoris
1001 1056 1214 1132 infantums
1206 1072 1337 1120 rn‘·

133 1147 263 1212 fluant'
255 1169 288 1212 m
302 1151 417 1211 omnia
429 1149 516 1213 caeli
533 1158 568 1212 et
585 1150 618 1212 in
632 1151 746 1213 omnia
759 1150 886 1223 mundi,
900 1172 920 1214 a
937 1152 1056 1234 primis
1068 1153 1114 1217 ad
1127 1154 1253 1218 ultima.
1287 1162 1346 1208 ⁴²

133 1253 189 1308 est
207 1245 286 1326 quia
302 1241 435 1320 cundia,
453 1265 541 1327 quae
559 1245 752 1325 procedunt
771 1265 792 1307 a
811 1243 975 1322 Domino,
993 1267 1056 1311 seu
1074 1269 1095 1312 a
1114 1248 1187 1312 sole
1202 1250 1264 1331 qu't
1293 1250 1353 1299 ¹¹

134 1339 179 1402 ab
198 1339 278 1422 lpso
297 1348 362 1412 est,
383 1350 418 1403 et
442 1339 475 1401 in
495 1359 563 1421 quo
583 1338 673 1420 Ipse,
691 1348 873 1403 transeunt
891 1343 1359 1407 universumcreaturrr1n

135 1454 241 1517 usque
258 1436 301 1497 ad
318 1436 469 1497 omnium
483 1433 647 1497 ultima
617 1454 708 1516 eJus;
732 1454 836 1498 causa
852 1444 914 1507 est,
929 1438 1009 1518 quia
1022 1437 1161 1514 Divina,
1174 1452 1329 1522 qua&
1340 1439 1363 1481 -θ

134 1529 168 1594 in
184 1530 425 1613 progressione
440 1539 609 1593 vocantur
624 1528 790 1593 caelestia
807 1540 843 1593 et
863 1530 1066 1612 spiritualia,
1084 1542 1164 1597 sunt
1182 1553 1307 1615 spa‘
1321 1542 1367 1579 Α·

135 1625 173 1690 tii
191 1634 227 1689 et
247 1625 412 1705 temporis
428 1624 606 1705 expertia3
630 1624 720 1707 quod
737 1625 780 1689 de
799 1625 1034 1708 spiritualibus
1050 1627 1147 1691 nulla
1162 1649 1307 1711 prae‘
1327 1631 1370 1671 θ’

135 1720 263 1784 dicatio
273 1720 411 1782 extensi
425 1720 481 1792 sit,
493 1721 570 1802 quia
583 1718 677 1782 nulla
689 1721 793 1802 spatii
805 1731 841 1784 et
854 1722 1033 1802 temporis,
1048 1731 1171 1787 notum
1183 1733 1280 1800 est.
1247 1741 1280 1758 ⁹
1366 1719 1374 1775 ἱ

135 1816 215 1881 inde
227 1826 280 1879 est
285 1815 397 1897 ‚quod
410 1815 570 1897 quicquid
587 1815 745 1896 procedit
759 1835 780 1877 a
796 1814 980 1892 Dominos
971 1836 1005 1879 m
1023 1818 1170 1883 instanti
1182 1821 1224 1883 sit
1237 1827 1339 1882 ³5
1360 1814 1379 1856 ²

135 1913 252 1998 primis
269 1914 301 1974 in
320 1910 468 1975 ultimis:
492 1910 583 1993 quod
600 1910 747 1992 sphaera
762 1912 887 1973 amoris
899 1911 1132 1994 conjugialis
1122 1925 1173 1977 rta
1187 1914 1315 1976 ιιηίκ
1333 1910 1381 1956 ¹⁶

103 2074 107 2085 ,
136 2006 279 2072 versalis
303 2007 359 2080 sit,
383 2004 540 2067 videatur
562 2025 664 2086 supra
688 2002 736 2086 (n.
757 2020 841 2068 222-
842 2003 931 2087 225).
977 2004 1082 2087 Quod
1105 2003 1378 2142 similiterlg
1336 1999 1385 2048 ··

137 2102 284 2186 sphaera
306 2101 433 2163 amoris
455 2099 639 2174 infantum,
664 2102 773 2181 patet
786 2120 831 2163 ex
856 2099 917 2162 illo
940 2120 1060 2165 amore
1089 2102 1125 2166 in
1153 2095 1388 2176 cae10‚«0›

16 2215 25 2232 ’
138 2197 226 2265 ubi
218 2217 250 2260 m
254 2196 366 2259 antes
396 2216 415 2257 e
442 2196 541 2257 terris
564 2204 665 2271 sunt;
700 2214 813 2276 exque
837 2193 897 2256 illo
919 2214 1039 2258 amore
1068 2197 1102 2258 in
1133 2193 1385 2260 mundoO

138 2293 228 2376 apud
250 2292 418 2365 homines,
443 2290 533 2372 apud
557 2290 687 2353 bestias
709 2299 746 2353 et
776 2310 868 2365 aves,
892 2301 1085 2372 serpentes,
1110 2289 1314 2357 insedaz‘
1286 2328 1314 2345 ο
1367 2311 1376 2320 ·

138 2387 235 2470 hujus
254 2388 379 2450 amoris
398 2384 547 2467 analoga
565 2385 672 2448 etiam
688 2384 841 2447 dantur
832 2404 866 2446 ιη
886 2385 1002 2466 regnis
1017 2386 1207 2468 vegetabili
1224 2397 1257 2450 et
1287 2375 1381 2438 5
1389 2381 1391 2401 ¹

140 2481 314 2559 minerali;
339 2483 371 2544 in
388 2480 588 2562 vegetabili,
602 2479 694 2563 quod
711 2480 843 2542 semina
855 2480 1097 2544 custodiantur
1112 2482 1257 2564 putami·
1297 2493 1350 2516 Ι
1365 2467 1383 2510 ¹

141 2579 239 2641 nibus
258 2579 345 2641 sicut
366 2576 489 2649 fasciis,
509 2594 547 2638 ac
572 2576 711 2656 insuper
733 2575 767 2637 in
787 2570 1003 2637 sruftusicut
1027 2575 1061 2637 in
1086 2577 1202 2650 domo,
1221 2596 1258 2640 ac
1303 2569 1391 2622 9¹

141 2673 331 2737 nutriantur
361 2690 464 2734 succo
487 2672 575 2733 sicut
605 2667 718 2746 la8te;
752 2668 842 2751 quod
867 2668 994 2752 aliquid
1018 2670 1131 2734 simile
1155 2672 1199 2735 sit
1227 2673 1259 2734 in

140 2768 289 2841 mineris,
317 2776 416 2849 patet
440 2788 460 2829 a
487 2766 685 2829 matricibus
709 2773 745 2828 et
773 2764 894 2839 thecis,
918 2766 953 2827 in
982 2765 1105 2848 quibus
1130 2768 1260 2831 nobiles
1375 2844 1386 2855 .

140 2882 310 2945 gemmae,
331 2871 366 2926 et
386 2862 512 2925 nobilia
533 2860 685 2933 metalla,
702 2860 935 2923 reconduntur
953 2869 989 2923 et
1009 2863 1259 2926 custodiuntur.
1342 2877 1389 2943 ζ,

203 2973 310 3041 39⁰.
340 2956 441 3036 Quod
472 2957 617 3039 sphaera
643 2955 857 3038 procreandi,
884 2964 921 3018 et
951 2954 1099 3037 sphaera
1126 2959 1261 3022 tutandi
1373 3036 1379 3045 Δ

140 3062 331 3138 procreata,
351 3054 384 3114 in
409 3053 571 3114 continua
590 3052 677 3114 serie
700 3069 803 3113 unum
826 3050 965 3123 iaciant,
985 3059 1040 3113 est
1065 3052 1147 3133 quia
1168 3072 1263 3117 amor

140 3148 342 3235 procreandi
365 3148 587 3210 continuatur
616 3147 649 3209 in
673 3164 825 3208 amorem
848 3145 1039 3228 procreati:
1074 3147 1188 3229 qualis
1210 3157 1261 3213 est

140 3265 237 3311 amor
263 3243 464 3326 procreandi
491 3242 713 3324 cognoscitur
742 3261 788 3304 ex
817 3238 887 3321 ejus
909 3238 1072 3321 jucundo,
1098 3243 1191 3325 quod
1219 3244 1263 3306 sit

141 3339 396 3424 supereminens
415 3347 450 3400 et
470 3335 738 3400 transcendens:
767 3336 802 3397 in
820 3333 881 3397 illo
899 3343 953 3397 est
970 3344 1087 3398 status
1103 3357 1263 3419 procrea·

141 3434 245 3501 tionis
272 3434 362 3517 apud
391 3433 492 3504 viros,
517 3452 556 3495 ac
585 3432 767 3513 insigniter
795 3440 909 3492 status
935 3431 1148 3514 receptionis
1175 3433 1264 3517 apud

142 3530 311 3594 mulieres.
357 3527 434 3590 Hoc
455 3546 586 3589 summe
599 3526 786 3608 jucundum
802 3544 879 3589 cum
898 3545 960 3587 suo
978 3543 1097 3589 amore
1113 3529 1266 3612 sequitur

141 3626 175 3690 in
194 3635 342 3709 partum,
360 3634 396 3686 et
416 3624 460 3685 ibi
480 3643 516 3685 se
536 3622 669 3704 implet.

203 3735 304 3804 391.
328 3718 402 3802 (iv.)
429 3716 526 3796 Quod
543 3717 691 3798 sphaera
710 3714 837 3779 amon's
855 3713 1033 3795 elefantum,
1052 3714 1102 3778 sit
1117 3715 1268 3798 sphaera

142 3815 264 3880 tutelae
284 3825 316 3879 ct
344 3813 595 3877 sustentatrbnr's
625 3811 769 3886 illorum,
793 3811 855 3894 qui
877 3808 1075 3891 semetpsos
1098 3813 1213 3876 tutari
1237 3822 1269 3876 et

142 3921 331 3976 sustentare
348 3908 664 3992 nequeunt-Quod
687 3908 905 3991 operationes
924 3925 1046 3973 usuum
1070 3928 1090 3970 a
1115 3906 1268 3973 Domino

143 4028 204 4090 per
220 4008 382 4090 sphaeras
396 4006 623 4087 procedentes
639 4004 683 4068 ab
700 4003 791 4086 Ipso,
805 4002 874 4066 sint
891 4000 1017 4091 Divina¹
1033 4003 1267 4087 providentia,

144 4123 245 4185 supra
277 4103 324 4186 (n.
345 4101 422 4185 386)
447 4097 575 4164 dictum
598 4109 674 4180 est;
718 4099 804 4164 haec
827 4098 943 4182 itaque
967 4096 1178 4184 intelligitur
1207 4120 1268 4187 per
