2782 5026
310 456 361 507 nn
383 454 518 507 astons
541 444 989 523 sconrnr0a10.-N.482.
1146 445 1209 526 369

88 623 235 695 spirituali
254 639 324 679 cum
342 623 612 695 repraesentativis,
628 640 705 696 quae
724 626 812 696 plene
826 625 967 697 exprimit
982 641 1077 690 sensa,
1093 635 1124 681 et
1143 642 1209 682 mo-

89 713 192 759 mento
206 703 301 774 plura.

141 783 235 846 Dixit,
248 784 330 854 quod
344 782 374 836 in
387 782 451 838 vita
465 783 599 854 corporis
612 783 642 837 in
656 784 770 838 mundo
783 784 874 855 priori
887 784 1032 840 adulteria
1044 801 1100 856 pro
1113 784 1210 842 nihilo

89 863 281 933 reputaverit.

141 941 202 996 Sed
223 941 252 996 ei
274 941 372 996 dicere
392 941 497 995 datum
516 950 571 1003 est,
584 942 667 1011 quod
687 941 833 996 adulteria
853 941 914 996 sint
936 938 1071 1004 nefanda,
1086 943 1209 998 tametsi

87 1032 235 1092 apparent
244 1035 345 1074 coram
355 1020 421 1082 illis,
431 1020 483 1091 qui
496 1021 579 1082 tales,
589 1036 627 1074 ex
636 1020 770 1090 jucundo
780 1021 861 1090 quod
872 1031 1039 1091 captarunt,
1049 1032 1080 1077 et
1092 1038 1130 1076 ex
1143 1037 1210 1092 per-

86 1099 228 1154 suasione
242 1099 320 1161 inde,
333 1100 414 1169 quod
428 1115 489 1153 non
502 1099 582 1160 talia,
596 1099 689 1153 immo
701 1099 799 1161 licita;
817 1100 1004 1170 quodetiam
1018 1101 1093 1155 scire
1106 1110 1211 1171 posset

84 1193 122 1233 ex
140 1194 189 1239 eo,
205 1178 287 1249 quod
302 1177 444 1249 conjugia
457 1177 519 1232 sint
533 1178 692 1233 seminaria
707 1179 825 1249 generis
841 1178 973 1241 humani,
986 1191 1018 1233 et
1033 1178 1103 1234 inde
1117 1179 1209 1235 etiam

82 1254 249 1310 seminaria
265 1254 348 1326 regni
363 1255 509 1316 caelestis,
525 1265 555 1310 et
572 1254 684 1309 idcirco
699 1257 779 1326 quod
797 1272 856 1309 non
873 1256 1022 1319 violanda,
1039 1257 1091 1311 sed
1107 1254 1211 1311 santia

81 1331 243 1394 habenda:
261 1341 326 1386 tum
339 1348 434 1393 exeo,
447 1332 529 1402 quod
542 1331 617 1387 scire
630 1333 731 1394 debet,
742 1333 813 1403 quia
826 1333 855 1386 in
867 1334 982 1388 mundo
994 1333 1142 1404 spirituali
1154 1342 1210 1395 est,

76 1427 119 1467 ac
133 1411 166 1466 in
177 1419 259 1466 statu
270 1412 477 1482 perceptionis,
488 1411 569 1481 quod
579 1427 664 1465 amor
673 1412 853 1482 conjugialis
863 1428 880 1466 a
891 1411 1022 1467 Domino
1033 1429 1085 1482 per
1095 1412 1209 1467 caelum

76 1490 261 1559 descendat⁴
272 1500 303 1543 et
315 1490 397 1560 quod
407 1491 445 1544 ab
456 1490 507 1544 illo
516 1506 626 1552 amore,
636 1501 670 1544 ut
680 1502 811 1560 parente,
822 1491 976 1545 derivetur
984 1507 1069 1546 amor
1078 1502 1210 1553 mutuus,

72 1569 137 1640 qui
153 1578 201 1624 est
216 1568 436 1623 firmamentum
452 1569 542 1623 caeli:
561 1579 642 1622 etex
659 1586 703 1631 eo,
717 1570 797 1641 quod
813 1570 950 1633 adulteri,
964 1572 1035 1625 dum
1052 1572 1144 1626 modo
1158 1587 1210 1642 ap-

73 1648 260 1718 proximant
272 1647 309 1701 ad
323 1648 482 1703 societates
491 1648 635 1704 caelestes
645 1649 778 1704 sentiant
787 1650 1020 1720 graveolentiam
1031 1666 1124 1712 suam,
1135 1660 1166 1705 et
1177 1665 1210 1705 se

71 1725 159 1782 inde
185 1726 384 1797 praecipitent
402 1743 506 1782 versus
525 1727 691 1790 internum
718 1729 756 1782 ad
782 1728 938 1782 minimum
958 1728 1107 1799 potuisset
1124 1729 1209 1791 scire,

68 1807 170 1879 quod
184 1806 297 1861 violare
309 1806 448 1877 conjugia
463 1806 502 1861 sit
517 1817 623 1860 contra
637 1807 719 1877 leges
727 1805 860 1869 Divinas,
874 1818 980 1862 contra
991 1808 1128 1861 omnium
1143 1823 1210 1878 reg·

70 1902 196 1941 norum
207 1885 288 1956 leges
299 1885 411 1947 civiles,
422 1897 486 1940 tum
497 1895 602 1939 contra
611 1887 774 1955 genuinum
784 1886 885 1940 lumen
897 1886 1029 1947 rationis,
1039 1897 1070 1941 et
1083 1887 1126 1941 sic
1138 1902 1211 1941 con·

68 1976 132 2020 tra
138 1966 189 2036 jus
199 1965 345 2036 gentium,
352 1966 423 2036 quia
435 1975 541 2019 contra
550 1964 686 2019 ordinem
695 1975 727 2019 et
738 1963 879 2018 Divinum
890 1976 921 2020 et
930 1964 1111 2020 humanum:
1126 1981 1211 2037 prae·

66 2054 133 2101 ter
147 2045 242 2115 plura

142 2122 205 2178 Sed
222 2122 428 2194 respondebat,
441 2122 522 2193 quod
536 2122 607 2177 talia
620 2138 680 2176 non
693 2123 871 2193 cogitaverit
885 2122 915 2176 in
930 2122 994 2177 vita
1006 2120 1112 2193 priore.
1147 2121 1210 2178 Vo-

69 2202 144 2258 luit
158 2202 336 2264 ratiocinari,
349 2218 420 2255 num
436 2201 477 2255 ita
489 2212 576 2256 esset.

142 2281 204 2337 Sed
220 2279 333 2335 ditium
348 2290 395 2335 est
413 2281 440 2333 ei
455 2280 536 2350 quod
549 2280 659 2334 veritas
675 2295 734 2334 non
749 2280 890 2335 admittat
905 2280 1069 2341 ratiocinia,
1083 2281 1210 2351 patroci-

67 2371 201 2417 nantur
219 2361 299 2415 enim
323 2359 462 2430 jucundis
480 2358 576 2413 carnis
594 2369 700 2413 contra
718 2359 850 2429 jucunda
868 2359 996 2429 spiritus,
1015 2375 1092 2430 quae
1114 2359 1210 2415 nescit

65 2440 191 2513 qualia
200 2449 285 2501 sunt;
303 2448 334 2493 et
346 2438 428 2509 quod
442 2439 569 2508 primum
580 2438 710 2508 cogitare
721 2438 829 2493 debeat
838 2438 877 2492 de
887 2438 945 2492 illis
955 2453 1032 2508 quae
1042 2437 1121 2492 dieta
1129 2448 1209 2499 sunt.

66 2520 158 2592 quia
172 2534 259 2580 vera;
283 2527 336 2572 aut
355 2533 394 2571 ex
415 2517 466 2571 illo
483 2517 637 2587 principio,
652 2517 733 2587 quod
757 2516 944 2571 notissimum
962 2528 1009 2572 est
1032 2516 1061 2570 in
1087 2517 1209 2584 mundo,

66 2599 171 2671 quod
185 2613 275 2651 nemo
290 2596 375 2651 alteri
391 2595 487 2650 iacere
500 2596 617 2658 debeat,
630 2597 712 2666 quod
728 2612 788 2650 non
804 2596 878 2650 velit
892 2604 926 2649 ut
940 2596 1017 2650 alter
1031 2595 1121 2650 iaciat
1136 2595 1210 2657 sibi;

67 2690 116 2734 et
132 2677 178 2733 sic
193 2676 217 2730 si
232 2675 301 2747 quis
316 2675 407 2745 ipsius
422 2690 554 2737 uxorem,
567 2691 657 2745 quam
673 2674 841 2736 amavisset,
856 2675 949 2744 (quod
966 2673 1000 2728 fit
1016 2674 1045 2728 in
1063 2674 1209 2745 principio

65 2757 188 2812 omnis
202 2754 356 2825 conjugii)
372 2754 425 2808 tali
441 2754 532 2808 modo
547 2754 724 2824 decepisset,
736 2763 809 2808 tunc
824 2769 892 2806 cum
908 2753 938 2807 in
954 2763 1035 2807 statu
1048 2754 1210 2808 excandes-

66 2835 206 2892 tentiae
220 2848 309 2903 super
323 2833 352 2886 id
369 2830 456 2893 esset,
472 2832 496 2888 si
516 2833 618 2888 exilio
633 2842 713 2888 statu
729 2833 909 2902 loqueretur.
924 2847 1025 2886 annon
1040 2832 1130 2886 etiam
1147 2832 1210 2902 ipse

66 2913 235 2972 adulteria
247 2914 450 2967 detestaturus
461 2911 582 2975 fuisset;
606 2921 637 2966 et
650 2921 731 2974 tunc,
744 2911 816 2982 quia
834 2911 954 2983 ingenio
973 2911 1075 2983 pollet,
1088 2927 1120 2967 se
1138 2927 1210 2967 con·

69 2992 267 3048 firmavisset
283 2991 452 3061 plusquam
468 2991 517 3045 alii
533 3002 638 3046 contra
655 2991 711 3051 illa,
728 3006 821 3060 usque
837 3001 872 3044 ut
890 2990 1092 3046 damnavisset
1108 2990 1209 3045 illaad

71 3070 256 3127 infernum:
275 3079 306 3124 et
315 3070 385 3140 quia
394 3070 456 3124 dux
464 3070 611 3125 exercitus
620 3068 686 3132 fuit,
694 3079 725 3124 et
735 3085 802 3122 cum
812 3069 940 3124 strenuis
949 3069 998 3131 ibi,
1009 3086 1048 3125 ne
1058 3070 1087 3124 id
1099 3084 1210 3141 oppro-

69 3149 185 3206 brium
197 3150 238 3205 illi
251 3149 365 3213 fuisset,
375 3150 545 3204 adulterum
555 3149 603 3204 vel
613 3147 819 3210 interemisset,
830 3149 877 3203 vel
889 3148 1074 3203 meretricem
1087 3164 1104 3204 e
1117 3149 1210 3203 domo

69 3245 142 3288 sua
155 3230 303 3301 ejecisset.

151 3357 251 3442 482·
276 3357 350 3443 (iii.)
378 3357 475 3438 Quod
488 3358 689 3423 adulterium
706 3359 910 3442 duplt'catum
932 3359 979 3424 sit
1000 3360 1121 3425 mariti
1138 3382 1211 3425 cum

73 3454 231 3521 alterziss
253 3474 366 3530 uxore,
386 3474 445 3517 seu
466 3453 747 3517 vicissim-Hoc
771 3454 974 3518 adulterium
998 3455 1209 3537 duplicatum

72 3558 242 3623 vocatur,
263 3550 341 3630 quia
370 3569 392 3612 a
420 3549 553 3612 duobus
586 3547 633 3623 fit,
657 3568 697 3612 ac
728 3550 883 3629 utrinque
912 3548 1062 3612 violatur
1090 3549 1210 3613 foedus

76 3643 248 3725 conjugii,
273 3665 376 3725 quare
406 3643 510 3707 etiam
541 3643 646 3725 duplo
672 3644 807 3725 gravius
831 3644 933 3724 priori
963 3656 1026 3708 est.
1071 3642 1209 3709 Dictum

76 3749 143 3804 est
167 3758 268 3818 supra
293 3737 340 3819 (n.
362 3737 454 3819 480),
474 3738 564 3818 quod
588 3758 683 3801 amor
706 3737 905 3818 coniugialis
928 3739 1025 3800 unius
1047 3739 1109 3801 viri
1132 3758 1209 3803 cum

78 3853 156 3898 una
177 3853 286 3896 uxore
310 3842 390 3914 post
412 3829 550 3915 pactum
574 3842 609 3896 et
634 3833 753 3896 ioedus
775 3833 869 3895 uniat
892 3833 1034 3908 animas,
1058 3842 1094 3897 et
1116 3834 1210 3916 quod

78 3929 169 3993 unio
192 3927 252 3990 illa
274 3928 319 3991 sit
348 3928 419 4010 ipse
442 3926 500 3991 ille
522 3947 620 3991 amor
648 3928 682 3989 in
704 3946 766 3989 sua
788 3927 929 4007 origine,
949 3936 986 3991 et
1008 3929 1100 4010 quod
1123 3928 1209 3992 haec

80 4044 149 4107 per
166 4023 384 4100 adulterium,
405 4023 493 4087 sicut
511 4022 685 4103 scaturigo
708 4031 744 4084 et
766 4041 856 4084 vena
872 4021 987 4097 sontis,
1007 4022 1211 4087 occludatur

81 4129 123 4184 et
153 4119 354 4198 obturetur;
387 4119 479 4202 quod
508 4118 650 4181 duorum
680 4115 814 4180 animae
843 4137 881 4180 se
910 4118 1040 4191 uniant,
1071 4117 1211 4202 quando

83 4233 184 4278 amor
199 4212 244 4277 ad
263 4232 386 4277 sexum
402 4212 618 4293 restringitur
632 4210 675 4275 ad
692 4230 794 4274 unam
810 4231 869 4275 seu
888 4210 931 4274 ad
950 4231 1053 4276 unum
1071 4233 1090 4276 e
1108 4233 1208 4288 sexu,

85 4310 179 4392 quod
199 4307 239 4372 fit
258 4308 340 4371 dum
358 4309 456 4388 virgo
475 4328 511 4371 se
531 4316 641 4370 totam
660 4303 762 4388 pacta
780 4315 835 4370 est
850 4305 976 4389 juveni,
996 4326 1035 4370 ac
1058 4308 1208 4370 vicissim

83 4400 216 4484 iuvenis
232 4424 270 4468 se
287 4412 400 4468 totum
416 4400 534 4485 pactus
550 4411 604 4467 est
619 4403 751 4485 virgini,
765 4411 863 4485 patet
879 4402 968 4465 clare
985 4421 1030 4464 ex
1047 4421 1099 4479 eo,
1116 4402 1208 4485 quod
