2782 5026
140 442 200 507 ¹74
480 442 664 496 ostreum
687 444 915 499 sarmurrnn
1011 450 1015 459 ·

136 619 216 674 sunt
234 632 280 675 ex
299 619 408 695 patre,
425 621 461 677 et
480 633 567 696 quae
585 616 712 678 amoris
730 625 811 680 sunt
829 638 874 681 ex
893 625 1015 694 matre,
1033 611 1120 704 quas
1137 615 1237 687 aman

136 725 182 770 ex
205 706 370 787 spirituali
394 717 535 790 storge;
562 709 620 791 qui
641 729 738 773 amor
759 730 797 773 se
819 711 917 775 addit
940 715 1049 778 amori
1072 716 1318 799 conjugiali:
1345 760 1348 765 -

135 798 283 875 illorum,
303 810 340 864 et
358 803 522 865 continue
541 802 657 867 elevat
676 802 783 880 illum,
803 814 839 868 et
857 805 1036 889 conjungit
1054 808 1144 873 illos.

198 908 289 959 ω.
320 895 534 960 Contrarium
547 895 586 961 fit
602 895 692 980 apud
705 898 795 973 illos,
806 900 863 981 qui
879 919 947 962 non
963 903 997 964 in
1013 902 1130 985 aliquo
1142 924 1391 970 amora-

136 988 318 1071 conjugiali
341 1013 386 1053 ex
411 1012 480 1054 non
504 992 619 1074 aliquo
640 1012 759 1057 amore
781 996 972 1076 sapientiae
995 1007 1097 1074 sunt;
1129 999 1165 1063 hi
1190 1021 1235 1064 no

136 1084 256 1148 ineunt
287 1085 447 1167 conjugia
477 1088 540 1149 nisi
570 1088 674 1151 etiam
702 1087 769 1151 fine
792 1089 1002 1161 lasciviendi.
1026 1101 1063 1155 et
1092 1092 1172 1158 huic
1202 1095 1258 1159 fini

137 1179 241 1241 etiam
260 1180 350 1243 inest
369 1201 466 1244 amor
484 1183 696 1260 insaniendi;
721 1183 832 1246 omnis
847 1185 938 1246 enim
955 1182 1030 1248 finis
1049 1186 1081 1248 in
1102 1208 1140 1250 se
1160 1208 1258 1270 spec-

136 1282 231 1336 tatus
254 1286 307 1337 est
331 1294 437 1349 amor,
458 1295 497 1339 ac
528 1275 670 1339 lascivia
698 1278 731 1340 in
761 1278 892 1360 origine
922 1297 983 1341 sua
1012 1282 1180 1361 spirituali
1205 1294 1258 1347 est

135 1368 286 1446 insania;
312 1389 371 1451 per
383 1371 552 1433 insaniam
565 1370 772 1452 intelligitur
783 1372 943 1435 deliratio
954 1374 1081 1436 mentis
1092 1396 1140 1438 ex
1152 1376 1255 1452 falsis,

136 1484 177 1529 ac
189 1462 348 1528 deliratio
360 1467 515 1528 eminens
525 1474 579 1528 est
588 1465 748 1528 deliratio
761 1468 886 1529 mentis
898 1487 944 1530 ex
955 1467 1146 1533 falsificatis
1157 1474 1257 1545 veris,

137 1580 241 1641 usque
257 1559 338 1621 dum
355 1559 439 1622 haec
453 1560 640 1622 creduntur
652 1561 844 1642 sapientia:
868 1562 958 1642 quod
974 1560 1010 1624 hi
1026 1574 1149 1627 contra
1161 1586 1258 1629 amo·

136 1673 208 1717 rem
232 1654 460 1734 conjugialem
483 1655 563 1728 sint,
592 1655 775 1718 manifesta
800 1655 1016 1719 confirmatio
1043 1678 1103 1721 seu
1134 1657 1259 1724 evid‘tio

136 1749 239 1812 datur
273 1751 305 1812 in
339 1749 466 1811 mundo
489 1749 675 1831 spirituali;
708 1750 753 1813 ibi
776 1750 825 1813 illi
853 1749 897 1812 ad
926 1753 1071 1832 primum
1095 1753 1257 1818 ollaCtum

137 1845 262 1908 amoris
290 1843 491 1924 conjugialis
520 1843 698 1925 aufugiunt
731 1845 765 1907 in
795 1864 970 1920 cavernas,
1001 1856 1038 1910 et
1068 1848 1258 1914 occludunt

136 1939 276 2021 januas;
307 1949 343 2002 et
367 1940 395 2000 si
417 1938 484 2002 hae
506 1940 714 2021 aperiuntur,
733 1940 908 2003 insaniunt
930 1941 1019 2004 sicut
1042 1955 1201 2007 amentes
1223 1945 1258 2007 in

137 2036 275 2099 mundo.

200 2144 293 2211 213·
319 2127 393 2211 (iii.)
420 2126 519 2206 Quod
529 2127 625 2208 apud
634 2127 720 2203 illos,
734 2128 796 2210 qui
809 2127 844 2191 in
859 2149 973 2192 amore
988 2150 1067 2192 vm
1076 2132 1259 2215 comagialr'

137 2235 225 2298 sunt,
245 2234 370 2286 crescat
383 2223 555 2304 faustitas
573 2222 828 2287 cohabitationis
836 2245 852 2297 ,·
878 2223 940 2286 sed
958 2224 1048 2305 quod
1063 2224 1145 2289 haec
1165 2228 1259 2308 apud

136 2318 223 2394 allos,
248 2318 308 2401 qui
333 2338 397 2380 non
428 2318 463 2379 in
489 2338 601 2381 amore
621 2317 802 2401 conjugr'alr'
820 2327 909 2393 sunt,
932 2317 1255 2402 decrescat—Quod

137 2414 295 2477 faustitas
319 2412 589 2475 cohabitationis
612 2422 746 2475 crescat
769 2411 858 2493 apud
885 2409 974 2486 illos,
997 2414 1054 2494 qui
1080 2414 1113 2476 in
1141 2435 1258 2480 amore

137 2529 217 2572 vere
237 2507 418 2588 conjugiali
435 2516 526 2580 sunt,
543 2516 598 2570 est
615 2507 692 2588 quia
711 2527 747 2569 se
766 2515 884 2569 mutuo
898 2519 1016 2570 amant
1032 2510 1126 2572 omni
1143 2530 1257 2586 sensu,

139 2624 227 2667 uxor
253 2622 320 2666 non
345 2602 439 2664 videt
464 2601 643 2663 amabilius
666 2619 768 2682 quam
791 2601 912 2675 virum,
935 2620 975 2664 ac
1005 2602 1054 2664 vir
1082 2603 1259 2682 vicissim;

138 2701 243 2762 immo
267 2717 328 2759 nec
353 2697 506 2769 audiunt,
526 2695 702 2769 olfaciunt,
722 2705 758 2759 et
781 2702 929 2776 tangunt
951 2695 1150 2774 amabilius;
1177 2698 1259 2762 inde

139 2793 205 2856 illis
232 2792 387 2855 laustitas
410 2789 678 2853 cohabitationis
708 2790 741 2852 in
770 2789 885 2863 domo,
909 2788 1076 2863 cubiculo,
1100 2801 1137 2854 et
1169 2802 1258 2856 toro.

140 2886 241 2968 Quod
258 2887 308 2948 ita
324 2886 379 2957 sit,
399 2886 546 2966 potestis
562 2905 625 2946 vos
641 2886 753 2947 mariti
769 2904 830 2947 vos
847 2881 1057 2958 confirmare,
1075 2905 1120 2947 ex
1141 2886 1258 2968 primis

138 2982 270 3045 deliciis
293 2981 451 3061 conjugii,
472 3001 558 3061 quae
581 2982 614 3042 in
639 2980 742 3062 pleno
764 2999 827 3042 suo
849 2989 939 3053 sunt,
963 2979 1041 3060 quia
1062 2989 1145 3043 tunc
1170 3003 1260 3046 uxor

139 3076 213 3140 sola
230 3097 276 3139 ex
296 3076 388 3137 omni
405 3095 492 3136 sexu
507 3084 652 3138 amatur.
698 3073 799 3154 Quod
816 3074 1024 3136 contrarium
1043 3075 1088 3136 sit
1107 3074 1187 3150 illis,
1200 3077 1260 3159 qui

139 3191 207 3235 non
227 3173 260 3234 in
280 3171 394 3252 aliquo
414 3190 530 3233 amore
550 3168 733 3249 conjugiali
752 3177 844 3242 sunt,
863 3177 985 3231 notum
1003 3178 1068 3232 est.

202 3282 296 3349 214.
322 3264 395 3346 (iv.)
423 3264 519 3341 Quod
536 3265 631 3344 apud
649 3262 735 3338 illos,
760 3263 821 3344 qui
848 3263 884 3325 iu
916 3283 1027 3325 amore
1046 3282 1125 3326 vere
1146 3266 1259 3348 conjit-

99 3370 100 3374 ’
134 3360 227 3442 giuli
241 3370 328 3431 sunt,
349 3370 474 3421 crescat
488 3358 666 3441 coujunlitb
682 3358 848 3431 mentium,
863 3366 897 3419 et
912 3377 984 3419 cum
1004 3355 1067 3419 hac
1081 3357 1261 3434 amicitias

139 3455 202 3519 sed
213 3455 304 3536 quod
316 3454 395 3516 staec
411 3475 482 3515 cum
498 3453 559 3516 illa
576 3452 674 3532 apud
688 3451 775 3527 illos,
795 3451 855 3532 qui
874 3471 937 3513 non
959 3450 994 3512 in
1016 3471 1128 3513 amore
1143 3456 1260 3537 conjit-

135 3550 227 3632 ga'ali
239 3559 326 3621 sunt,
338 3545 660 3627 decrescat—Quod
677 3542 870 3626 conjundtio
890 3546 1054 3609 mentium
1071 3546 1163 3626 apud
1179 3547 1262 3611 illos

139 3646 195 3726 qui
212 3646 246 3706 in
262 3663 377 3705 amore
394 3663 474 3704 vere
490 3641 671 3722 conjugiali
690 3651 781 3714 sunt,
796 3649 939 3711 crescat,
956 3639 988 3701 in
1009 3639 1122 3720 capite
1138 3640 1173 3703 in
1190 3663 1261 3724 quo

138 3736 251 3802 adium
265 3749 318 3801 est
332 3737 374 3799 de
389 3734 635 3816 Coniunctione
648 3735 851 3798 Animarum
864 3743 899 3796 et
911 3733 1078 3796 Mentium
1091 3753 1151 3814 per
1164 3734 1260 3799 Con·

136 3834 278 3915 jugium,
309 3854 396 3914 quae
429 3831 634 3912 intelligitur
663 3851 723 3912 per
751 3829 890 3892 Domini
918 3828 1032 3901 verba,
1063 3829 1153 3910 quod
1189 3850 1261 3895 non

139 3929 284 4010 amplius
304 3930 372 3989 sint
395 3927 463 3989 duo
486 3927 546 3989 sed
570 3946 637 3988 una
655 3946 746 3999 caro,
767 3925 1041 3987 demonstratum
1065 3933 1119 3986 est
1144 3922 1260 4006 (vide-

139 4035 217 4087 atur
247 4043 278 4086 n.
309 4019 504 4102 156-¹¹¹181).
552 4019 653 4102 Quod
677 4029 793 4083 autem
817 4016 1008 4100 conjundiio
1031 4017 1089 4081 illa
1111 4030 1265 4095 crescat,

138 4118 226 4181 sicut
239 4117 389 4179 amicitia
402 4137 438 4177 se
449 4114 623 4196 conjungit
634 4114 752 4187 amori,
761 4122 815 4176 est
828 4133 940 4187 causa,
949 4113 1025 4194 quia
1038 4113 1192 4177 amicitia
1204 4126 1260 4180 est

139 4213 226 4275 sicut
239 4212 341 4274 iacies
354 4212 443 4273 illius
456 4211 591 4283 amoris,
604 4220 638 4271 et
652 4228 786 4291 quoque
799 4217 851 4271 est
865 4209 952 4271 sicut
965 4207 1071 4270 vestis
1083 4207 1165 4288 ejus,
1178 4228 1261 4274 nam

140 4325 208 4368 non
228 4307 331 4368 modo
353 4327 390 4367 se
413 4304 569 4384 adjungit
589 4305 695 4367 amori
715 4305 802 4366 sicut
821 4303 939 4377 vestis,
959 4302 1018 4365 sed
1042 4303 1149 4365 etiam
1173 4323 1260 4367 con·

140 4399 249 4481 jungit
272 4421 309 4463 se
332 4400 380 4463 illi
399 4401 487 4463 sicut
506 4399 629 4476 facies;
653 4417 750 4462 amor
768 4397 979 4474 praecedens
997 4397 1188 4489 amicitiam
1204 4410 1259 4467 est
