2782 5026
127 436 191 503 3⁰0
471 428 657 480 uteretur
678 427 913 479 summa

123 600 883 670 ammaimnnpineiinmto:
899 603 1255 673 qmmrnquejnre·

125 682 631 752 nboemnpienditantnrn
649 681 855 734 &amabilis
874 692 908 734 et
929 682 1202 754 pnlther’rirginiz
1226 696 1256 737 et

124 760 1257 837 qnantnnrngnmmnpimoejnmsmtnmutaenambuis

124 842 437 915 etpnlritrajnreni;
460 840 1257 910 quaresicutamorobriatetoemlaturamorem

124 918 708 991 alteriuahqnoqnepuidtritndines:
725 918 1259 991 mndunninqoeqnonmroe.

126 1014 190 1058 met
201 1000 456 1073 pulchritudinem
469 1000 501 1051 in
514 998 609 1050 inar
619 998 694 1050 sni*

178 1082 269 1154 383.
293 1079 369 1134 Post
382 1078 464 1133 hune
478 1078 607 1132 srrrrexit
622 1078 700 1130 alter
716 1093 772 1145 per
784 1078 962 1132 onrnitaoem
974 1079 1132 1133 sermonis
1146 1080 1260 1135 revela-

126 1174 214 1217 turus
231 1161 378 1231 originem
394 1157 635 1228 pnlrhritndinis.
673 1154 734 1209 llic
750 1156 838 1215 dixit,
850 1157 990 1211 ·Audin·
1008 1159 1096 1228 quod
1114 1175 1206 1214 amor
1221 1161 1261 1214 sit

125 1238 471 1312 origopnlelrritudinis:
485 1237 539 1290 sed
551 1251 701 1288 consensu
714 1251 776 1288 non
786 1235 885 1290 lam
913 1234 992 1307 Quis
1002 1237 1167 1291 bominum
1175 1241 1261 1293 norit

126 1320 200 1392 quid
213 1318 319 1374 arnor?
354 1316 431 1389 Quis
442 1316 543 1385 aliqua
557 1315 626 1368 idea
636 1316 832 1385 cogitationis
843 1317 1072 1386 contemplatus
1086 1330 1137 1371 ert
1154 1318 1261 1373 illurn?
1285 1348 1293 1375 ι

126 1395 505 1473 Quinotuloriditillnm?
541 1392 598 1448 Dic
610 1394 728 1447 ubiert.
760 1392 1262 1469 Sedegoasseroquodsapientia

126 1480 168 1535 sit
178 1480 265 1549 origo
276 1475 524 1548 pulchritudinis:
538 1475 570 1527 in
582 1473 704 1527 ieminis
714 1474 865 1543 rapientia
873 1475 981 1529 intime
992 1476 1095 1530 latens
1107 1490 1142 1532 et
1155 1495 1262 1534 recon-

127 1560 208 1620 dita;
223 1559 254 1612 in
266 1555 608 1626 virissapientiapatens
619 1566 652 1607 et
663 1564 795 1607 exstans
832 1551 1261 1613 l'ndeltomoestlromonisi

126 1655 166 1694 ex
173 1635 344 1708 rapientia?
358 1635 416 1689 nisi
425 1635 506 1695 inde,
514 1634 608 1687 homo
615 1632 694 1687 loret
701 1633 857 1702 sculptura
862 1644 917 1687 aut
924 1632 1051 1703 piciura.
1081 1634 1169 1706 Quid
1175 1639 1262 1710 virgo

126 1720 259 1774 attendit
276 1717 357 1787 apud
374 1717 525 1786 juvenem.
539 1729 630 1782 quam
646 1713 744 1783 qualis
754 1712 876 1782 sapiens
894 1711 963 1766 est?
986 1725 1018 1768 et
1039 1717 1117 1784 quid
1138 1719 1262 1786 juvenis

126 1799 260 1853 attendit
270 1797 352 1866 apud
364 1795 520 1865 virginem,
529 1794 585 1846 nisi
598 1794 697 1863 qualis
707 1804 755 1846 est
766 1790 890 1846 alietlio
898 1793 1068 1863 sapientiae
1076 1795 1175 1850 suae?
1205 1798 1262 1853 Per

127 1878 307 1949 sapientiam
320 1876 457 1945 intelligo
467 1874 630 1944 genuinam
644 1872 857 1931 moralitatem.
870 1873 942 1942 quia
954 1872 1030 1927 haec
1045 1886 1094 1927 est
1109 1877 1262 1946 sapientia

127 1954 218 2012 vitae.
250 1955 325 2010 lnde
336 1966 392 2013 est,
401 1954 483 2025 quod
495 1969 564 2006 cum
576 1952 726 2021 sapientia
737 1952 837 2005 latens
847 1953 914 2005 adit
925 1962 958 2006 et
969 1952 1170 2023 ampleftitur
1181 1959 1262 2028 sapi·

128 2037 242 2093 entiam
260 2046 424 2106 patentem,
438 2032 519 2104 quod
538 2031 574 2085 lit
593 2031 720 2084 interius
738 2031 769 2083 in
788 2031 945 2102 utriusque
963 2033 1082 2102 spiritu.
1097 2050 1133 2088 se
1151 2048 1262 2092 mutuo

128 2116 302 2171 osculentur
313 2126 345 2169 et
356 2114 552 2183 conjungant,
563 2122 595 2165 et
608 2111 638 2164 id
651 2122 779 2164 vocatur
789 2126 890 2170 arnor:
907 2122 939 2165 et
951 2122 1027 2165 tunc
1039 2126 1192 2183 apparent
1203 2116 1261 2170 sibi

129 2198 270 2266 utrinque
280 2206 314 2248 ut
323 2192 571 2263 pulchritudines.
607 2190 1082 2259 Verumsapientiaertsieutlux
1091 2195 1262 2265 seusplen·

128 2278 187 2332 dor
199 2276 287 2346 ignis
298 2274 350 2345 qui
368 2272 491 2343 refingit
508 2271 622 2330 ocutos
637 2281 668 2324 et
686 2271 765 2325 sicut
782 2271 914 2341 stringit,
929 2269 1042 2325 fumat
1056 2273 1262 2342 puchritudj.

129 2356 228 2412 m...

182 2435 272 2508 384.
297 2432 373 2487 Post
392 2431 474 2485 hunc
491 2429 620 2483 surrexit
641 2428 758 2489 tertius,
771 2440 802 2483 et
822 2428 961 2483 elocutus
981 2429 1075 2484 haee:
1093 2430 1192 2487 “Non
1213 2444 1262 2489 est

129 2514 213 2572 solus
225 2529 316 2574 amor,
327 2528 384 2567 nec
395 2522 442 2566 est
450 2510 515 2564 sola
524 2509 679 2579 sapientia,
689 2509 777 2579 origo
789 2508 1038 2578 pulchritudinis;
1056 2512 1111 2564 sed
1125 2523 1174 2566 eet
1187 2514 1261 2568 unio

129 2595 240 2651 amoris
255 2605 287 2648 et
301 2591 474 2663 sapientiae,
487 2590 561 2643 unio
574 2589 686 2642 amoris
700 2604 769 2642 cum
785 2589 935 2657 sapientia
949 2589 979 2641 in
995 2590 1117 2659 juvene,
1129 2607 1167 2645 ac
1186 2592 1261 2648 unio

129 2675 294 2746 sapientiae
307 2689 375 2727 cum
389 2687 445 2725 suo
457 2685 558 2724 amore
574 2669 604 2722 in
620 2669 753 2738 tirgine;
771 2668 857 2738 virgo
869 2669 951 2721 enim
965 2684 1026 2721 non
1042 2680 1126 2724 amat
1139 2672 1261 2742 sapien·

130 2755 205 2811 tiam
221 2754 250 2808 in
266 2769 299 2807 se
314 2752 366 2806 sed
381 2752 411 2804 in
423 2751 543 2820 jurene.
552 2759 584 2802 et
599 2748 670 2801 inde
682 2747 767 2801 ridet
779 2747 864 2800 illum
881 2758 915 2801 ut
930 2747 1210 2817 pulchritudinem:
1229 2764 1261 2807 et

130 2852 200 2893 cum
208 2832 328 2906 juvenis
338 2832 396 2885 hoc
404 2829 526 2884 videtin
535 2828 660 2899 virgine.
670 2839 744 2880 tunc
753 2827 838 2881 tidet
846 2827 926 2881 illam
937 2837 972 2880 ut
984 2827 1260 2897 pulchritudinem

130 2930 222 2988 quare
235 2929 321 2968 amor
332 2927 387 2981 per
398 2908 576 2980 sapientiam
590 2907 700 2962 format
711 2906 801 2965 illam,
810 2921 848 2960 ac
857 2907 1006 2976 sapientia
1018 2923 1056 2961 ex
1067 2924 1173 2964 amore
1184 2911 1261 2965 reci·

132 2996 176 3068 pit
187 2995 278 3050 illam.
314 2990 404 3064 Quod
419 2991 461 3044 ita
472 2990 520 3048 sit,
531 2987 689 3041 manifeste
698 2998 821 3056 apparet
836 2988 864 3039 in
879 2986 979 3040 caelo:
997 2987 1059 3040 ridi
1074 2987 1115 3040 ibi
1125 2989 1261 3060 virginer

131 3086 163 3132 et
176 3090 291 3135 uxores,
304 3083 336 3127 et
348 3070 464 3124 attendi
477 3069 516 3123 ad
529 3067 778 3138 pulchritudines
792 3076 824 3119 et
836 3065 899 3119 vidi
913 3081 1036 3136 prorsus
1049 3067 1140 3120 aliam
1154 3068 1186 3122 in
1199 3071 1261 3124 vir·

130 3155 259 3230 ginibus,
272 3165 303 3207 et
317 3151 406 3206 aliam
423 3151 452 3203 in
472 3148 633 3207 uxoribus;
653 3148 682 3199 in
698 3146 865 3216 virginibus
878 3145 975 3199 solum
990 3147 1121 3199 nitorem
1135 3148 1214 3217 ejus,
1228 3149 1259 3204 in

131 3235 275 3293 uxoribus
290 3243 391 3286 autem
407 3228 598 3301 splendorem
613 3227 695 3295 ejus:
713 3226 875 3279 discrimen
891 3224 954 3278 vidi
969 3225 1047 3279 sicut
1062 3227 1259 3283 adamantem

131 3332 169 3373 ex
190 3315 257 3371 luce
277 3313 446 3372 micantem,
468 3318 500 3364 et
521 3308 599 3362 sicut
621 3306 760 3360 rubinum
780 3304 870 3359 simul
892 3320 929 3358 ex
952 3304 1021 3374 igne
1042 3304 1260 3375 fulgurantem.

132 3395 213 3470 Quid
233 3391 425 3465 pulchritudo
444 3388 501 3443 nisi
520 3387 660 3441 delicium
680 3384 784 3439 visus?
822 3383 911 3438 Unde
930 3385 1017 3454 origo
1035 3385 1128 3454 hujus
1147 3387 1260 3451 delicii,

132 3477 189 3532 nisi
202 3493 239 3531 ex
251 3475 324 3529 ludo
337 3471 447 3526 amoris
460 3481 491 3523 et
502 3464 690 3538 sapientiae?
727 3465 771 3519 Ex
785 3465 843 3518 hoc
856 3463 928 3517 ludo
938 3463 1042 3517 rutilat
1051 3464 1142 3526 visus,
1154 3477 1185 3520 et
1200 3467 1261 3522 hoc

131 3556 254 3612 rutilum
277 3568 314 3609 ex
338 3552 428 3606 oculo
453 3549 482 3603 in
504 3548 625 3602 oculum
651 3561 684 3599 se
708 3545 813 3605 vibrat,
834 3553 866 3597 et
888 3543 968 3597 sistit
990 3543 1260 3613 pulchritudinem.

132 3634 212 3711 Quid
224 3634 295 3690 iacit
305 3629 559 3704 pulchritudinem
570 3625 664 3687 faciei,
676 3625 732 3679 nisi
744 3625 834 3678 rubor
842 3633 874 3677 et
883 3623 1005 3682 candor,
1013 3632 1045 3676 et
1055 3623 1165 3677 horum
1175 3641 1260 3680 ama·

131 3716 201 3773 bilis
214 3715 344 3770 mixtura
356 3713 435 3766 inter
447 3708 501 3765 se?
539 3708 630 3762 Estne
644 3706 736 3759 rubor
746 3719 783 3758 ex
796 3718 907 3763 amore,
917 3712 949 3756 et
961 3702 1076 3756 candor
1087 3718 1126 3756 ex
1138 3705 1261 3773 sapien·

131 3796 198 3853 tia?
216 3811 302 3852 amor
313 3794 392 3849 enim
408 3791 494 3845 rubet
510 3805 547 3843 ex
561 3804 617 3841 suo
631 3786 708 3857 igne,
722 3793 752 3839 et
767 3782 915 3853 sapientia
926 3781 1037 3836 candet
1052 3798 1089 3836 ex
1105 3799 1161 3837 sua
1175 3784 1260 3840 luce:

132 3877 208 3933 haec
227 3876 288 3929 duo
311 3873 340 3928 in
360 3872 493 3927 faciebus
512 3869 640 3922 duorum
659 3865 825 3936 conjugum
852 3862 882 3916 in
901 3862 986 3917 caelo
1004 3860 1165 3917 manifeste
1183 3863 1259 3926 vidi,

132 3958 272 4013 ruborem
286 3952 425 4010 candoris
438 3950 468 4004 in
482 3964 584 4009 uxore,
598 3956 628 4000 et
641 3944 803 3999 candorem
817 3943 934 3996 ruboris
950 3942 979 3994 in
996 3940 1120 4003 marito;
1142 3952 1175 3996 et
1192 3943 1261 3997 ani·

133 4035 288 4096 madverti
302 4032 383 4105 quod
396 4048 433 4087 ex
447 4041 552 4085 mutuo
566 4026 676 4081 intuitu
690 4020 961 4093 exsplenduerint.”

186 4116 262 4174 Cum
274 4114 382 4171 tertius
394 4112 469 4166 haec
480 4110 599 4164 locutus
614 4116 668 4165 est.
681 4103 833 4174 adplausit
845 4111 958 4163 coetus,
973 4108 1004 4154 et
1019 4097 1189 4163 clamavit,“
1199 4099 1260 4158 iiic

132 4196 232 4252 vicit.''
265 4196 301 4250 Et
314 4194 415 4249 subito
424 4193 474 4245 lux
484 4189 630 4248 flammea,
641 4183 819 4256 quae¹etiam
830 4190 877 4236 est
886 4182 938 4234 lux
947 4179 1058 4234 amoris
1067 4180 1259 4252 conjugialis,

133 4275 270 4351 implevit
283 4274 406 4331 domum
420 4270 588 4344 splendore,
602 4278 633 4323 et
645 4265 734 4322 simul
747 4263 839 4319 corda
851 4262 970 4317 illorum
982 4260 1178 4319 amoenitate.
