2782 5026
374 128 427 180 DE
448 126 584 180 AMORE
606 126 924 194 conmenta-N.
945 130 1014 198 143.
1194 132 1255 199 119

122 299 227 363 uariis
244 297 437 365 'coloribus
481 295 584 382 Quod
607 297 754 381 sphaera
776 297 937 365 lasciviae
959 298 1113 364 exundet
1133 320 1179 365 ex
1200 301 1253 365 in·

124 395 243 468 castis,
256 403 361 476 patet
380 414 426 457 ex
443 394 583 457 statutis
599 394 689 476 apud
705 392 793 458 filios
810 393 957 469 Israelis,
971 394 1062 477 quod
1078 395 1254 461 immunda

124 500 246 553 essent
274 489 395 552 omnia
417 498 454 553 et
480 489 627 570 singula,
651 509 737 571 quae
767 489 935 572 inquinati
957 510 977 553 a
1000 488 1126 560 talibus
1149 510 1253 554 manu

126 584 234 647 modo
252 593 451 665 tangerent.
497 583 554 647 Ex
573 583 626 647 his
644 583 804 648 concludi
822 594 951 666 potest,
971 584 1062 667 quod
1081 584 1191 649 simile
1206 587 1252 650 sit

126 697 205 742 curn
224 680 344 753 castis,
364 679 539 754 videlicet,
559 678 650 760 quod
672 680 763 762 apud
787 679 850 742 hos
874 689 971 743 casta
990 680 1059 743 sint
1078 681 1192 743 omnia
1214 690 1252 744 et

125 773 266 855 singula
277 774 323 836 ab
332 774 461 836 intimis
473 773 518 836 ad
530 774 652 837 ultima
665 794 672 851 ;
690 783 725 836 et
736 772 828 856 quod
840 774 984 838 castitas
997 775 1121 836 amoris
1134 773 1251 854 conju-

127 868 304 949 gialishoc
315 869 432 932 saciat:
450 869 528 932 inde
539 879 605 942 est,
615 869 705 952 quod
716 869 750 932 in
761 869 889 932 mundo
898 869 1040 943 dicatur,
1050 870 1140 951 quod
1153 887 1250 932 mun·

127 963 179 1026 dis
194 965 313 1027 omnia
329 965 457 1027 munda
473 965 553 1038 sint,
571 973 607 1026 et
623 963 715 1046 quod
730 963 915 1027 immundis
930 965 1046 1027 omnia
1061 965 1248 1027 immunda.

191 1072 286 1140 141.
317 1057 381 1140 (ii.)
407 1055 506 1133 Quod
526 1067 655 1120 castum
669 1057 771 1120 modo
789 1058 1005 1138 praedicetur
1025 1058 1065 1121 de
1087 1057 1251 1141 corp‘ugiis

128 1152 377 1233 monogamicis,
397 1172 455 1215 seu
470 1153 568 1215 unius
583 1153 657 1215 viri
668 1173 740 1216 cum
755 1173 822 1216 una
837 1150 1096 1233 uxore-Quod
1115 1164 1249 1218 castum

128 1248 347 1330 praedicetur
369 1249 413 1311 de
436 1247 503 1310 illis
527 1247 621 1322 solis,
640 1258 695 1311 est
714 1248 792 1330 quia
815 1267 912 1311 amor
935 1247 1137 1330 conjugialis
1159 1250 1249 1332 apud

128 1343 205 1408 illos
225 1362 296 1406 non
315 1343 444 1406 residet
464 1343 498 1405 in
518 1341 665 1406 naturali
683 1342 833 1415 homine,
853 1344 914 1408 sed
934 1343 1040 1408 intrat
1059 1344 1092 1406 in
1112 1347 1249 1428 spiritu·

128 1438 228 1514 alem,
249 1448 284 1503 et
308 1439 501 1503 successive
524 1439 633 1520 aperit
655 1437 718 1500 sibi
742 1439 832 1501 viam
851 1438 896 1501 ad
918 1438 1028 1520 ipsum
1053 1438 1248 1521 conjugium

129 1532 314 1616 spirituale,
335 1533 427 1615 quod
451 1542 506 1595 est
529 1531 611 1595 boni
634 1541 669 1594 et
693 1533 774 1606 veri,
795 1534 886 1613 quod
910 1542 963 1597 est
985 1535 1083 1616 origo
1106 1535 1187 1616 ejus,
1211 1546 1247 1603 et
1272 1543 1277 1554 '

128 1649 164 1692 se
185 1646 264 1692 cum
291 1626 352 1691 illo
378 1626 579 1707 conjungit;
607 1627 713 1690 intrat
738 1628 829 1690 enim
856 1627 914 1691 ille
941 1648 1038 1693 amor
1061 1632 1247 1695 secundum

128 1722 342 1785 incrementa
360 1723 561 1804 sapientiae,
580 1731 616 1785 et
634 1720 719 1785 haec
739 1724 926 1786 secundum
946 1724 1247 1806 implantationem

129 1815 296 1879 ecclesiae
318 1836 339 1878 a
363 1815 523 1890 Domino,
544 1825 582 1880 ut
605 1817 696 1897 prius
719 1816 838 1880 multis
860 1827 1038 1882 ostensum
1058 1829 1122 1883 est.
1168 1819 1246 1885 Hoc

131 1929 194 1973 non
225 1919 345 1992 potest
375 1909 445 1973 fieri
474 1910 565 1993 apud
594 1910 812 1992 polygamos,
836 1913 996 1995 quoniam
1026 1913 1061 1976 hi
1090 1915 1246 1980 dividunt

129 2022 279 2069 amorem
296 2003 536 2086 conjugialem,
550 2014 586 2068 et
603 2005 657 2069 hic
674 2024 769 2069 amor
786 2007 912 2070 divisus
929 2027 998 2072 non
1014 2008 1176 2074 absimilis
1192 2020 1246 2075 est

130 2101 233 2163 amori
255 2119 373 2172 sexus,
397 2099 453 2180 qui
480 2099 513 2162 in
536 2119 573 2162 se
596 2108 650 2163 est
674 2100 860 2178 naturalis;
892 2102 954 2165 sed
978 2104 1021 2166 de
1044 2103 1110 2167 hoc
1132 2104 1247 2188 aliqua

130 2194 232 2277 digna
248 2192 454 2258 videbuntur
471 2194 506 2256 in
525 2191 756 2257 transactione
775 2195 818 2259 de
838 2195 1047 2277 Polygamia.
1092 2218 1101 2234 ·

188 2303 284 2372 142.
316 2287 392 2370 (iii.)
418 2287 517 2366 Quod
526 2287 712 2372 conjugiule
726 2287 959 2353 Christianum
974 2292 1175 2357 solummodo
1189 2294 1245 2358 de·

132 2392 342 2458 carcanum,
366 2392 421 2446 est
444 2383 523 2466 quia
551 2402 648 2447 amor
673 2404 753 2447 vere
782 2384 984 2467 conjugialis
1012 2388 1113 2452 simili
1143 2410 1245 2472 passu

130 2477 221 2543 vadit
238 2478 330 2559 apud
349 2476 535 2551 hominem,
554 2478 588 2540 in
607 2497 676 2560 quo
699 2488 813 2542 status
835 2479 1003 2545 ecclesiae
1026 2482 1117 2564 apud
1136 2483 1243 2559 illum,

131 2581 163 2635 et
176 2573 256 2654 quia
274 2571 332 2635 ille
351 2580 406 2634 est
424 2591 444 2633 a
461 2571 610 2635 Domino
628 2571 732 2654 (utin
749 2572 981 2641 transactione
1000 2578 1244 2658 praecedente,

131 2684 160 2728 n.
180 2681 250 2746 130,
275 2681 344 2745 131,
364 2675 400 2729 et
423 2665 514 2740 alibi,
535 2675 714 2730 ostensum
733 2666 828 2749 est);
852 2677 925 2731 tum
945 2671 1023 2753 quia
1040 2672 1188 2737 ecclesia
1210 2674 1244 2738 in

132 2761 282 2842 genuinis
304 2761 373 2823 suis
395 2761 484 2824 veris
506 2770 560 2824 est
583 2761 618 2824 in
642 2761 772 2835 Verbo,
796 2771 832 2825 et
859 2761 1028 2828 Dominus
1051 2766 1096 2828 ibi
1120 2768 1153 2830 in
1176 2768 1244 2834 illis

132 2874 287 2938 praesens
306 2864 379 2918 est:
403 2874 449 2918 ex
471 2855 525 2918 his
542 2857 706 2939 sequitur,
725 2856 817 2939 quod
841 2877 910 2920 non
933 2859 1033 2922 detur
1051 2860 1243 2943 conjugiale

132 2961 269 3025 castum,
294 2969 395 3033 quam
419 2951 452 3013 in
476 2949 673 3016 Christiano
695 2952 788 3026 orbe,
811 2961 848 3015 et
870 2953 963 3034 quod
987 2954 1105 3017 sinon
1130 2956 1243 3030 datur,

131 3064 230 3129 usque
253 3038 298 3108 sit
321 3045 457 3109 dabile:
486 3065 546 3127 per
568 3045 762 3127 conjugiale
784 3045 1016 3111 Christianum
1040 3049 1245 3132 intelligitur

132 3140 321 3223 conjugium
340 3140 437 3202 unius
454 3139 515 3203 viri
534 3159 612 3203 cum
631 3159 698 3202 una
717 3160 836 3204 uxore.
880 3140 983 3223 Quod
1002 3142 1068 3205 hoc
1088 3144 1243 3226 conjugi·

131 3232 178 3298 ale
197 3235 307 3317 possit
326 3232 397 3296 fieri
417 3234 556 3297 insitum
575 3233 789 3311 Christianis,
810 3246 846 3300 et
868 3236 1076 3302 hereditario
1095 3240 1190 3320 sequi
1208 3240 1243 3303 in

131 3328 238 3408 proles
256 3348 277 3391 a
300 3327 500 3410 parentibus
517 3329 574 3410 qui
597 3329 631 3391 in
654 3348 771 3393 amore
789 3351 869 3394 vere
892 3332 1075 3415 conjugiali
1094 3343 1185 3408 sunt,
1206 3343 1242 3397 et

131 3423 214 3504 quod
233 3442 280 3486 ex
299 3421 360 3485 illo
377 3433 608 3487 connascatur
623 3433 658 3486 et
677 3424 822 3488 facultas
842 3434 877 3489 et
895 3427 1072 3491 inclinatio
1090 3428 1135 3492 ad
1151 3428 1242 3510 sapi·

132 3517 249 3580 endum
268 3516 328 3580 illa
347 3536 434 3599 quae
457 3517 625 3581 ecclesiae
644 3527 680 3582 et
700 3518 787 3583 caeli
811 3530 901 3594 sunt,
915 3522 949 3584 in
968 3543 1029 3585 suo
1048 3521 1127 3586 loco
1145 3524 1241 3587 vide·

131 3607 219 3675 bitur.
257 3609 360 3693 Quod
374 3610 568 3687 Christiani,
582 3614 610 3676 si
627 3612 742 3695 plures
755 3635 882 3679 uxores
899 3616 1040 3690 ducunt,
1055 3637 1123 3679 non
1137 3619 1241 3682 modo

132 3705 330 3771 adulterium
346 3707 511 3781 naturale,
525 3708 586 3771 sed
602 3709 708 3772 etiarn
724 3708 929 3774 adulterium
945 3711 1130 3792 spirituale,
1145 3730 1240 3775 corn·

132 3803 276 3876 mittant,
297 3801 331 3864 in
352 3799 584 3867 transaeuone
602 3802 645 3866 de
665 3802 866 3885 Polygamia
883 3807 1186 3870 demonstrabitur.

183 3908 282 3980 ¹43·
313 3893 389 3978 (iv.)
416 3892 514 3970 Quod
524 3918 618 3960 amor
632 3919 710 3960 vere
722 3899 921 3982 coryicgr'alis
935 3901 982 3963 sit
995 3901 1072 3980 ipsa
1086 3901 1237 3977 castitas,

131 3998 198 4053 runt
220 3990 288 4053 hae
307 4008 432 4053 causae
445 3991 560 4074 2-(1.)
585 3991 673 4073 Quia
695 3993 755 4056 illa
773 4005 827 4057 est
850 4015 870 4056 a
890 3994 1049 4068 Domino,
1069 4005 1105 4058 et
1124 4016 1237 4060 corre·

132 4085 270 4161 spondet
288 4083 449 4167 conjugio
465 4085 603 4150 Domini
621 4097 657 4152 et
674 4088 852 4152 ecclesiae.
899 4088 959 4173 (2.)
984 4087 1072 4170 Quia
1088 4111 1134 4155 ex
1154 4111 1236 4156 con·
