2782 5026
392 109 443 159 oa
466 107 601 159 suone
624 106 942 174 cornuorum—rr.
963 109 1034 176 3¹5·
1205 110 1267 175 ²47

189 279 261 338 Quod
272 279 649 326 amatumslsDeum¹extola
664 279 779 325 animaet
795 277 993 333 extotocord03'
1010 279 1112 338 etquod
1127 278 1270 326 Deuscreet

262 341 290 386 iu
305 340 406 386 homine
417 346 519 386 'novam
533 341 640 387 ammam
656 347 680 387 et
695 352 785 386 novum
802 339 855 387 cor'
874 341 973 398 (Deurr.
986 336 1044 386 [uvi.
1055 350 1082 398 5;
1098 353 1152 399 cap.
1164 354 1187 386 x.
1199 337 1268 401 lfflrm

261 414 318 459 eap.
331 400 363 448 xi.
375 398 446 460 blas:
465 413 518 460 cap.
534 401 598 447 xxvi.
611 400 653 447 16:
675 398 769 463 Jerm.
781 400 853 449 xxxii.
864 412 909 460 41:
928 400 1018 448 Marta
1030 399 1087 450 xxii.
1098 397 1168 459 1⁴137:
1186 400 1267 448 Marc.

263 461 305 508 xli.
316 473 355 520 30.
366 474 410 520 33:
428 460 488 509 Lac.
500 470 523 508 x.
535 460 591 522 27);

147 565 176 609 et
186 554 271 619 alibi;
290 571 327 610 ac
339 565 450 626 aperte.

356 656 432 714 Quod
443 655 542 715 sanguis
551 655 582 701 sit
592 654 674 701 anima
684 654 762 701 carnis
770 653 862 715 (levit,
875 655 930 702 xvii.
944 667 980 710 11,
991 650 1055 715 14).⁰'

199 747 256 804 His
275 748 387 804 auditis
405 749 497 821 aliqui
516 749 690 804 extulerunt
707 765 822 812 vocem,
836 749 980 813 dicentes,
996 746 1126 811 “Docte
1145 746 1267 810 dode?

143 839 229 883 eram
242 845 280 883 ex
291 829 456 886 canonicis.

196 906 273 962 Post
283 908 358 962 haec
366 918 491 978 quartus
500 907 591 978 hujus
598 908 732 963 vestibus
743 907 874 970 indutus,
882 917 913 962 et
924 906 1074 978 ingressus
1083 907 1267 968 cathedram.

141 987 235 1042 dixit:
253 995 270 1016 ⁶·
281 985 424 1058 Suspicor
435 988 527 1042 etiam
540 1003 606 1058 ego,
619 987 701 1058 quod
722 1002 782 1042 non
797 987 906 1057 aliquis
920 997 983 1041 tam
999 986 1101 1042 subtili
1115 997 1148 1041 et
1162 986 1268 1041 limato

142 1064 266 1137 ingenio
277 1067 327 1128 sit,
336 1076 371 1120 ut
383 1067 531 1137 dispicere
543 1067 639 1138 possit
649 1066 723 1138 quid
736 1066 843 1129 anima.
853 1076 885 1122 et
894 1067 991 1138 qualis
1004 1066 1067 1129 illa;
1085 1082 1178 1137 quare
1189 1067 1268 1121 arbi·

139 1156 211 1207 tior.
228 1146 311 1216 quod
326 1147 406 1217 apud
423 1146 515 1209 illum,
528 1147 580 1216 qui
595 1147 663 1201 vult
681 1145 782 1201 rimari
802 1146 891 1209 illam,
906 1145 1157 1216 subtilitassuper
1164 1144 1268 1201 vacuis

141 1235 271 1287 temtum
292 1225 346 1280 sed
365 1241 461 1297 usque
481 1241 501 1280 a
518 1225 646 1297 pueritia
667 1225 816 1295 permansi
839 1225 869 1280 in
890 1225 950 1280 fide
971 1227 1138 1280 sententiae
1157 1224 1187 1279 in
1206 1241 1268 1296 qua

140 1304 264 1359 luerunt
282 1304 408 1375 antiqui,
423 1305 505 1376 quod
524 1304 625 1360 anima
644 1304 776 1360 hominis
794 1304 834 1360 sit
853 1304 884 1359 in
906 1305 971 1375 ejus
983 1314 1064 1368 soto.
1079 1315 1111 1359 et
1131 1304 1267 1376 inhujus

138 1383 224 1438 omni
240 1394 333 1454 parte,
346 1394 378 1439 et
396 1384 440 1439 sic
455 1384 536 1455 quod
551 1394 614 1439 tam
634 1384 665 1438 in
683 1384 782 1455 capite
803 1395 835 1439 et
854 1384 884 1438 in
899 1383 1024 1455 singulis
1039 1385 1113 1454 ejus.
1129 1400 1218 1455 quam
1235 1382 1265 1438 in

137 1478 267 1533 corpore
285 1473 317 1518 et
336 1463 366 1517 in
381 1463 508 1534 singulis
523 1465 604 1534 ejus:
622 1475 654 1519 et
669 1464 750 1535 quod
765 1480 875 1519 vanum
894 1479 913 1518 a
931 1464 1090 1518 neotericis
1109 1463 1264 1518 inventum

140 1540 240 1604 luerit,
252 1542 411 1613 designare
424 1542 452 1598 ei
466 1544 569 1598 sedem
584 1543 702 1604 alicubi.
715 1554 746 1598 et
761 1559 821 1598 non
839 1543 951 1605 ubivis:
970 1553 1016 1597 est
1031 1558 1151 1613 quoque
1166 1542 1266 1598 anima

137 1622 309 1677 substantia
320 1622 492 1692 spiritualis,
501 1624 540 1678 de
550 1639 609 1693 qua
621 1639 682 1678 non
696 1623 885 1693 praedicatur
893 1623 1030 1678 extensio
1043 1637 1099 1677 nec
1111 1623 1202 1684 locus.
1212 1622 1265 1677 sed

142 1707 290 1763 habitatio
301 1718 333 1763 et
349 1709 493 1779 impletio.
530 1706 607 1781 Quis
622 1709 713 1764 etiam
729 1725 790 1763 non
808 1708 948 1780 intelligit
963 1709 1066 1769 vitam,
1079 1709 1151 1763 dum
1168 1708 1265 1764 nomi·

138 1797 192 1842 nat
203 1787 361 1843 animam?
397 1787 490 1842 Estne
505 1788 611 1843 vitain
625 1797 692 1844 toto
708 1788 782 1843 etin
796 1789 930 1860 qualibet
946 1797 1030 1860 parte
1038 1786 1069 1844 ?”

194 1866 253 1921 His
266 1865 354 1922 dictis
368 1866 507 1922 [avebant
521 1868 607 1922 multi
621 1868 650 1922 in
664 1868 823 1924 auditorio.

194 1944 270 2001 Post
285 1945 365 2000 hunc
379 1947 511 2001 surrexit
525 1947 659 2018 quintus.
673 1964 708 2001 ac
727 1948 833 2002 iisdem
854 1946 1021 2018 insignibus
1038 1956 1170 2008 ornatus.
1186 1961 1203 2001 e
1216 1962 1264 2001 ca·

135 2025 250 2080 thedra
263 2025 360 2080 edidit
376 2025 450 2081 hoc:
469 2035 485 2056 ‘⁴
494 2025 562 2080 Non
582 2043 684 2082 moror
698 2027 797 2082 dicere
816 2027 867 2081 ubi
886 2037 932 2082 est
950 2027 1058 2087 anima,
1074 2042 1145 2080 num
1165 2025 1195 2080 in
1210 2027 1263 2081 ali·
1315 2056 1319 2063 ·

136 2117 200 2174 qua
219 2114 314 2175 purte.
329 2106 378 2160 vel
398 2122 470 2161 num
493 2106 591 2161 ubivis
613 2106 643 2160 in
664 2116 748 2168 toto:
772 2107 826 2161 sed
845 2122 883 2161 ex
903 2122 971 2161 meo
991 2122 1097 2176 promo
1115 2116 1146 2160 et
1163 2106 1263 2161 condo

133 2184 272 2253 apenam
295 2196 427 2239 mentem
449 2187 488 2240 de
511 2186 578 2246 hoc,
593 2186 666 2257 quid
688 2186 788 2241 anima
809 2195 841 2241 et
858 2186 955 2257 qualis
977 2186 1035 2240 illa.
1072 2185 1184 2240 Anima
1201 2201 1263 2239 non

133 2263 291 2334 cogitatur
307 2265 470 2335 abaliquo,
486 2264 543 2320 nisi
564 2265 641 2320 sicut
661 2281 768 2336 purum
787 2265 868 2336 quid,
884 2265 965 2336 quod
984 2263 1141 2319 assimilari
1163 2274 1263 2335 potest

131 2341 253 2397 aetheri
271 2353 324 2398 aut
338 2343 398 2398 aeri
417 2355 470 2399 aut
484 2353 584 2406 vento,
601 2345 631 2399 in
650 2361 712 2415 quo
730 2345 821 2399 vitale
840 2354 887 2399 est
904 2360 942 2399 ex
960 2344 1171 2405 rationalitate,
1186 2360 1263 2414 quae

137 2420 256 2475 homini
269 2433 316 2476 est
329 2438 398 2492 prae
414 2424 526 2478 bestiis.
564 2423 745 2494 Opinionem
762 2423 840 2478 hanc
854 2423 978 2479 fundavi
996 2439 1086 2493 super
1100 2423 1167 2484 hoc,
1180 2424 1260 2494 quod

136 2499 231 2555 homo
241 2501 312 2572 dum
323 2502 461 2572 exspirat,
470 2503 587 2557 dicatur
596 2502 695 2558 efflare
704 2520 756 2558 seu
763 2504 902 2558 emittere
910 2503 1039 2557 animam
1048 2519 1100 2557 seu
1109 2503 1262 2573 spiritum:

138 2579 209 2634 inde
221 2579 313 2634 etiam
326 2582 426 2635 anima
440 2593 510 2652 post
526 2594 652 2637 mortem
668 2583 773 2637 vivens
788 2583 921 2637 creditur
935 2598 1000 2637 esse
1015 2583 1083 2638 talis
1098 2581 1217 2644 halitus.
1231 2581 1261 2637 in

127 2672 199 2729 quo
208 2670 256 2715 est
265 2659 329 2715 vita
337 2661 509 2731 cogitativa,
519 2678 596 2733 quae
606 2672 731 2716 vocatur
740 2662 856 2724 anima;
875 2662 948 2733 quid
959 2662 1040 2716 aliud
1051 2672 1153 2732 potest
1162 2662 1263 2716 anima

127 2738 226 2795 we?
263 2738 323 2795 Sed
344 2741 416 2810 quia
435 2740 537 2796 audivi
559 2758 597 2797 ex
614 2741 769 2797 orchestra
786 2741 930 2804 dicentes,
949 2742 1030 2813 quod
1052 2742 1206 2812 problema
1223 2741 1261 2796 de

126 2818 245 2880 mima.
260 2818 333 2889 quid
353 2820 403 2873 illa
417 2829 449 2874 et
463 2819 559 2889 qualis
577 2820 627 2875 illa
645 2831 775 2883 estnon
794 2821 835 2877 sit
849 2837 939 2892 supra
954 2819 1148 2882 intelleilum,
1161 2821 1214 2876 sed
1230 2821 1260 2874 in

132 2897 191 2952 illo
201 2909 233 2954 et
246 2914 348 2954 coram
362 2900 422 2962 illo,
436 2915 511 2971 rogo
523 2911 554 2956 et
573 2917 678 2972 precor
690 2912 725 2956 ut
737 2912 893 2957 aeternum
911 2901 970 2956 hoc
982 2917 1123 2957 arcanum
1136 2918 1191 2957 vos
1204 2901 1261 2971 ipsi

129 2978 306 3048 aperiatis?

175 3056 212 3111 lit
230 3056 365 3113 seniores
385 3059 415 3112 in
434 3060 589 3116 orchestra
607 3059 802 3131 inspexerunt
820 3059 1098 3123 archididascalum
1114 3060 1166 3131 qui
1186 3060 1260 3115 illud

138 3137 293 3206 problema
313 3148 519 3209 proposuerat,
540 3140 593 3211 qui
615 3156 651 3194 ex
673 3140 795 3195 nutibus
817 3139 966 3195 intellexit
987 3140 1068 3210 quod
1090 3140 1204 3195 vellent
1225 3150 1260 3193 ut

130 3216 335 3273 descenderet
347 3229 379 3274 et
391 3219 530 3282 doceret;
541 3229 580 3274 et
592 3219 726 3274 adiutum
743 3221 793 3276 ille
807 3237 844 3275 ex
856 3232 1001 3291 suggestu
1015 3220 1180 3281 descendit,
1193 3236 1260 3289 per-

130 3298 275 3353 transivit
290 3299 481 3362 auditorium,
494 3309 526 3353 et
541 3299 692 3371 ingressus
705 3312 753 3355 est
768 3300 951 3362 cathedram,
965 3311 996 3356 et
1012 3300 1051 3354 ibi
1066 3299 1259 3370 exporrigens

131 3391 259 3431 manum
269 3377 354 3440 dixit,
364 3379 576 3442 “Auscultate
587 3395 714 3450 quaeso;
733 3380 871 3451 quianon
884 3379 981 3435 credit
992 3379 1122 3435 animam
1136 3393 1201 3433 esse
1214 3378 1259 3432 in·

126 3456 241 3511 almam
254 3468 286 3513 et
297 3459 523 3514 subtilissimam
533 3460 694 3533 essentiam
708 3459 861 3515 hominis?
880 3460 993 3532 etquid
1006 3459 1136 3515 essentia
1145 3460 1259 3529 absque

128 3534 231 3593 norma
243 3537 325 3593 aliud
334 3555 425 3610 quarn
439 3556 492 3595 ens
502 3539 647 3596 rationis?
684 3539 785 3612 Quare
797 3541 897 3595 anima
909 3550 956 3595 est
969 3540 1078 3603 lorma;
1097 3540 1150 3594 sed
1160 3538 1257 3610 qualis

129 3613 232 3672 iorma
249 3618 383 3674 dioetur:
401 3629 448 3674 est
468 3618 565 3675 lorma
583 3620 717 3675 omnium
740 3620 852 3676 amoris
870 3631 901 3675 et
920 3622 1055 3674 omnium
1077 3618 1257 3688 sapientiae;

124 3699 236 3753 oman
254 3699 368 3754 amoris
386 3710 534 3755 vocantur
550 3699 734 3763 affectiones,
753 3711 784 3756 et
802 3701 905 3756 omnia
926 3699 1089 3770 sapientiae
1110 3708 1258 3753 vocantur

129 3777 356 3850 woeptiones:
375 3778 431 3834 hae
446 3796 483 3834 ex
502 3780 561 3834 illis
579 3791 611 3836 et
625 3781 669 3836 sic
687 3798 755 3836 cum
772 3782 830 3836 illis
846 3781 959 3836 iaciunt
972 3794 1061 3834 unam
1077 3776 1211 3841 lerinam,
1225 3778 1256 3832 in

128 3868 194 3927 qua
204 3858 436 3914 innumerabilia
449 3860 479 3914 in
492 3860 545 3915 tali
558 3861 672 3923 ordine,
682 3863 759 3917 serie
770 3870 802 3917 et
815 3860 1008 3917 cohaerentia
1019 3869 1098 3920 suut,
1108 3869 1142 3913 ut
1154 3858 1255 3913 vocari

131 3939 248 4004 possim
260 3954 374 4001 unum:
393 3949 424 3993 et
432 3940 533 3994 vocari
547 3951 673 4010 possunt
683 3958 785 4003 unum,
794 3941 865 4012 quia
878 3956 938 3995 non
952 3949 1053 4009 potest
1063 3937 1132 3993 inde
1142 3936 1255 4008 aliquid

133 4015 244 4083 aulerri
261 4035 318 4075 nec
337 4019 376 4073 ad
397 4018 470 4073 illud
488 4020 600 4090 aliquid
616 4021 695 4082 addi,
712 4032 745 4075 ut
760 4022 800 4075 sit
815 4021 900 4074 talis:
922 4019 994 4089 quid
1010 4017 1109 4071 anima
1124 4018 1255 4072 humana

137 4096 271 4158 nuituis
290 4096 412 4157 lorma?
427 4110 537 4154 suntne
555 4101 658 4156 omnia
675 4101 786 4157 amoris
804 4112 836 4156 et
850 4099 953 4155 omnia
970 4097 1133 4170 sapientiae
1154 4110 1254 4189 essen·
