2782 5026
143 455 204 535 148
377 474 380 479 ·
488 468 672 521 numerata
694 467 924 520 sensurum

1245 587 1260 611 Ι

138 637 335 721 conjugium
354 646 445 702 esta
469 638 640 702 Domino:
665 649 700 704 et
719 639 799 722 quia
821 660 918 703 amor
938 638 1018 704 talis
1042 649 1098 705 est
1121 648 1158 704 ut
1178 589 1272 738 ve?t

66 728 70 740 '
139 754 216 798 cum
235 732 357 808 altero,
377 751 477 816 quem
496 755 542 796 ex
561 735 665 797 corde
688 744 794 804 amat,
814 736 1083 808 communicare,
1104 736 1233 798 immol

138 829 231 892 illum
252 829 406 891 conferre
424 829 558 908 gaudia,
579 840 615 892 et
635 829 762 891 exinde
781 830 854 910 ipse
873 840 1016 910 captare
1040 850 1115 904 sua,
1135 787 1290 893 infinitst

138 925 252 1005 itaque
269 923 344 1004 plus
361 923 503 986 Divinus
520 922 641 995 Amor,
655 925 710 1005 qui
728 925 760 985 in
778 923 929 986 Domino
946 934 1011 996 est,
1026 925 1061 986 in
1079 925 1279 992 hominem(

137 1038 238 1101 quem
262 1019 391 1081 creavit
414 1017 667 1099 receptaculum
692 1028 727 1081 et
751 1020 876 1081 amoris
899 1029 935 1082 et
964 1020 1157 1100 sapientiae
1180 1016 1252 1083 ἕαδε

138 1112 416 1195 procedentium:
452 1121 487 1174 et
517 1113 595 1194 quia
624 1113 753 1175 creavit
786 1113 820 1175 in
850 1112 986 1175 illorum
1017 1115 1254 1196 receptionem,

136 1208 245 1270 virum
265 1207 297 1269 in
316 1207 548 1288 receptionem
568 1208 768 1287 sapientiae,
788 1207 950 1271 feminam
974 1209 1008 1270 in
1028 1211 1258 1291 receptionem

136 1302 262 1364 amoris
286 1302 473 1382 sapientiae
497 1302 568 1374 viri,
593 1303 671 1365 ideo
694 1303 739 1364 ab
761 1303 889 1365 intimis
918 1303 1039 1366 infudit
1069 1304 1261 1367 hominibus

136 1415 288 1458 amorem
305 1394 543 1476 coniugialem,
557 1396 590 1458 in
604 1417 704 1478 quem
722 1398 874 1461 conferre
888 1408 1006 1479 posset
1019 1402 1140 1462 omnia
1153 1401 1261 1472 beata,

137 1490 260 1564 fausta,
281 1490 440 1572 jucunda,
464 1501 500 1554 et
523 1491 670 1571 volupia,
694 1513 781 1574 quae
806 1495 904 1556 unice
928 1513 972 1555 ex
999 1494 1128 1558 Divino
1152 1515 1264 1559 amore

137 1604 200 1667 per
216 1585 374 1648 Divinam
393 1586 596 1666 sapientiam
617 1586 725 1667 Ipsius
742 1607 901 1650 unacum
917 1589 989 1650 vita
1005 1591 1214 1669 procedunt,
1231 1600 1264 1653 et

132 1679 299 1756 ·influunt;
332 1690 582 1762 consequenter
605 1681 638 1743 in
661 1679 739 1744 illos
762 1682 817 1764 qui
841 1683 875 1744 in
899 1701 1017 1746 amore
1041 1705 1123 1747 vere
1149 1685 1265 1766 conju·

136 1773 218 1856 giali
251 1785 340 1849 sunt,
371 1775 448 1856 quia
481 1774 515 1837 hi
548 1775 611 1837 soli
645 1785 724 1838 sunt
758 1776 973 1856 recipientes.
1008 1776 1264 1845 ‚Nominantur

134 1870 343 1942 innocentia,
364 1891 444 1952 pax,
465 1869 706 1952 tranquillitas,
727 1871 877 1934 amicitia
897 1873 1030 1945 intima,
1051 1873 1265 1938 confidentia

136 1964 248 2047 plena,
262 1976 297 2028 et
311 1966 514 2028 desiderium
527 1966 629 2027 animi
645 1975 681 2029 et
698 1966 810 2028 cordis
826 1977 982 2029 mutuum
998 1966 1149 2032 faciendi
1166 1971 1264 2035 alteri

135 2080 238 2124 omne
260 2061 408 2138 bonum;
439 2061 598 2142 quoniam
621 2061 820 2124 innocentia
848 2071 884 2124 et
913 2081 983 2143 pax
1010 2074 1093 2126 sunt
1116 2066 1262 2140 animae,

135 2154 367 2238 tranquillitas
386 2165 439 2219 est
458 2156 594 2229 mentis,
615 2155 765 2219 amicitia
781 2156 903 2218 intima
922 2166 975 2219 est
999 2155 1162 2238 petitoris,
1181 2180 1262 2224 con·

134 2249 276 2314 fidentia
305 2251 407 2333 plena
437 2260 489 2313 est
511 2251 634 2323 cordis,
659 2260 695 2313 et
725 2250 929 2314 desiderium
953 2253 1057 2314 animi
1089 2264 1125 2317 et
1150 2257 1262 2319 cordis

134 2357 289 2410 mutuum
306 2346 450 2409 faciendi
468 2345 567 2408 alteri
586 2364 688 2408 omne
707 2346 835 2408 bonum
855 2355 908 2408 est
925 2348 1077 2427 corporis
1097 2369 1145 2411 ex
1166 2350 1242 2414 illis.

197 2441 290 2506 181.
315 2439 429 2523 (xxii.)
457 2439 554 2517 Quod
567 2440 647 2502 haec
663 2439 852 2502 nullatenus
870 2441 1009 2520 possint
1031 2442 1122 2518 dari,
1142 2445 1215 2509 nisi
1228 2445 1261 2508 in

132 2537 280 2622 conjirgy'o
295 2536 393 2599 unius
408 2535 480 2598 viri
494 2556 566 2597 cum
582 2555 649 2597 rana
664 2534 885 2598 uxore-Est
904 2537 1105 2601 conclusum
1122 2560 1171 2603 ex
1188 2560 1260 2604 om-

135 2633 232 2694 nibus
251 2631 317 2693 illis
333 2651 419 2712 quae
438 2627 603 2693 haetenus
621 2626 712 2692 diua
731 2639 831 2706 sunt;
855 2639 890 2693 et
908 2651 1043 2713 quoque
1062 2632 1102 2696 fit
1119 2635 1260 2699 conclu·

134 2747 209 2791 sum
232 2747 278 2789 ex
301 2726 457 2788 omnibus
480 2724 546 2787 illis
568 2744 655 2806 quae
685 2723 829 2804 posthac
854 2726 1001 2789 dicenda
1025 2739 1127 2805 sunt;
1157 2750 1260 2813 quare

132 2824 176 2887 ad
196 2821 278 2884 illud
298 2817 567 2884 confirmandum
587 2817 748 2900 peculiari
766 2822 1063 2886 commentatione
1083 2843 1155 2887 non
1175 2846 1259 2909 opus

133 2928 198 2982 est.

134 3117 228 3183 182.
249 3115 312 3180 His
331 3115 520 3198 adjicentur
539 3116 607 3179 duo
626 3115 875 3179 Memorabilia.
921 3117 1071 3182 Primum
1091 3118 1160 3184 hoc
1173 3140 1229 3184 :-

187 3253 262 3307 Post
274 3253 390 3323 aliquot
402 3253 584 3323 septimanas
594 3252 694 3305 audivi
705 3268 810 3306 vocem
824 3269 840 3307 e
853 3253 937 3308 caelo
947 3254 1110 3318 dicentem,
1120 3263 1138 3284 ⁴¹
1148 3256 1194 3311 En
1206 3257 1261 3313 ite·

132 3349 196 3387 rum
210 3342 377 3386 conventus
391 3332 420 3385 in
436 3331 610 3393 Parnassio;
629 3332 745 3393 accede,
760 3334 993 3388 monstrabimus
1005 3333 1117 3388 viam.”

186 3411 316 3473 Accessi,
330 3422 442 3466 etcum
458 3427 549 3480 prope
563 3427 652 3471 eram,
666 3411 727 3464 vidi
741 3412 890 3481 quendam
904 3428 994 3482 super
1005 3413 1179 3470 Heliconeo
1192 3432 1259 3471 curu

130 3494 212 3553 tuba,
226 3506 285 3562 qua
297 3490 487 3545 annuntiavit
500 3500 530 3545 et
544 3489 652 3543 indixit
666 3501 860 3545 conventum.
899 3491 937 3546 Et
950 3492 1011 3546 vidi
1025 3509 1063 3547 ex
1077 3494 1152 3549 urbe
1163 3496 1260 3550 Athe·

131 3588 208 3627 naeo
221 3581 252 3626 et
266 3570 404 3625 confiniis
417 3570 482 3641 ejus
495 3570 692 3624 ascendentes
706 3580 739 3624 ut
753 3571 841 3640 prius,
855 3581 886 3624 et
902 3572 931 3624 in
948 3571 1048 3626 medio
1062 3572 1186 3628 illorum
1199 3588 1260 3632 tres

131 3652 262 3706 novitios
273 3667 289 3705 e
300 3651 422 3705 mundo.
458 3650 550 3704 Erant
561 3648 602 3702 illi
614 3659 674 3703 tres
684 3666 721 3703 ex
734 3648 921 3712 Christianis,
933 3666 1009 3705 unus
1020 3653 1174 3716 sacerdos,
1185 3655 1260 3709 alter

131 3731 278 3802 politicus,
289 3741 320 3784 et
332 3730 439 3785 tertius
450 3728 658 3799 philosophus.
697 3727 763 3782 Hos
777 3729 806 3782 in
820 3730 868 3782 via
881 3729 964 3783 vario
974 3745 1115 3786 sermone
1125 3732 1259 3789 oblefta·

131 3813 211 3873 bant,
223 3809 368 3880 imprimis
379 3811 416 3863 de
428 3808 612 3878 sapientibus
620 3808 760 3877 antiquis,
772 3824 847 3878 quos
858 3809 1064 3864 nominabant.
1090 3809 1259 3882 Quaesive·

131 3902 200 3945 runt
213 3906 284 3944 num
299 3889 366 3944 illos
376 3889 466 3943 visuri
480 3887 554 3949 sint;
574 3888 713 3942 dixerunt
724 3888 804 3957 quod
819 3887 919 3949 visuri,
931 3898 962 3942 et
974 3888 999 3943 si
1012 3889 1135 3954 vellent,
1145 3892 1259 3948 saluta·

129 3971 197 4033 turl,
206 3970 348 4041 quoniam
362 3979 433 4024 sunt
446 3967 589 4023 affabiles.

134 4082 136 4087 ·
183 4050 403 4122 Quaesiverunt
423 4049 460 4102 de
480 4047 694 4108 Demosthene,
709 4045 846 4118 Diogene
865 4056 896 4100 et
917 4045 1055 4116 Epicuro.
1094 4047 1256 4112 Dixerunt.

129 4128 377 4186 “Demosthenes
391 4143 450 4181 non
467 4127 516 4181 hic
532 4137 586 4188 est,
600 4127 651 4180 sed
668 4127 747 4196 apud
763 4125 929 4186 Platonem,
945 4125 1098 4196 Diogenes
1111 4144 1183 4182 cum
1197 4130 1259 4185 suis

129 4208 314 4263 scholaribus
325 4208 381 4262 sub
391 4205 557 4260 Heliconeo
566 4214 775 4266 commoratur,
787 4221 823 4258 err
833 4221 923 4259 causa
932 4204 1001 4275 quia
1012 4206 1168 4262 mundana
1180 4208 1258 4264 sicut

129 4287 214 4342 nihili
228 4297 355 4357 reputat,
366 4296 396 4340 et
410 4287 500 4340 modo
510 4285 650 4339 caelestia
660 4283 761 4337 animo
771 4284 866 4338 volvit
878 4302 884 4346 ;
905 4283 1051 4354 Epicurus
1064 4285 1102 4338 ad
1117 4287 1260 4343 occiden-

129 4379 190 4421 tem
214 4366 243 4420 in
260 4366 389 4420 termino
404 4364 529 4426 habitat,
542 4380 597 4418 nec
618 4364 710 4416 intrat
730 4364 767 4417 ad
792 4380 854 4423 nos.
871 4364 941 4433 quia
961 4379 1016 4417 nos
1039 4363 1257 4436 distinguimus

130 4446 208 4500 inter
223 4443 398 4500 afiefiiones
414 4444 507 4500 bonas
525 4456 556 4498 et
575 4442 749 4498 affectiones
767 4443 868 4503 malas,
884 4454 915 4497 et
934 4442 1063 4498 dicimus
1078 4443 1256 4501 affectiones
