2782 5026
142 448 204 517 ιώ
288 523 295 535 ,
485 464 669 516 numeras
690 465 922 519 susurrus

136 633 269 699 Verum
291 636 425 700 unitum
448 634 574 699 Divino
597 635 707 711 Bono,
727 657 768 701 ac
792 638 955 704 Divinum
976 640 1114 708 Bonum
1133 646 1269 712 unitum

138 730 263 794 Divino
280 728 397 808 Vero;
420 731 513 813 quod
531 731 617 794 haec
636 733 746 796 unitio
763 735 810 797 sit
828 735 863 797 in
882 737 1043 800 omnibus
1062 750 1100 803 et
1121 741 1266 823 singulis

136 824 245 889 Verbi
263 827 297 888 in
315 846 419 888 sensu
434 824 578 890 caelesti
600 837 637 889 et
659 828 829 910 spirituali
847 831 931 912 ejus,
951 832 1112 897 videatur
1128 835 1162 898 Α
1164 847 1265 916 poca·

136 919 244 1002 lypsis
260 919 423 983 Revelato
441 919 489 1000 (n.
511 936 582 1000 373.
605 923 681 1001 483.
703 922 779 1003 689,
798 923 901 1005 8803
934 946 981 988 ex
1006 947 1077 1008 quo
1096 931 1265 1011 sequitur,

135 1017 228 1098 quod
252 1014 407 1078 Verbum
428 1016 474 1078 sit
497 1013 685 1096 perlectum
707 1019 908 1100 conjugium
931 1020 1013 1083 boni
1036 1033 1073 1085 et
1098 1025 1197 1088 veri:
1229 1036 1265 1089 et

135 1109 319 1193 quiaillud
341 1120 396 1172 est
419 1130 440 1172 a
463 1110 624 1183 Domino.
648 1122 685 1174 et
708 1114 801 1195 quod
823 1124 879 1178 est
902 1114 948 1177 ab
971 1115 1054 1198 Ipso
1077 1119 1190 1183 etiam
1214 1130 1268 1185 est

136 1205 226 1288 lpse,
245 1205 468 1288 consequitur
482 1205 574 1286 quod
593 1205 674 1269 dum
692 1206 799 1270 homo
815 1207 902 1289 legit
919 1208 1088 1284 Verbum,
1105 1222 1143 1276 et
1162 1214 1265 1277 desu-

135 1301 197 1366 mit
219 1321 265 1365 ex
288 1299 350 1363 illo
371 1320 464 1374 vera,
484 1299 652 1363 Dominus
669 1301 837 1383 adjungat
856 1303 1007 1380 bonum;
1039 1306 1148 1371 homo
1171 1311 1265 1376 enim

134 1415 203 1459 non
225 1396 321 1459 videt
344 1396 435 1459 bona
457 1393 653 1469 afficientia,
677 1397 756 1478 quia
778 1417 824 1460 ex
847 1397 1028 1463 intellectu
1053 1401 1141 1483 legit
1166 1405 1262 1480 illud,

132 1509 173 1555 ac
196 1488 393 1555 intellectus
423 1510 492 1553 non
515 1489 628 1553 haurit
652 1491 732 1555 inde
756 1492 819 1554 nisi
843 1513 916 1568 sua,
940 1514 1029 1576 quae
1048 1507 1131 1559 sunt
1159 1520 1264 1576 vera;

132 1586 225 1670 quod
248 1586 301 1649 his
323 1584 529 1667 adjungatur
548 1584 675 1648 bonum
698 1607 720 1649 a
743 1586 906 1662 Domino,
926 1590 1035 1653 sentit
1060 1591 1264 1658 intellectus

132 1703 178 1746 ex
194 1682 356 1766 jucund0‚
376 1680 468 1764 quod
487 1679 607 1755 influit,
626 1680 707 1744 dum
727 1681 942 1762 illustratur;
966 1685 1028 1747 sed
1045 1685 1112 1750 boc
1133 1708 1205 1752 non
1224 1688 1263 1755 fit

132 1777 207 1840 aliis
225 1778 376 1851 interius,
396 1794 498 1858 quam
521 1776 578 1857 qui
601 1775 722 1857 legunt
741 1777 825 1839 illud
848 1776 915 1842 fine
934 1781 1103 1861 sapiendi,
1124 1792 1161 1846 et
1186 1783 1263 1849 finis

132 1871 287 1955 sapiendi
310 1881 365 1934 est
393 1870 460 1933 illis
488 1871 545 1953 qui
573 1870 751 1934 addiscere
774 1871 897 1936 volunt
920 1875 1072 1955 genuina
1094 1897 1181 1942 vera
1204 1880 1263 1952 ibi.

132 1976 168 2031 et
190 1988 250 2050 per
268 1966 355 2029 haec
373 1966 520 2029 formare
539 1964 723 2029 ecclesiam
742 1968 833 2049 apud
853 1988 910 2031 se:
935 1967 985 2031 illi
1004 1980 1124 2034 autem
1144 1974 1204 2056 qui
1228 1975 1261 2038 id

131 2060 251 2144 legunt
265 2062 377 2125 solum
390 2070 530 2144 propter
542 2060 687 2142 gloriam
700 2062 912 2136 eruditionis,
927 2071 1001 2126 tum
1013 2067 1071 2146 qui
1084 2088 1131 2130 ex
1147 2070 1274 2151 opini·.

131 2180 197 2224 one
220 2158 311 2242 quod
335 2156 446 2220 solum
470 2153 583 2231 lectio,
607 2155 664 2219 vel
688 2157 825 2220 auditus
848 2155 932 2236 ejus,
952 2159 1122 2240 inspirent
1141 2161 1259 2241 fidem,

130 2264 167 2319 et
177 2254 373 2319 conducant
385 2251 498 2325 saluti,
508 2271 576 2314 non
587 2252 754 2335 recipiunt
765 2251 903 2334 aliquod
917 2255 1045 2319 bonum
1059 2277 1079 2319 a
1093 2257 1259 2336 Domino,

130 2351 209 2434 quia
227 2350 281 2413 his
303 2359 356 2412 est
380 2347 455 2411 finis
478 2368 515 2410 se
538 2346 693 2411 salvandi
717 2367 762 2410 ex
786 2348 868 2410 solis
890 2350 1033 2413 vocibus
1056 2352 1114 2426 ibi,
1134 2355 1260 2436 quibus

131 2466 200 2510 non
219 2445 345 2529 aliquid
368 2465 414 2508 ex
436 2463 518 2507 vero
541 2443 652 2520 inest;
683 2453 720 2507 et
743 2442 810 2506 illis
833 2454 888 2507 est
911 2443 987 2507 finis
1011 2447 1188 2512 eminendi
1212 2471 1259 2517 ex

129 2543 329 2615 eruditione,
345 2560 421 2603 curn
439 2560 507 2621 quo
526 2559 594 2602 non
615 2537 833 2621 conjungitur
848 2540 988 2623 aliquod
1008 2541 1138 2606 bonum
1158 2546 1259 2627 spiri·

130 2635 236 2711 tuale‚
256 2637 317 2699 sed
339 2635 523 2716 jucundum
543 2633 711 2708 naturale,
731 2634 822 2716 quod
846 2644 901 2697 est
925 2656 971 2698 ex
995 2634 1107 2716 gloria
1126 2640 1258 2704 mundi.

130 2730 301 2813 Quoniam
319 2730 472 2793 Verbum
491 2738 544 2792 est
564 2729 713 2791 medium
732 2727 992 2810 conjunctionis,
1013 2731 1092 2795 ideo
1111 2743 1260 2800 vocatur

129 2826 213 2890 illud
229 2826 360 2901 foedus,
377 2833 478 2887 vetus
493 2833 530 2887 et
549 2843 687 2899 novum,
705 2833 741 2889 et
759 2822 879 2887 foedus
895 2825 1067 2906 significat
1088 2827 1259 2908 conjunc·

129 2923 270 2986 tionem.
866 2967 869 2982 .

192 3031 287 3097 129·
313 3012 378 3096 (x.)
406 3012 503 3092 Quod
515 3012 649 3076 ecclesia
667 3013 714 3076 sit
731 3034 753 3076 a
771 3012 921 3089 Domino,
940 3024 974 3078 et
991 3016 1087 3097 apud
1101 3017 1181 3082 illos
1200 3018 1262 3102 qur'

129 3110 251 3175 adeunt
265 3109 392 3190 Ipsum,
406 3119 438 3172 ct
451 3109 570 3172 vr'vunt
583 3108 758 3171 secundum
770 3118 950 3189 praecepta
965 3109 1257 3190 Ipsius—Hodie

130 3226 198 3269 non
218 3215 365 3286 negatur
380 3205 459 3287 quin
479 3203 625 3267 ecclesia
644 3205 689 3267 sit
709 3202 859 3277 Domini,
877 3217 912 3267 et
932 3206 1010 3286 quia
1029 3216 1082 3270 est
1100 3205 1256 3284 Domini,

129 3300 220 3384 quod
237 3301 281 3364 sit
299 3321 319 3363 a
339 3300 509 3363 Domino:
533 3299 624 3383 quod
641 3299 684 3362 sit
701 3298 791 3380 apud
808 3298 885 3361 illos
902 3300 958 3380 qui
975 3300 1105 3364 adeunt
1122 3302 1255 3383 Ipsum,

129 3406 183 3460 est
207 3397 285 3479 quia
304 3396 451 3459 ecclesia
470 3395 580 3478 Ipsius
604 3395 636 3457 in
661 3393 858 3457 Christiano
877 3395 960 3456 orbe
979 3405 1034 3458 est
1053 3416 1098 3458 ex
1121 3396 1255 3475 Verbo,

128 3510 168 3554 ac
193 3489 345 3554 Verbum
369 3500 422 3553 est
446 3490 604 3573 abipso,
629 3509 668 3552 ac
693 3489 742 3551 ita
765 3489 809 3550 ab
832 3488 912 3569 Ipso
935 3499 973 3552 ut
997 3491 1041 3553 sit
1067 3490 1168 3572 lpse;
1200 3503 1255 3559 est

128 3586 173 3649 ibi
191 3585 351 3649 Divinum
368 3586 497 3649 Verum
514 3586 646 3648 unitum
663 3583 790 3648 Divino
803 3583 912 3657 Bono,
930 3594 965 3647 et
985 3584 1051 3647 hoc
1068 3588 1179 3650 etiarn
1199 3599 1256 3653 est

129 3680 316 3745 Dominus:
343 3702 410 3744 non
430 3681 520 3744 aliud
540 3680 744 3762 intelligitur
762 3700 821 3762 per
841 3678 1006 3754 Verbum,

178 3832 258 3897 Quod
270 3831 321 3882 luit
332 3833 404 3894 apud
418 3832 513 3889 Deum,
523 3842 550 3882 et
561 3831 632 3895 quod
643 3831 693 3880 luit
706 3829 787 3889 Deus,
800 3845 835 3880 ex
846 3845 899 3893 quo
912 3841 953 3879 est
965 3830 1022 3880 vita
1032 3840 1060 3880 et
1074 3831 1123 3882 lux
1134 3832 1256 3885 bomini·

259 3899 317 3958 bus,
329 3909 357 3948 et
371 3899 442 3964 quod
454 3898 525 3948 Caro
538 3894 638 3947 iactum
651 3906 692 3945 est
705 3896 780 3961 (Joh.
793 3896 809 3945 i.
824 3895 911 3956 1-14):

127 4045 164 4100 et
188 4057 298 4118 porro,
318 4035 409 4117 quod
433 4036 477 4098 sit
497 4035 586 4116 apud
606 4032 694 4107 illos,
715 4034 771 4116 qui
794 4034 923 4100 adeunt
944 4037 1071 4119 Ipsum,
1092 4049 1148 4104 est
1173 4045 1256 4126 quia

128 4142 182 4197 est
202 4130 291 4215 apud
313 4129 392 4193 illos
411 4130 467 4212 qul
486 4129 630 4192 credunt
653 4129 686 4191 in
707 4128 844 4211 Ipsum;
874 4140 909 4195 et
931 4132 1071 4196 credere
1090 4137 1185 4217 quod
1209 4141 1255 4205 sit

129 4227 223 4291 Deus
247 4226 407 4290 Salvator
436 4234 471 4288 et
506 4224 730 4306 Redemptor.
753 4224 909 4306 Jehovah
935 4226 1085 4308 Justitia,
1110 4228 1253 4300 Ostium

129 4343 188 4405 per
204 4322 295 4406 quod
314 4317 574 4401 ingrediendum
590 4329 643 4382 est
661 4319 694 4381 in
713 4319 814 4394 ovile,
833 4320 897 4384 hoc
915 4332 980 4395 est,
999 4324 1031 4386 in
1051 4325 1245 4401 ecclesiam.

130 4416 209 4495 Via,
234 4416 374 4481 Veritas
396 4426 433 4480 et
456 4415 551 4492 Vita,
574 4414 666 4498 quod
690 4435 791 4480 nemo
814 4418 930 4482 veniat
954 4418 998 4482 ad
1023 4418 1161 4487 Patrem
1181 4423 1241 4489 nisi
