2782 5026
358 110 409 164 DE
431 110 568 163 AMORE
591 109 950 162 SCORTATORIO.·-N.
972 110 1042 180 521.
1191 110 1256 181 397

184 280 299 339 Postea
319 281 441 338 exibant
462 297 479 338 e
500 296 636 344 caverna.
658 289 690 337 et
711 281 863 337 intrabant
885 279 916 335 in
937 279 1090 352 quandam
1111 277 1256 335 humilem

131 375 244 424 casam,
257 377 335 432 quae
350 371 414 416 erat
428 361 568 431 lupanar;
586 371 617 416 et
631 370 705 415 tune
717 359 846 430 separati
860 375 879 414 a
892 359 1000 415 scortis
1013 359 1091 414 inter
1105 374 1138 414 se
1152 359 1257 429 loque·

132 440 252 502 bantur,
268 441 306 495 ad
325 456 402 511 quae
421 439 537 495 intendi
550 455 670 503 aurem;
695 440 815 510 loquela
830 439 910 494 enim
930 438 961 493 in
980 438 1094 493 mundo
1108 437 1255 509 spirituali

132 519 231 574 audiri
246 529 348 590 potest
363 535 380 574 e
395 518 520 574 distanti
532 519 610 574 sicut
625 519 655 573 in
671 518 829 589 praesenti.
842 517 984 589 quoniam
997 528 1153 573 extensum
1166 516 1256 588 spatii

133 600 173 654 ibi
184 609 232 653 est
245 599 337 654 modo
346 598 530 669 apparentia.
563 597 776 670 loquebantur
787 597 825 652 de
838 596 994 668 conjugiis,
1005 596 1043 653 de
1056 607 1162 651 natura
1174 607 1205 651 et
1217 596 1257 651 de

132 679 288 748 religione.

186 756 233 812 De
247 757 395 828 conjugiis
408 757 608 827 loquebantur
623 755 674 818 illi,
689 756 742 827 qui
757 755 857 827 quoad
873 755 965 827 pedes
980 756 1162 826 apparebant
1177 754 1256 810 sicut

132 836 236 899 vituli:
262 847 294 890 et
312 836 461 898 dixerunt,
478 834 582 907 “Quid
601 835 743 906 conjugia
762 835 819 890 nisi
838 835 986 890 adulteria
1005 833 1108 890 licita?
1132 843 1163 889 et
1181 834 1255 905 quid

131 916 251 970 dulcius
259 931 349 986 quam
360 914 533 986 hypocrises
541 915 744 977 scortatoriae,
754 931 789 969 ac
799 915 950 970 elusiones
960 915 1134 969 maritorum
1143 913 1174 970 ?”
1204 913 1254 968 Ad

132 994 207 1050 haec
221 994 328 1065 reliqui
345 994 375 1048 in
387 995 543 1049 cachinnis
555 994 778 1064 applaudebant
791 994 938 1049 manibus.

187 1073 232 1128 De
251 1080 362 1127 natura
382 1074 582 1145 loquebantur
600 1074 700 1145 satyri,
720 1074 772 1145 qui
790 1075 891 1144 quoad
910 1072 1002 1144 pedes
1019 1073 1203 1143 apparebant
1221 1082 1256 1126 ut

131 1153 311 1224 pantherae;
336 1163 367 1208 et
382 1152 530 1215 dicebant,
544 1152 650 1225 “Quid
665 1152 748 1207 aliud
763 1163 811 1208 est
825 1167 914 1223 quam
928 1150 1056 1206 natura?
1093 1150 1254 1223 Quodnam

130 1232 292 1287 discrimen
311 1244 358 1287 est
378 1232 456 1287 inter
471 1232 624 1286 hominem
643 1243 674 1287 et
692 1232 829 1294 bestiam,
844 1247 934 1302 quam
950 1230 1031 1302 quod
1052 1231 1144 1285 homo
1160 1231 1255 1301 possit

128 1311 287 1366 articulate
303 1311 395 1383 loqui,
407 1322 437 1366 et
453 1311 548 1366 bestia
563 1309 693 1366 sonore?
732 1311 824 1367 Estne
837 1311 956 1381 utrique
969 1310 1031 1364 vita
1043 1326 1081 1364 ex
1099 1310 1206 1373 calore,
1219 1325 1254 1364 ac

131 1388 302 1446 intellectus
317 1407 355 1446 ex
369 1391 444 1453 luce,
456 1401 601 1462 operante
617 1390 762 1447 natura?”
798 1389 848 1446 Ad
863 1390 938 1445 haec
953 1389 1060 1461 reliqui
1073 1389 1253 1451 clamabant,

130 1470 228 1527 “Heu
242 1470 400 1540 loquimini
414 1487 450 1524 ex
462 1470 585 1540 judicio.
589 1469 605 1489 ”

184 1548 232 1604 De
244 1550 385 1620 rclrgrbne
393 1550 601 1619 loquebantur,
612 1566 663 1620 qur
655 1548 777 1619 'quoad
791 1547 882 1619 pedes
891 1548 1074 1617 apparebant
1082 1547 1161 1602 sicut
1172 1546 1253 1618 lupi;

129 1627 292 1689 dicentes‘
277 1626 390 1720 Quid
407 1627 489 1683 Deus
504 1638 557 1682 aut
573 1628 716 1683 Divinum
732 1628 789 1682 nisi
808 1628 947 1682 intimum
964 1637 1089 1682 naturae
1104 1624 1251 1696 operans?

130 1707 211 1780 Quid
231 1687 337 1778 religio
358 1707 415 1761 nisi
438 1707 594 1762 inventum
616 1708 654 1762 ad
679 1706 861 1778 captandum
883 1717 915 1762 et
936 1707 1089 1778 ligandum
1105 1704 1252 1777 vulgusl'·

130 1787 180 1842 Ad
194 1787 271 1841 baec
283 1786 389 1857 reliqui
401 1786 672 1849 vociferabantur,⁴
673 1786 815 1841 ‘J'Bravo

183 1865 344 1936 Aliquibus
359 1865 521 1920 momentis
537 1875 614 1935 post.
631 1873 808 1936 eruperunt;
833 1875 864 1920 et
886 1865 917 1919 in
939 1864 1098 1935 eruptione
1109 1863 1252 1918 viderunt

131 1960 179 2001 me
192 1961 208 2000 e
222 1945 388 2016 longinquo
402 1945 534 2007 intentis,
548 1945 643 1999 oculis
656 1946 693 1999 ad
707 1944 775 1999 illos
788 1941 990 2014 speilantem
1010 1960 1046 1998 ex
1059 1960 1120 2015 quo
1132 1959 1251 1998 exacer-

132 2024 195 2078 bati
209 2040 225 2079 e
237 2024 313 2079 silva
325 2034 526 2084 excurrerunt.
537 2033 569 2078 et
582 2024 690 2077 minaci
700 2023 784 2078 vultu
794 2024 999 2079 accelerabant
1008 2039 1127 2079 cursum
1141 2022 1179 2077 ad
1194 2039 1252 2078 me.

130 2102 271 2164 Aiebant‚
285 2101 371 2158 “Cur
384 2102 433 2158 hic
445 2103 586 2158 consistis
598 2113 630 2157 et
641 2102 774 2158 attendis
786 2104 824 2158 ad
838 2113 958 2157 nostros
969 2118 1106 2158 susurros
1114 2101 1145 2157 ?”

184 2182 222 2236 Et
231 2181 380 2251 respondi,
392 2182 477 2239 “Cur
486 2198 546 2236 non
558 2181 570 2237 i
585 2182 657 2253 quid
668 2181 828 2253 prohibet?
844 2191 931 2238 erant
939 2181 1108 2252 loquelae;’'
1121 2191 1152 2236 et
1161 2181 1249 2237 retuli

129 2277 206 2332 quae
224 2262 262 2316 ab
283 2262 339 2316 illis
357 2261 468 2316 audivi.
506 2261 549 2317 Ex
568 2261 626 2316 hoc
644 2261 826 2317 sedabantur
840 2261 930 2316 animi
948 2261 1073 2323 illorum,
1085 2262 1167 2332 quod
1185 2271 1251 2316 erat

127 2357 166 2396 ex
179 2340 289 2395 timore
308 2356 345 2395 ne
364 2340 604 2411 divulgarentur3
628 2351 660 2396 et
678 2351 751 2395 tunc
767 2340 948 2411 incipiebant
963 2340 1098 2395 modeste
1114 2340 1250 2410 inquiet

129 2420 237 2490 pudice
250 2435 352 2490 agere:
371 2436 408 2473 ex
420 2434 482 2490 quo
494 2419 623 2489 cognovi
637 2421 718 2490 quod
733 2436 792 2473 non
806 2436 844 2474 ex
856 2420 907 2474 vili
920 2419 1015 2490 plebe.
1028 2418 1081 2475 sed
1097 2435 1134 2474 ex
1147 2434 1249 2489 prosa·

129 2499 178 2568 pia
188 2499 325 2568 digniore
335 2497 453 2554 luerint.
489 2499 527 2553 Et
537 2508 609 2553 tunc
619 2499 734 2553 narravi
746 2499 813 2561 illis,
822 2499 905 2570 quod
915 2498 1041 2554 viderim
1052 2498 1120 2553 illos
1134 2499 1163 2552 in
1173 2499 1250 2555 silva

128 2587 162 2631 ut
174 2588 299 2648 satyros,
309 2576 417 2648 viginti
431 2588 465 2632 ut
476 2587 593 2649 satyros
603 2579 755 2640 vitulinos
766 2595 817 2633 sex
830 2589 864 2633 ut
876 2588 993 2649 satyros
1003 2578 1207 2649 pantherinos,
1217 2586 1249 2634 et

129 2667 259 2727 quatuor
271 2666 305 2710 ut
317 2668 434 2727 satyros
448 2657 583 2749 lupinos;
601 2667 687 2711 erant
700 2672 825 2712 numero
837 2657 969 2728 triginta

183 2734 251 2789 Hoc
267 2736 365 2790 mirati
379 2745 458 2804 sunt,
472 2736 543 2807 quia
558 2736 614 2806 ipsi
634 2753 665 2793 se
685 2737 725 2790 ibi
744 2752 805 2792 non
817 2736 959 2792 viderunt
971 2735 1029 2793 nisi
1047 2747 1082 2793 ut
1101 2736 1247 2800 homines.

129 2813 266 2870 similiter
279 2826 313 2868 ut
325 2831 357 2869 se
369 2814 512 2869 videbant
525 2815 574 2869 hic
586 2815 666 2885 apud
680 2832 737 2871 me.

182 2893 241 2947 Et
234 2894 370 2955 instruxi,
384 2894 487 2964 quod
480 2904 522 2949 rta
534 2894 729 2965 apparuerint
740 2911 757 2950 e
770 2895 936 2966 longinquo
948 2911 985 2950 ex
997 2894 1121 2951 libidine
1134 2905 1248 2952 scorta·

127 2972 212 3032 toria,
223 2982 253 3026 et
266 2973 349 3043 quod
360 2973 505 3043 satyriaca
518 2974 592 3028 haec
605 2974 700 3029 forma
709 2985 790 3029 esset
802 2973 898 3029 lorma
908 2975 1047 3029 adulterii
1057 2974 1206 3037 dissoluti,
1216 2984 1248 3030 et

129 3067 188 3105 non
209 3050 305 3105 forma
323 3067 484 3121 personae;
508 3068 627 3107 causam
647 3052 709 3106 dixi
728 3053 814 3116 hanc,
832 3054 913 3124 quod
935 3054 1118 3124 unaquaevis
1136 3070 1247 3109 concu-

127 3129 273 3200 piscentia
289 3130 366 3185 mala
380 3131 468 3186 sistat
481 3131 708 3187 similitudinem
724 3132 770 3187 sui
787 3133 816 3187 in
832 3133 961 3203 quadam
975 3132 1079 3195 forma,
1092 3149 1169 3204 quae
1185 3149 1245 3187 non

127 3209 311 3278 conspicitur
322 3210 360 3263 ab
371 3209 449 3279 ipsis,
461 3210 513 3265 sed
527 3226 545 3265 a
556 3211 705 3266 stantibus
715 3212 753 3265 ad
764 3212 937 3266 distantiam
948 3227 955 3266 ε
974 3222 1005 3266 et
1018 3212 1088 3274 dixi,
1102 3211 1171 3267 “Ut
1182 3227 1247 3267 cre·

127 3287 214 3348 datis,
224 3287 355 3342 emittite
367 3288 483 3360 aliquos
496 3305 513 3344 e
526 3290 612 3345 vobis
626 3289 656 3344 in
669 3291 774 3345 silvam
789 3289 878 3354 illam,
888 3306 924 3345 ac
935 3307 991 3346 vos
1003 3301 1175 3362 permanete
1188 3290 1246 3354 hic,

126 3375 158 3421 et
169 3364 348 3436 aspetlatel’

179 3446 225 3500 Ac
232 3446 367 3500 iecerunt
377 3445 427 3509 ita,
435 3455 467 3502 et
475 3447 638 3503 emiserunt
648 3447 732 3510 duos,
740 3458 772 3503 et
780 3448 867 3519 juxta
874 3464 972 3504 casam
982 3447 1155 3519 lupanarem
1164 3448 1245 3504 illam

126 3523 265 3580 viderunt
280 3525 347 3579 illos
360 3542 482 3595 prorsus
497 3537 530 3580 ut
549 3538 682 3598 satyros;
705 3538 737 3583 et
751 3543 821 3583 cum
834 3528 981 3590 redibant,
994 3528 1165 3583 salutabant
1177 3527 1245 3584 illos

125 3613 250 3675 satyros,
263 3614 295 3658 et
308 3604 456 3667 dixerunt,
469 3612 485 3634 ‘¹
494 3604 521 3660 0
535 3607 635 3676 qualia
648 3606 802 3662 lbdibria.”

178 3681 254 3737 Cum
273 3683 303 3737 in
320 3684 380 3738 risu
395 3694 488 3746 erant,
501 3685 619 3755 jocatus
634 3703 700 3740 sum
716 3702 784 3740 cum
801 3686 859 3742 illis
873 3685 964 3748 varia,
976 3695 1008 3741 et
1023 3684 1149 3748 narravi,
1161 3685 1245 3756 quod

124 3761 277 3817 adulteros
290 3762 381 3817 etiam
394 3763 519 3818 viderim
533 3775 567 3819 ut
583 3781 707 3835 procos;
726 3775 756 3821 et
771 3776 846 3825 tunc
859 3764 1032 3821 recordatus
1044 3781 1111 3821 sum
1126 3763 1244 3822 iabulae

125 3842 162 3895 de
175 3840 284 3913 Ulysse
297 3852 327 3895 et
341 3840 460 3905 [¹1Circe,
470 3845 552 3913 quod
566 3845 640 3898 haec
654 3844 770 3917 Ulyssis
782 3845 909 3901 comites
921 3855 953 3900 et
965 3842 1093 3900 famulos
1102 3859 1244 3914 consper-

124 3920 195 3976 serit
213 3921 315 3976 herbis
333 3921 474 3985 hecateis‚
493 3933 524 3978 et
541 3923 704 3994 contigerit
721 3924 805 3995 virga
824 3924 946 3996 magica.
962 3934 994 3979 et
1011 3923 1194 3979 converterit
1212 3923 1243 3978 in

125 4015 247 4069 porcos:
266 3998 344 4055 iorte
360 4000 391 4054 in
406 4001 567 4065 adulteros,
580 4003 652 4074 quia
665 4019 725 4059 non
739 4004 839 4075 potuit
853 4003 914 4058 ulla
926 4012 990 4058 arte
1002 4013 1177 4060 convertere
1189 4003 1244 4060 ali-

125 4094 211 4150 quem
226 4096 257 4134 rn
271 4095 404 4151 porcum.
