2850 5026
238 437 299 499 262
584 449 766 499 usnemu
790 448 1018 500 sarianum

235 620 271 674 lis
285 635 362 690 quae
377 629 423 674 est
437 619 548 675 amoris
563 628 594 673 et
610 635 743 680 morum;
762 631 969 674 convenerunt
981 620 1081 683 etiam,
1093 620 1178 691 quod
1191 621 1279 677 binae
1295 621 1354 678 illae

236 699 474 768 pulchritudines
487 699 606 768 saepius
618 699 679 752 sint
692 699 804 753 divisae
819 700 848 752 in
864 701 978 754 mundo
992 701 1128 761 naturali,
1142 711 1175 755 et
1187 703 1272 772 quod
1284 719 1354 757 sem·

234 794 288 847 per
300 779 360 832 sint
373 778 475 833 unitae
490 778 519 831 in
533 779 648 832 mundo
658 778 822 848 spirituali;
840 796 909 833 nam
924 780 953 833 in
967 780 1026 834 hoc
1037 780 1151 834 mundo
1166 781 1355 850 pulchritudo

233 867 280 911 est
296 856 391 911 lorma
408 857 519 910 amoris
533 868 565 910 et
581 873 716 910 morum:
741 874 832 928 quare
848 867 917 927 post
934 870 1061 913 mortem
1077 861 1197 931 saepius
1211 861 1356 930 contingit

233 937 315 1006 quod
335 936 474 990 mulieres
492 935 642 991 deformes
661 936 734 991 fiant
750 937 996 1006 pulchritudines,
1009 955 1045 992 ac
1063 939 1205 994 mulieres
1220 940 1356 1010 pulchrae

234 1015 307 1069 liant
319 1014 533 1070 deformitates.

288 1093 364 1148 Cum
380 1093 435 1148 viri
452 1094 509 1147 hoc
524 1094 719 1156 ventilabant,
734 1103 882 1149 venerunt
896 1095 1013 1165 aliquae
1028 1111 1145 1158 uxores,
1160 1107 1193 1151 et
1211 1097 1355 1158 dixerunt,

233 1180 249 1201 ‘⁴
258 1173 420 1227 Admittite
435 1183 566 1227 nostram
581 1174 789 1243 praesentiam,
802 1174 874 1244 quia
885 1191 940 1229 vos
953 1175 983 1228 id
997 1176 1079 1245 quod
1092 1176 1258 1239 ventilatis,
1271 1178 1356 1231 docet

232 1251 364 1313 scientia,
376 1268 430 1306 nos
440 1262 540 1306 autem
553 1252 582 1305 id
597 1253 686 1306 docet
696 1253 894 1322 experientia;
914 1264 945 1307 et
957 1270 1076 1324 quoque
1087 1264 1149 1308 tam
1161 1271 1268 1325 parurn
1279 1256 1357 1310 scitis

232 1331 271 1385 de
289 1347 392 1386 amore
408 1346 543 1392 uxorum,
557 1341 591 1385 ut
605 1331 655 1385 vix
670 1332 799 1403 aliquid:
824 1349 895 1385 num
911 1333 1001 1394 scitis,
1015 1334 1095 1402 quod
1110 1335 1273 1403 prudentia
1283 1335 1356 1405 sapi·

232 1409 331 1464 entiae
345 1426 469 1464 uxorum
483 1410 531 1471 sit,
544 1426 677 1464 amorem
690 1427 778 1465 suum
791 1412 828 1465 ad
849 1412 972 1466 maritos
991 1412 1021 1465 in
1038 1412 1145 1468 intimo
1158 1413 1290 1484 petloris
1304 1413 1354 1473 sui,

231 1499 283 1543 aut
297 1490 326 1542 in
341 1489 441 1543 medio
453 1489 554 1543 cordis
567 1489 621 1550 sui,
635 1490 797 1544 recondere
806 1489 837 1544 ?”

287 1568 488 1623 inchoabatur
502 1568 668 1630 ventilatio,
682 1579 713 1622 et
729 1569 856 1638 primum
874 1569 1048 1624 conclusum
1065 1586 1083 1625 a
1097 1570 1170 1626 viris
1187 1583 1261 1633 erat,
1274 1572 1354 1642 quod

230 1648 328 1702 omnis
341 1646 452 1702 femina
461 1648 533 1702 velit
544 1649 669 1720 pulchra
679 1648 754 1703 facie
767 1661 798 1703 et
811 1649 934 1718 pulchra
946 1650 1077 1704 moribus
1090 1649 1195 1713 videri,
1205 1651 1277 1721 quia
1290 1663 1355 1706 nata

230 1738 276 1782 est
285 1726 406 1782 afletlio
416 1728 533 1789 amoris,
544 1739 575 1783 et
588 1727 684 1782 forma
697 1728 788 1798 hujus
800 1727 970 1783 atledlionis
982 1740 1029 1783 est
1043 1729 1253 1799 pulchritudo:
1266 1747 1354 1801 quare

230 1805 340 1861 lemina
353 1822 429 1878 quae
443 1823 504 1862 non
517 1809 583 1861 vult
602 1808 726 1878 pulchra
738 1824 811 1869 esse,
826 1824 886 1862 non
901 1818 949 1862 est
963 1806 1075 1863 lemina
1088 1825 1165 1880 quae
1179 1809 1246 1864 vult
1257 1826 1354 1875 amare

229 1895 260 1940 et
273 1887 375 1949 amari,
388 1897 420 1941 et
432 1887 502 1941 inde
516 1903 576 1941 non
589 1903 658 1941 vere
673 1886 791 1940 lemina.

283 1966 332 2021 Ad
343 1965 417 2021 haec
429 1982 539 2020 uxores
551 1966 701 2026 dixerunt.
716 1974 732 1994 ⁴⁴
743 1965 940 2020 Pulchritudo
953 1964 1082 2022 feminae
1095 1966 1213 2021 habitat
1226 1967 1258 2021 in
1272 1968 1352 2021 molli

229 2045 396 2108 teneritate,
410 2055 442 2100 et
461 2045 530 2100 inde
551 2046 579 2099 in
599 2045 747 2115 exquisita
759 2046 946 2107 sensatione;
972 2045 1042 2099 inde
1060 2056 1107 2100 est
1126 2062 1213 2100 amor
1225 2045 1352 2102 feminae

229 2125 265 2179 ad
279 2126 384 2186 virum,
398 2136 429 2179 et
441 2141 526 2179 amor
537 2125 592 2179 viri
605 2127 643 2178 ad
657 2123 816 2185 leminam;
835 2141 890 2178 vos
905 2125 981 2178 forte
995 2125 1052 2179 hoc
1066 2141 1126 2179 non
1142 2126 1335 2197 intelligitis.''

282 2204 420 2258 Alterum
434 2204 608 2259 conclusum
621 2204 752 2258 virorum
773 2214 844 2264 crat,
858 2205 940 2274 quod
961 2204 1071 2258 femina
1089 2215 1159 2258 ante
1178 2206 1350 2277 conjugium

230 2283 303 2338 velit
316 2285 440 2354 pulchra
451 2300 516 2339 esse
531 2300 584 2353 pro
598 2283 677 2345 viris,
691 2295 722 2337 at
736 2294 804 2353 post
818 2284 993 2355 conjugium
1013 2283 1037 2338 si
1057 2295 1138 2338 casta
1151 2296 1206 2347 est,
1220 2301 1276 2354 pro
1288 2284 1352 2340 solo¹

229 2364 301 2425 viro,
315 2374 345 2417 ct
359 2380 418 2418 non
433 2380 487 2433 pro
500 2363 579 2417 viris.

283 2444 331 2497 Ad
352 2444 409 2497 hoc
425 2443 564 2497 dixerunt
580 2458 697 2503 uxores,
714 2442 867 2496 “Maritus
883 2452 1043 2512 postquam
1060 2442 1205 2497 libaverat
1222 2443 1350 2513 pulchri·

227 2523 362 2577 tudinem
379 2522 542 2576 naturalem
558 2522 667 2583 uxoris,
684 2538 744 2575 non
764 2522 847 2575 videt
864 2522 943 2574 illam
960 2522 1095 2591 amplius,
1111 2523 1164 2575 sed
1184 2522 1270 2577 videt
1287 2523 1351 2592 ejus

228 2602 479 2672 pulchritudinem
490 2600 680 2670 spiritualem,
691 2613 721 2655 et
734 2616 771 2654 ex
785 2601 840 2655 hac
853 2603 996 2662 redamat,
1005 2617 1040 2655 ac
1053 2612 1174 2656 revocat
1186 2603 1348 2657 naturalem

227 2682 279 2735 sed
293 2683 348 2735 suh
361 2681 419 2735 alia
432 2680 558 2750 specie.'’

280 2760 462 2815 Conclusum
472 2759 593 2812 tertium
604 2758 808 2813 ventilationis
820 2759 937 2812 illorum
948 2767 1019 2820 erat,
1029 2760 1111 2829 quod
1124 2759 1149 2814 si
1160 2758 1273 2815 femina
1283 2770 1348 2831 post

226 2839 400 2910 conjugium
416 2839 481 2892 vult
497 2838 633 2892 similiter
646 2839 769 2907 pulchra
782 2839 883 2899 videri,
897 2839 975 2892 sicut
990 2850 1060 2893 ante
1077 2839 1159 2900 illud,
1172 2848 1255 2893 amet
1270 2841 1347 2894 viros

225 2930 256 2973 et
270 2936 329 2974 non
341 2918 445 2978 virum,
457 2925 472 2946 ¹·
481 2917 551 2987 quia
564 2916 674 2971 femina
687 2933 717 2971 se
731 2933 834 2971 amans
848 2934 884 2971 ex
899 2918 1120 2988 pulchritudine
1134 2934 1195 2981 sua,
1206 2919 1346 2974 continue

226 2998 291 3052 vult
311 3007 343 3051 ut
363 2997 557 3068 pulchritudo
572 3013 626 3051 sua
640 2997 757 3057 libetur,
774 3008 804 3050 et
823 2998 893 3067 quia
910 2998 983 3051 haec
1003 3013 1062 3051 non
1082 2997 1211 3067 amplius
1226 3008 1346 3069 apparet

227 3076 299 3139 viro,
313 3087 346 3130 ut
359 3076 484 3138 dixistis,
498 3077 563 3131 vult
576 3087 609 3131 ut
622 3093 641 3131 a
652 3076 732 3136 viris,
743 3093 843 3130 coram
854 3077 962 3146 quibus
972 3086 1112 3147 apparet;
1130 3077 1212 3147 quod
1227 3078 1298 3134 huic
1309 3077 1345 3132 sit

224 3172 309 3210 amor
321 3172 417 3217 sexus,
430 3165 461 3210 et
477 3172 537 3210 non
550 3171 635 3211 arnor
647 3155 735 3209 unius
745 3172 782 3209 ex
795 3171 876 3215 sexu,
892 3155 1002 3225 patet.'’

279 3236 328 3289 Ad
339 3235 412 3290 haec
425 3235 634 3290 conticuerunt
647 3250 771 3294 uxores:
792 3235 1018 3288 murmurabant
1028 3245 1128 3288 tamen
1139 3235 1221 3297 haec,
1235 3234 1346 3307 “Quae

226 3314 332 3368 mulier
346 3315 495 3376 daturita
513 3331 618 3385 expers
631 3314 779 3375 vanitatis,
794 3325 827 3367 ut
847 3331 906 3368 non
922 3314 995 3368 velit
1011 3314 1134 3384 pulchra
1146 3314 1240 3370 videri
1256 3316 1344 3370 etiam

225 3394 302 3456 viris,
316 3394 404 3448 simul
418 3395 489 3447 dum
503 3410 558 3448 suo
571 3395 660 3448 unico
669 3392 699 3447 ?''

278 3473 450 3527 Audiebant
463 3473 537 3528 haec
547 3473 663 3544 aliquae
674 3488 781 3527 uxores
795 3488 812 3526 e
825 3473 916 3533 caelo,
926 3488 1002 3542 quae
1016 3481 1102 3526 erant
1115 3471 1268 3541 pulchrae,
1277 3472 1344 3543 quia

223 3549 399 3607 affedliones
417 3553 568 3613 caelestes,
588 3563 619 3606 et
644 3551 701 3606 tria
719 3552 861 3606 conclusa
880 3552 1009 3605 virorum
1030 3551 1266 3612 confirmabant:
1293 3552 1341 3608 sed

223 3631 412 3692 addiderunt,
432 3640 447 3660 ⁴·
458 3631 552 3685 Modo
563 3641 666 3686 ament
684 3647 767 3685 suam
789 3631 1041 3701 pulchritudinem
1068 3641 1099 3685 et
1123 3631 1189 3700 ejus
1213 3642 1342 3692 ornatus,

224 3721 346 3782 propter
357 3727 427 3765 suos
441 3712 572 3773 maritos,
585 3721 616 3765 et
629 3712 666 3765 ab
681 3711 764 3764 illis.''

276 3802 359 3862 331.
379 3791 452 3845 Tres
468 3791 535 3845 illae
547 3806 655 3844 uxores
668 3789 846 3860 indignatae,
860 3788 941 3859 quod
955 3789 1131 3843 confirmata
1143 3789 1204 3844 sint
1219 3806 1256 3845 ex
1272 3806 1342 3845 uxo-

224 3870 304 3925 ribus
323 3887 339 3925 e
358 3871 441 3924 caelo
456 3869 513 3923 tria
525 3870 668 3924 conclusa
681 3868 822 3930 virorum,
836 3869 976 3922 dixerunt
989 3869 1026 3923 ad
1043 3869 1132 3931 viros,
1146 3869 1234 3924 “Vos
1248 3869 1344 3940 inqui·.

223 3950 342 4010 sivistis,
357 3965 427 4002 num
444 3949 557 4009 mulier,
574 3964 647 4018 quac
661 3958 741 4001 amat
754 3965 785 4001 se
799 3964 835 4001 ex
850 3949 1072 4017 pulchritudine
1085 3964 1146 4009 sua,
1159 3957 1241 4002 amet
1256 3964 1339 4003 suum

223 4030 337 4092 virum;
356 4045 411 4082 nos
426 4029 491 4082 vice
507 4043 592 4082 versa
607 4028 674 4082 ideo
688 4027 906 4088 ventilabimus,
920 4044 990 4080 num
1004 4027 1058 4089 vir,
1071 4026 1122 4097 qui
1135 4043 1167 4081 se
1183 4043 1220 4081 ex
1236 4026 1341 4082 intelli·

223 4108 326 4179 gentia
338 4124 392 4163 sua
403 4117 492 4168 amat,
506 4107 600 4177 possit
613 4123 712 4161 amare
725 4123 808 4161 suam
822 4122 945 4160 uxorem
958 4124 964 4166 ς
983 4107 1086 4161 adeste
1099 4117 1129 4161 et
1142 4106 1273 4161 audite.”

279 4187 317 4242 Et
335 4186 470 4242 lecerunt
486 4187 613 4256 primum
629 4187 819 4240 conclusum:
835 4185 967 4240 “Omnis
982 4202 1057 4240 uxor
1073 4202 1132 4240 non
1148 4194 1230 4240 amat
1244 4185 1338 4239 virum

223 4283 311 4322 suum
325 4283 363 4321 ex
375 4266 458 4327 lacie,
471 4266 524 4320 sed
537 4283 574 4321 ex
592 4265 785 4336 intelligentia
799 4265 827 4318 in
841 4265 907 4335 ejus
916 4263 1015 4320 officio
1024 4276 1056 4319 et
1069 4264 1216 4326 moribus:
1235 4266 1340 4319 scitote

225 4346 324 4415 itaque
342 4345 423 4416 quod
440 4361 515 4400 uxor
532 4342 616 4398 uniat
635 4360 666 4399 se
685 4360 752 4398 cum
770 4343 970 4414 intelligentia
982 4344 1045 4405 viri,
1061 4355 1092 4398 et
1111 4344 1153 4398 sic
1172 4359 1240 4397 cum
1260 4343 1338 4402 viro:

223 4440 314 4496 quare
324 4425 369 4479 vir
378 4425 404 4481 si
414 4434 494 4480 amat
504 4439 536 4479 se
548 4439 585 4478 ex
595 4439 649 4478 sua
662 4422 867 4493 intelligentia,
878 4422 1002 4478 retrahit
1013 4423 1093 4478 illam
1103 4425 1142 4477 ab
1155 4438 1248 4478 uxore
1260 4422 1290 4480 in
1297 4437 1337 4481 se.
