2782 5026
195 434 258 502 374
530 425 778 481 vouurrsrss
800 428 987 481 russnma

192 625 281 690 quae
309 601 395 668 fiunt
425 603 470 667 ab
498 600 576 676 illis,
600 600 657 684 qui
679 601 818 685 quidem
840 611 986 684 possunt
1009 601 1191 668 consulere
1211 590 1302 669 intel
1316 604 1345 627 ‘

192 698 331 775 lectum,
357 699 417 764 sed
447 709 589 781 propter
616 699 860 779 contingentes
882 718 1005 763 causas
1034 699 1102 763 illis
1131 697 1303 764 momenti
1348 683 1365 727 Β

192 815 264 861 non
283 802 439 877 possunt.
485 792 553 857 Sed
573 793 642 857 sint
662 793 827 876 exempla
844 792 1091 859 illustrationi:
1122 806 1160 858 ut
1183 796 1212 858 si
1228 816 1314 859 uxor
1346 775 1377 821 ⁴¹

192 892 359 955 meretrix
379 889 517 953 astutiis
535 898 655 972 captat
672 889 824 951 animum
843 889 916 964 viri,
936 889 1123 954 alliciendo
1145 892 1181 954 in
1203 891 1339 955 thala‘
1373 908 1380 915 ·

192 1005 297 1061 mum,
317 996 353 1050 et
373 985 616 1049 exaestuando
634 1004 740 1067 usque
759 984 840 1047 dum
859 984 971 1068 impos
985 983 1102 1067 judicii
1120 987 1258 1064 evadit;
1278 982 1366 1051 el

192 1081 270 1165 plus
293 1082 320 1144 si
344 1092 427 1144 tunc
447 1080 553 1143 etiam
572 1077 690 1161 objicit
710 1079 946 1161 ignominiam,
966 1081 995 1144 si
1015 1099 1107 1144 non:
1139 1083 1267 1164 pariter
1293 1112 1296 1117 ·
1382 1088 1385 1089 ’

192 1176 306 1258 aliqua
319 1195 407 1238 uxor
417 1175 582 1239 meretrix
595 1173 702 1238 callet
715 1174 929 1256 praestigias,
939 1184 999 1238 aut
1010 1174 1186 1240 veneficiis
1198 1190 1386 1241 accen-²

192 1272 245 1335 dit
267 1272 375 1334 virum
400 1291 442 1334 eo
474 1290 580 1352 usque
602 1280 640 1334 ut
670 1279 824 1333 oestrum
847 1270 959 1333 carnis
976 1270 1110 1335 auferat
1128 1270 1314 1336 intelledtui
1331 1258 1370 1279 ‘

193 1366 339 1430 liberum
362 1366 527 1429 rationis:
560 1364 718 1428 similiter
747 1365 776 1428 si
805 1365 857 1428 vir
877 1366 1039 1429 suavibus
1061 1365 1315 1433 alledtamentis
1376 1375 1391 1400 ³

192 1461 333 1538 adducit
353 1479 496 1524 uxorem
512 1459 653 1524 alterius
672 1480 778 1544 usque
797 1460 878 1524 dum
896 1461 1059 1525 voluntas
1077 1461 1149 1544 ejus
1173 1484 1317 1529 accensa

193 1577 263 1620 non
276 1556 422 1639 amplius
433 1577 514 1619 suae
527 1558 705 1638 potentiae
718 1557 763 1620 sit
778 1576 785 1632 ;
810 1567 949 1638 praeter
960 1558 1084 1621 similia
1099 1558 1178 1622 alia.
1218 1559 1316 1641 Quod

192 1651 278 1716 haec
302 1662 339 1715 et
371 1650 489 1732 parilia
508 1652 751 1733 contingentia
769 1651 902 1715 leniant
918 1653 1131 1734 gravitatem
1147 1655 1316 1728 adulterii,

194 1765 235 1811 ac
270 1748 304 1810 in
337 1747 510 1810 mitiorem
534 1756 667 1829 partem
690 1755 832 1810 vertant
860 1748 1138 1829 praedicationes
1159 1752 1318 1832 vituperii

194 1840 265 1924 ejus
288 1862 350 1925 pro
373 1839 516 1905 sedutto
538 1852 598 1905 aut
620 1839 773 1917 sedutla,
790 1844 880 1906 ratio
902 1842 995 1908 lavet
1016 1854 1054 1908 et
1077 1844 1318 1929 adstipulatur.

193 1936 249 2002 De
266 1938 497 2020 imputatione
515 1936 613 2018 hujus
628 1939 754 2019 gradus
770 1938 929 2002 adulterii
949 1941 1111 2021 sequitur.

256 2032 361 2117 489.
386 2030 464 2114 (ix.)
491 2031 589 2110 Quod
606 2031 777 2096 adulteria
811 2032 854 2097 ab
885 2031 942 2096 his
964 2034 1076 2113 falla,
1100 2034 1320 2116 imputator&

195 2126 275 2202 sint,
287 2127 373 2190 sicut
386 2136 504 2208 postea
515 2127 700 2191 intellectus
712 2127 784 2191 illis
790 2129 893 2208 favet
907 2127 962 2191 vel
971 2148 1034 2192 non
1040 2130 1318 2212 favet-Quan-

194 2231 269 2286 tum
293 2219 490 2286 intellectus
508 2222 601 2286 lavet
625 2222 735 2299 malis,
756 2232 892 2287 tantum
911 2223 1016 2287 homo
1034 2227 1237 2308 appropriat
1259 2226 1320 2289 sibi

195 2316 266 2392 illa,
281 2337 321 2381 ac
336 2316 419 2381 facit
431 2337 511 2396 sua;
531 2318 628 2381 favor
642 2329 698 2382 est
712 2336 912 2393 consensus,
926 2337 966 2383 ac
983 2337 1173 2387 consensus
1189 2323 1319 2395 inducit

196 2413 304 2476 menti
327 2422 458 2476 statum
481 2413 608 2476 amoris
632 2412 787 2476 illorum:
819 2413 930 2477 simile
949 2423 1003 2477 est
1026 2431 1104 2477 cum
1128 2416 1318 2492 adulteriis,

195 2528 285 2590 quae
307 2508 476 2590 principio
495 2507 623 2591 absque
647 2528 819 2572 consensu
838 2507 1035 2572 intelletius
1056 2507 1148 2573 lafita
1171 2523 1266 2587 sunt,
1286 2523 1320 2576 et

194 2603 376 2682 laventur,
408 2604 617 2668 contrarium
641 2603 689 2677 lit,
714 2604 742 2667 si
765 2615 888 2686 postea
911 2625 980 2668 non
1003 2605 1184 2682 laventur;
1219 2627 1321 2671 causa

194 2708 260 2774 est,
278 2701 357 2781 quia
372 2699 464 2762 mala
479 2709 538 2763 aut
555 2698 734 2771 adulteria,
752 2720 838 2781 quae
855 2697 939 2762 fiunt
956 2701 989 2762 in
1006 2703 1256 2766 occaecatione
1271 2704 1320 2765 in·

195 2793 369 2867 telledtus
391 2794 476 2859 frunt
500 2815 545 2858 ex
569 2795 850 2875 concupiscentia
868 2796 1032 2878 corporis,
1053 2815 1142 2878 quae
1161 2798 1320 2860 similitu·

195 2888 276 2952 dine
299 2890 469 2953 accedunt
500 2890 543 2953 ad
574 2887 767 2963 instinctus,
792 2889 911 2972 quales
935 2901 1014 2955 sunt
1046 2892 1136 2973 apud
1168 2893 1320 2956 bestias:

194 2985 285 3066 apud
305 2977 481 3047 hominem
501 2985 636 3067 quidem
657 2982 853 3048 intelledtus
871 2985 973 3050 adest
991 2987 1071 3050 dum
1092 2985 1190 3063 fiunt,
1208 2989 1270 3052 sed
1289 2989 1321 3051 in

194 3081 229 3142 vi
252 3081 389 3160 passiva
412 3101 471 3142 seu
492 3091 637 3153 mortua,
660 3099 727 3141 non
751 3091 868 3142 autem
892 3082 926 3143 in
956 3082 989 3143 vi
1013 3078 1125 3144 adliva
1149 3102 1210 3145 seu
1234 3084 1320 3145 viva.

194 3174 252 3239 Ex
270 3176 322 3238 his
341 3195 413 3238 ase
430 3177 591 3258 sequitur,
606 3176 697 3257 quod
714 3175 798 3238 talia
815 3194 884 3238 non
897 3177 1118 3259 imputentur,
1134 3178 1198 3240 nisi
1214 3197 1321 3261 quan·

194 3280 268 3334 tum
286 3281 408 3352 postea
425 3270 583 3334 laventur
601 3271 656 3334 vel
676 3291 744 3334 non
764 3270 930 3334 laventur.
977 3271 1040 3335 Per
1054 3272 1322 3353 imputationem

195 3365 401 3446 intelligitur
423 3365 477 3429 hic
501 3367 671 3430 incusatio
695 3377 773 3447 post
799 3378 957 3442 mortem,
982 3376 1018 3431 et
1041 3367 1120 3430 inde
1142 3366 1321 3448 judicatio,

195 3482 284 3545 quae
314 3462 352 3525 fit
379 3463 567 3525 secundum
591 3472 721 3525 statum
745 3464 883 3545 spiritus
906 3464 1073 3526 hominis:
1105 3482 1175 3526 non
1203 3475 1320 3530 autem

195 3557 401 3639 intelligitur
420 3556 608 3639 inculpatio
631 3559 676 3622 ab
698 3558 837 3621 homine
856 3578 971 3622 coram
988 3557 1121 3640 judice;
1147 3559 1235 3624 haec
1254 3582 1322 3625 non

196 3651 233 3715 fit
258 3653 444 3716 secundum
468 3663 597 3717 statum
621 3655 758 3736 spiritus
782 3653 863 3735 ejus,
888 3655 950 3716 sed
973 3655 1124 3735 corporis
1152 3656 1186 3717 in
1210 3654 1323 3735 factm

196 3767 283 3830 quae
300 3749 363 3810 nisi
382 3747 567 3823 differrent,
585 3760 664 3830 post
685 3757 832 3812 mortem
849 3749 1112 3812 absolverentur
1129 3751 1187 3831 qui
1207 3750 1323 3813 absol-

196 3854 322 3906 vuntur
344 3844 378 3905 in
402 3844 541 3918 mundo,
561 3855 597 3907 et
621 3844 933 3908 condemnarentur
952 3845 1008 3927 qui
1031 3843 1244 3908 damnantur
1266 3846 1322 3921 ibi,

195 3939 297 4001 etsie
318 3959 385 4001 non
405 3939 457 4001 his
473 3938 560 4001 soret
580 3939 692 4022 aliqua
710 3960 789 4022 spes
808 3939 938 4003 salutis.

260 4049 367 4116 490.
392 4033 459 4116 (x.)
485 4033 583 4112 Quod
600 4034 769 4098 adulteria
791 4035 887 4098 tertii
901 4033 1035 4116 gradus
1061 4033 1133 4097 sint
1153 4034 1325 4099 adulteria

197 4129 350 4200 rationis,
375 4149 458 4210 quae
470 4128 564 4212 fiunt
589 4129 632 4192 ab
654 4129 806 4212 illisqui
826 4128 990 4192 intelleliu
1011 4129 1212 4212 confirmant
1233 4131 1326 4212 quod

198 4241 261 4283 non
293 4222 384 4287 mala
412 4223 541 4304 peccati
570 4223 817 4287 sint—Omnis
850 4224 956 4287 homo
988 4225 1064 4297 scit,
1096 4225 1189 4305 quod
1220 4226 1324 4289 detur

198 4316 358 4381 voluntas
375 4327 410 4381 et
427 4317 642 4396 intelled'tus;
668 4339 746 4382 nam
760 4320 841 4382 dum
858 4318 1017 4402 loquitur,
1031 4319 1126 4393 dicit,
1145 4318 1224 4382 Hoc
1241 4320 1322 4383 volo

197 4423 235 4477 et
254 4412 319 4477 hoc
343 4415 519 4496 intelligo;
546 4425 582 4479 at
601 4437 706 4499 usque
726 4435 794 4479 non
819 4416 1010 4498 distinguit,
1031 4414 1093 4478 sed
1118 4435 1222 4479 unum
1241 4416 1328 4503 lacit
