2782 5026
146 434 209 515 364
479 438 727 493 votorum-:s
750 438 936 490 nussum

195 612 256 669 Sed
275 612 397 683 quidam
412 611 537 682 angelus
557 626 575 666 e
595 610 681 665 caelo
695 608 864 681 despiciens
879 608 997 664 audivit
1020 609 1081 671 illa,
1096 619 1129 664 et
1151 609 1260 680 abrupit

141 709 320 752 termonem,
333 707 372 746 ne
386 691 512 745 ulterius
525 691 756 761 progrederetur
770 689 808 743 ad
825 687 1048 760 profanandum
1061 689 1221 761 conjugia;
1237 702 1265 744 et

141 772 219 827 dixit
229 771 281 833 illi,
291 770 456 825 “Ascende
469 770 536 832 huc,
545 779 576 823 et
588 769 626 823 ad
640 769 742 823 vivum
754 770 929 823 monstrabo
939 768 1013 841 quid
1023 769 1143 824 caelum
1154 780 1186 825 et
1197 769 1265 842 quid

141 850 300 913 infernum,
314 861 345 904 et
360 849 449 919 quale
465 848 524 903 hoc
538 858 586 903 est
600 848 816 902 scortatoribus
829 846 1017 903 confirmatis
1026 847 1054 904 :”
1072 858 1105 904 et
1121 859 1266 904 monstra-

140 931 185 985 vit
197 928 285 992 viam,
299 939 330 983 et
342 928 486 983 ascendit.

195 1008 234 1063 Et
247 1020 317 1079 post
328 1008 531 1078 receptionem
541 1007 709 1061 ducebatur
717 1006 847 1077 primum
862 1007 891 1060 in
903 1006 1028 1061 hortum
1039 1007 1267 1078 paradisiacum,

141 1088 192 1142 ubi
202 1098 289 1143 erant
297 1089 419 1142 arbores
429 1085 544 1140 lruiius
553 1098 585 1141 et
597 1087 694 1148 flores,
704 1102 782 1156 quae
791 1103 828 1141 ex
839 1087 1073 1157 pulchritudine.
1083 1088 1268 1143 amoenitate

140 1177 173 1222 et
191 1166 356 1237 fragrantia
370 1166 535 1235 implebant
551 1165 670 1220 animos
685 1166 801 1220 deliciis
816 1167 913 1228 vitae;
931 1182 1009 1237 quae
1024 1167 1099 1221 dum
1115 1167 1204 1229 vidit,
1218 1168 1268 1221 ad·

141 1245 306 1300 mirabatur
314 1245 514 1300 admiratione
525 1261 643 1316 magna,
654 1245 707 1298 sed
721 1256 785 1299 erat
794 1256 868 1299 tunc
882 1245 911 1299 in
922 1245 989 1300 visu
998 1257 1137 1308 enemo,
1149 1246 1179 1299 in
1189 1245 1267 1317 quali

141 1323 199 1378 luit
217 1324 247 1378 in
268 1324 389 1385 mundo.
403 1340 470 1378 cum
491 1323 596 1394 parilia
607 1324 693 1385 vidit.
707 1335 739 1378 et
758 1323 788 1377 in
807 1324 867 1378 hoc
881 1325 948 1379 visu
964 1334 1029 1379 erat
1045 1326 1218 1381 rationalis:
1239 1326 1268 1379 in

138 1402 206 1458 visu
221 1412 322 1458 autem
339 1403 466 1466 interno,
481 1403 510 1456 in
526 1419 588 1474 quo
603 1404 749 1458 scortatio
765 1404 876 1474 primas
891 1405 1009 1475 agebat,
1022 1414 1055 1458 et
1070 1421 1164 1460 omne
1177 1420 1268 1476 punc-

139 1492 205 1536 tum
219 1483 414 1553 cogitationis
427 1483 605 1552 occupabat,
618 1499 679 1537 non
695 1493 760 1537 erat
775 1484 946 1538 rationalis:
963 1499 1059 1554 quare
1071 1485 1268 1540 claudebatur

139 1561 222 1616 visus
228 1571 378 1623 externus,
386 1572 418 1616 et
427 1562 615 1633 aperiebatur
624 1563 865 1625 visusintemus;
879 1579 940 1633 quo
950 1575 1057 1634 aperto
1066 1564 1155 1627 dixit,
1164 1571 1180 1594 ‘¹
1187 1562 1267 1636 Quid

139 1656 220 1695 nunc
232 1640 342 1696 video?
361 1657 461 1696 nonne
470 1652 636 1697 stramenta
648 1652 679 1697 et
691 1642 774 1712 ligna
781 1640 886 1697 arida?
918 1642 956 1697 Et
969 1643 1043 1715 quid
1055 1660 1137 1698 nunc
1149 1642 1267 1701 sentio?

139 1736 240 1776 nonne
252 1719 463 1776 maleolentia?
501 1720 561 1776 Ubi
575 1737 654 1775 nunc
667 1720 889 1792 paradisiaca?”

193 1801 231 1856 Et
241 1801 317 1855 dlxit
327 1802 459 1871 angelus,
469 1808 486 1830 ⁴⁸
495 1801 530 1856 ln
541 1802 712 1873 propinquo
722 1813 793 1856 sunt
805 1814 837 1857 et
849 1803 968 1864 adsunt,
979 1802 1033 1857 sed
1048 1819 1109 1857 non
1121 1815 1268 1876 apparent

137 1896 239 1935 coram
250 1881 315 1935 visu
328 1892 383 1935 tuo
394 1881 521 1941 interno.
532 1882 583 1952 qui
597 1893 642 1936 est
655 1881 858 1942 scortatorius,
869 1882 919 1936 hic
931 1882 1012 1937 enim
1024 1884 1116 1938 vertit
1126 1884 1269 1939 caelestia

138 1960 168 2014 in
180 1958 343 2021 inlemalia
353 1970 385 2014 et
397 1976 457 2014 non
468 1959 551 2015 videt
563 1959 620 2014 nisi
629 1961 778 2031 opposita.
818 1959 872 2016 Est
884 1961 980 2016 cuivis
991 1962 1107 2017 homini
1121 1978 1210 2019 mens
1223 1964 1267 2018 in·

137 2048 224 2094 terna
242 2049 274 2094 et
293 2054 377 2093 mens
391 2049 523 2101 externa.
539 2039 583 2094 sic
601 2040 684 2095 visus
700 2040 837 2094 internus
854 2050 885 2096 et
905 2041 987 2095 visus
1006 2052 1168 2105 extemus;
1186 2043 1267 2115 apud

139 2118 234 2173 nudos
247 2135 332 2173 mens
345 2119 461 2173 interna
476 2119 587 2173 insanit
601 2130 633 2174 et
650 2129 775 2174 externa
786 2120 873 2189 sapit.
886 2131 921 2174 at
938 2122 1019 2191 apud
1035 2122 1135 2178 bonos
1148 2122 1268 2179 interna

137 2198 224 2268 sapit.
238 2207 269 2252 et
283 2214 320 2252 ex
334 2197 390 2251 hac
402 2198 492 2252 etiam
507 2208 645 2262 externa;
664 2208 695 2253 et
708 2199 787 2253 sicut
799 2215 884 2255 mens
897 2210 953 2263 est,
967 2201 1010 2254 ita
1023 2200 1117 2257 homo
1134 2201 1166 2256 in
1179 2202 1266 2274 spiri·

137 2277 210 2332 tuali
225 2277 339 2331 mundo
353 2277 437 2332 videt
448 2275 592 2348 objedtal'

191 2355 266 2410 Post
276 2357 351 2410 haec
361 2356 486 2426 angelus
498 2372 534 2411 ex
548 2356 683 2427 potentia
695 2356 751 2411 sibi
765 2357 836 2412 data
845 2357 974 2413 occlusit
986 2358 1053 2430 ejus
1062 2359 1162 2414 visum
1173 2359 1268 2416 inter·

137 2451 218 2496 num,
233 2446 266 2490 et
286 2436 403 2506 aperuit
421 2447 586 2497 externum,
606 2446 637 2490 et
659 2436 826 2491 deducebat
849 2437 931 2491 illum
954 2454 1008 2508 per
1030 2449 1134 2508 portas
1156 2456 1266 2495 versus

138 2515 337 2569 meditullium
353 2515 582 2577 habitationum,
598 2525 629 2570 et
647 2515 724 2569 vidit
740 2517 849 2586 palatia
868 2517 1027 2588 magnifica
1045 2535 1083 2573 ex
1101 2520 1268 2581 alabastro,

139 2610 293 2656 marmore.
309 2605 340 2649 et
358 2595 441 2648 vario
456 2594 555 2664 lapide
571 2595 713 2665 pretioso.
729 2606 759 2650 et
777 2596 863 2665 juxta
879 2596 928 2650 illa
943 2597 1085 2667 porticus.
1099 2609 1130 2652 et
1150 2601 1266 2654 circum

135 2673 215 2728 circa
227 2674 382 2728 columnas
394 2671 624 2743 superinductus
639 2685 669 2728 et
682 2673 902 2729 circumductas
915 2675 1083 2746 insignibus
1099 2689 1131 2732 et
1147 2679 1266 2733 decori-

137 2752 193 2807 bus
213 2753 384 2822 stupendis:
410 2769 486 2823 quae
505 2768 573 2806 cum
591 2753 677 2812 vidit.
696 2754 862 2825 obstupuit,
881 2765 912 2809 et
930 2755 1014 2816 dixit.
1026 2754 1132 2827 “Quid
1152 2756 1269 2813 video?

135 2831 225 2886 video
241 2831 398 2903 magnifica
413 2832 443 2886 in
460 2833 523 2901 ipsa
537 2849 592 2887 sua
606 2833 836 2903 magnificentia.
849 2844 881 2889 et
895 2833 1132 2891 architedlonica
1149 2837 1179 2892 in
1197 2839 1265 2909 ipsa

135 2926 190 2966 sua
204 2921 277 2966 arte.
313 2912 357 2965 At
372 2922 445 2965 tunc
457 2911 582 2982 angelus
595 2911 703 2966 iterum
716 2912 845 2967 occlusit
857 2914 922 2983 ejus
935 2915 1032 2969 visum
1046 2925 1218 2979 externum.
1232 2929 1265 2973 et

134 2990 250 3060 aperuit
264 2990 424 3051 internum,
437 2990 488 3060 qui
502 2991 598 3046 malus
611 2991 681 3061 quia
693 2991 781 3046 foede
794 2994 991 3048 scortatorius
1002 3005 1067 3049 erat
1078 3013 1084 3057 ;
1104 3012 1168 3066 quo
1181 2996 1264 3053 ladio

134 3069 311 3124 exclamavit
321 3069 433 3130 dicens,
444 3067 547 3140 “Quid
562 3087 642 3125 nunc
654 3070 765 3126 video?
784 3072 834 3126 ubi
845 3071 930 3126 sum?
949 3073 1000 3127 ubi
1013 3090 1094 3129 nunc
1107 3077 1222 3147 palatia
1232 3088 1266 3133 et

134 3147 314 3219 magnilica?
351 3148 449 3203 Video
461 3160 567 3210 strues.
580 3150 688 3205 rudera
699 3161 732 3205 et
743 3151 933 3207 cavernosa.”

188 3230 232 3283 At
251 3243 321 3281 mox
340 3226 479 3283 reduetus
498 3239 543 3282 est
563 3229 593 3282 in
613 3239 778 3291 externum,
794 3246 830 3284 ac
848 3230 1038 3287 introdudlus
1057 3232 1087 3287 in
1107 3250 1203 3288 unum
1223 3253 1262 3291 ex

134 3307 269 3379 palatiis;
290 3317 321 3361 et
336 3306 412 3361 vidit
427 3307 636 3362 decorationes
652 3319 814 3379 portarum,
830 3308 1037 3372 fenestrarum.
1053 3312 1214 3381 parietum,
1230 3328 1263 3371 et

133 3385 290 3449 tessorum,
308 3386 454 3457 imprimis
468 3387 649 3448 utensilium,
665 3403 755 3457 super
768 3388 878 3458 quibus
896 3401 928 3444 et
945 3390 1058 3444 circum
1073 3406 1153 3461 quae
1169 3407 1259 3450 erant

133 3466 246 3521 lormae
261 3466 406 3520 caelestes
425 3482 464 3519 ex
483 3483 556 3520 auro
574 3476 605 3521 et
624 3467 773 3536 lapidibus
788 3468 936 3537 pretiosis,
951 3485 1029 3540 quae
1047 3486 1108 3526 non
1128 3487 1262 3542 possunt

134 3545 203 3600 ullis
215 3547 340 3600 vocibus
352 3545 489 3607 describi,
501 3561 556 3600 nec
569 3547 630 3600 ulla
641 3556 706 3600 arte
717 3546 869 3610 delineari,
880 3558 965 3603 erant
977 3549 1058 3603 enim
1070 3566 1164 3621 supra
1177 3553 1261 3609 ideas

133 3640 251 3687 vocum,
262 3635 293 3680 et
305 3640 395 3695 supra
407 3625 547 3680 notiones
557 3625 639 3679 artis.
678 3625 735 3681 His
745 3627 817 3681 visis
827 3626 934 3682 iterum
945 3629 1135 3692 exclamavit.
1143 3632 1260 3695 dicens.

134 3704 245 3760 “Haec
264 3705 328 3774 ipsa
346 3703 470 3759 mirifica
487 3714 565 3766 sunt.
581 3720 657 3774 quae
673 3706 777 3760 oculus
793 3723 940 3777 nusquam
956 3707 1074 3762 viderat
1083 3709 1109 3772 ;”
1133 3721 1166 3766 at
1185 3722 1260 3768 tunc

133 3783 322 3854 aperiebatur
334 3784 417 3838 visus
430 3784 495 3854 ejus
511 3784 653 3845 internus,
667 3785 769 3839 clauso
781 3797 915 3848 externo,
929 3797 963 3840 ut
978 3787 1068 3857 prius,
1081 3797 1114 3843 et
1130 3789 1260 3847 interro-

132 3863 259 3934 gabatur
271 3863 344 3934 quid
358 3879 438 3918 nunc
450 3863 582 3924 videret;
601 3873 633 3917 et
648 3865 813 3933 respondit,
827 3865 921 3921 “Non
937 3867 995 3921 nisi
1007 3884 1097 3939 quam
1112 3871 1261 3928 macerias

133 3941 183 3997 hic
194 3959 231 3997 ex
243 3943 350 4013 juncis,
363 3942 413 3997 hic
426 3959 463 3998 ex
475 3943 657 4004 stramentis,
670 3953 701 3998 et
714 3944 763 3998 hic
775 3960 813 3999 ex
824 3945 983 4001 torribus.”

185 4020 244 4077 Sed
259 4020 420 4091 perduiius
432 4032 478 4076 est
490 4022 590 4076 adhuc
606 4022 635 4075 in
649 4033 760 4076 statum
774 4024 886 4079 mentis
898 4035 1065 4088 externum,
1078 4037 1110 4082 et
1124 4028 1259 4085 adduce·

131 4101 242 4155 bantur
259 4102 398 4171 virgines,
414 4117 490 4172 quae
509 4111 594 4156 erant
614 4100 824 4164 lormositates,
840 4104 912 4174 quia
928 4106 1066 4162 caelestis
1083 4106 1257 4167 aliedlionis

131 4181 286 4251 imagines,
305 4191 336 4235 et
356 4180 411 4236 hae
429 4197 504 4235 voce
525 4179 692 4236 aliedlionis
710 4198 781 4236 suae
800 4183 884 4237 suavi
911 4184 994 4237 illum
1014 4185 1255 4257 alloquebantur.

130 4270 162 4315 et
183 4270 256 4314 tunc
273 4277 310 4315 ex
329 4260 401 4315 visis
419 4270 450 4315 et
471 4261 581 4315 auditis
600 4262 772 4314 mutabatur
790 4259 881 4317 iacies
898 4263 972 4333 ejus,
991 4274 1078 4320 etex
1096 4283 1130 4321 se
1149 4267 1180 4321 in
1199 4285 1255 4325 sua

131 4339 256 4400 interna,
272 4356 348 4409 quae
363 4351 449 4394 erant
465 4341 650 4402 scortatoris,
667 4341 765 4401 rediit,
780 4358 857 4412 quae
872 4343 942 4412 qula
957 4359 1018 4397 non
1032 4346 1186 4401 sustinent
1200 4348 1254 4403 ali·

130 4419 203 4490 quid
216 4420 326 4474 amoris
341 4420 486 4482 caelestis,
500 4430 530 4474 et
543 4420 675 4476 vicissim
689 4437 744 4476 nec
756 4421 943 4477 sustinentur
954 4424 992 4477 ab
1003 4440 1107 4482 amore
1118 4427 1253 4491 caelesti.
