2782 5026
133 421 196 506 356
464 436 711 488 vouurrnrss
734 438 918 490 russulas

131 605 323 687 legitimam
338 613 374 668 et
386 603 514 686 justam
530 606 784 688 separationem
800 608 845 672 ab
860 629 980 683 uxore,
994 608 1151 673 seminam
1163 607 1218 673 locu

131 698 203 780 ejus
218 700 251 762 in
268 700 464 763 consociam
476 697 556 763 lecti
568 701 770 765 adsciscere.
816 699 919 782 Quod
935 702 1021 767 haec
1037 704 1107 768 duo
1117 719 1220 786 genera

129 795 379 857 concubinatus
397 795 489 857 inter
506 814 544 857 se
561 795 760 860 abalienata
777 797 847 859 sint
866 797 954 860 sicut
973 797 1120 861 linteum
1136 795 1223 862 sordi·

129 888 211 950 dum
233 908 254 951 a
277 887 403 962 lavato,
423 888 467 950 ab
490 888 568 962 illis,
587 889 642 970 qui
665 889 805 953 elimate
827 899 864 953 et
886 889 1051 955 distincte
1073 892 1228 955 intuentur

130 1002 196 1056 res,
220 991 338 1064 potest
360 982 488 1058 videri;
518 991 555 1045 at
578 983 623 1045 ab
645 982 713 1045 illis
735 983 790 1065 qui
814 984 955 1048 confuse
978 995 1014 1048 et
1037 982 1231 1055 indistinlle,

129 1095 199 1139 non
222 1085 361 1158 potest;
392 1076 497 1138 immo
519 1076 563 1139 ab
585 1075 652 1139 illis
674 1076 731 1159 qui
752 1078 787 1139 in
809 1096 926 1140 amore
948 1077 1136 1159 conjugiali
1157 1087 1235 1151 suut,

130 1179 259 1250 potest,
279 1189 348 1232 non
367 1180 483 1232 autem
502 1169 546 1233 ab
565 1169 704 1252 illisqui
724 1170 757 1232 iu
773 1189 889 1233 amore
908 1171 1069 1236 adulterii
1088 1182 1192 1251 sunt;
1211 1171 1239 1236 hi

130 1264 164 1326 in
184 1260 285 1327 nocte
304 1274 383 1326 sunt
407 1264 450 1326 de
472 1261 604 1327 cunctis
627 1264 895 1328 derivationibus
913 1268 1041 1329 amoris
1065 1288 1185 1343 sexus,
1203 1267 1244 1331 illi

130 1367 247 1421 autem
270 1359 303 1420 in
322 1359 377 1421 die
401 1359 444 1421 de
466 1357 534 1422 illis
553 1369 652 1421 sunt:
684 1369 721 1421 at
745 1379 849 1441 usque
869 1359 918 1422 illi
940 1362 998 1442 qui
1021 1361 1055 1424 in
1079 1362 1245 1428 adulterio

129 1461 221 1524 sunt,
235 1462 379 1532 possunt
392 1452 623 1515 derivationes
636 1452 712 1515 illas
727 1462 764 1515 et
780 1452 899 1515 harum
912 1453 1111 1518 discrimina
1124 1458 1249 1533 videre,

130 1565 201 1608 non
224 1547 360 1628 quidem
383 1548 416 1609 in
443 1566 480 1610 se
502 1567 548 1609 ex
572 1567 620 1620 se,
644 1547 705 1609 sed
727 1567 773 1610 ex
796 1547 873 1610 aliis
896 1549 977 1610 dum
1000 1551 1148 1614 audiunt
1172 1552 1250 1629 illa;

130 1659 210 1702 nam
229 1640 347 1704 similis
364 1641 510 1704 facultas
523 1641 680 1704 elevandi
699 1639 912 1704 intelleftum
932 1653 986 1706 est
1004 1644 1097 1725 apud
1114 1646 1252 1711 adulte·

130 1753 214 1807 rum,
232 1755 318 1816 quae
337 1735 426 1817 apud
445 1746 578 1799 castum
594 1735 794 1817 conjugem;
818 1736 880 1799 sed
899 1737 1046 1812 adulter,
1064 1750 1254 1823 postquam

130 1829 325 1894 discrimina
348 1851 393 1891 ex
417 1829 491 1893 aliis
513 1830 630 1892 audita
660 1831 814 1911 agnovit,
840 1851 944 1912 usque
967 1832 1153 1897 oblitterat
1183 1834 1254 1907 illa,

130 1923 211 1986 dum
234 1921 447 1987 intelledium
470 1943 567 1986 suum
591 1925 762 2006 immergit
782 1943 925 2006 spurcae
948 1944 1028 1988 suae
1051 1928 1256 2009 voluptati;

130 2018 312 2080 nonenim
336 2027 452 2099 potest
471 2028 604 2081 castum
628 2027 664 2081 et
687 2017 869 2091 incastum,
889 2038 929 2082 ac
953 2040 1074 2082 sanum
1098 2031 1136 2084 et
1160 2024 1256 2086 insa-

129 2129 222 2184 num,
239 2130 304 2174 una
321 2131 407 2185 esse,
424 2111 485 2174 sed
502 2122 646 2193 possunt
663 2132 683 2175 a
697 2122 861 2194 separato
876 2111 1055 2177 intelledlu
1072 2116 1257 2199 distingui.

130 2203 313 2286 Quondam
336 2227 356 2268 a
379 2224 433 2268 me
453 2207 486 2269 in
505 2207 632 2269 mundo
650 2206 817 2288 spirituali
836 2206 895 2281 illi,
916 2210 972 2289 qui
991 2208 1164 2273 adulteria
1185 2233 1257 2275 non

130 2310 373 2383 reputaverunt
389 2311 542 2383 peccata,
560 2302 706 2383 quaesiti
721 2312 813 2376 sunt,
832 2320 912 2363 num
929 2303 1040 2366 sciant
1057 2324 1166 2368 unum
1183 2306 1256 2370 dis·

130 2397 258 2458 crimen
275 2396 365 2459 inter
380 2395 651 2470 fornicationem,
666 2395 877 2477 pellicatum,
890 2397 959 2458 duo
975 2416 1103 2477 genera
1119 2417 1255 2463 concu-

131 2490 279 2564 binatus,
300 2510 339 2554 ac
367 2491 456 2553 inter
479 2491 606 2571 gradus
624 2489 783 2553 adulterii
795 2511 803 2568 ;
834 2491 1009 2565 dixerunt,
1029 2493 1121 2574 quod
1146 2515 1255 2558 unum

130 2586 176 2647 sit
200 2586 286 2648 sicut
314 2585 481 2648 alterum:
513 2595 549 2647 et
575 2584 719 2667 quaesiti
747 2603 826 2647 num
849 2585 954 2647 etiam
979 2584 1192 2668 conjugium,
1214 2610 1254 2653 ac

131 2680 457 2761 circumspexerunt,
482 2697 562 2740 num
585 2678 688 2761 aliqui
710 2698 755 2740 ex
777 2678 872 2741 clero
894 2679 1079 2756 adessent;
1107 2690 1143 2743 et
1170 2683 1254 2747 dum

131 2793 212 2847 non,
225 2774 398 2845 dixerunt,
411 2772 500 2854 quod
513 2771 623 2834 simile
639 2772 672 2834 in
688 2792 725 2834 se
741 2773 795 2835 sit.
842 2771 956 2836 Aliter
969 2773 1029 2847 illi,
1043 2776 1099 2855 qui
1117 2775 1152 2836 in
1166 2776 1254 2839 ideis

130 2869 353 2948 cogitationis
368 2888 448 2930 suae
463 2866 632 2930 adulteria
645 2876 887 2948 reputaverunt
906 2879 1072 2949 peccata;
1095 2867 1129 2930 hi
1149 2869 1252 2933 dixe·

132 2972 221 3036 runt,
246 2963 336 3044 quod
370 2964 402 3025 in
431 2963 644 3025 interioribus
667 2961 765 3034 ideis,
789 2981 877 3042 quae
898 2972 980 3024 sunt
1004 2963 1252 3043 perceptionis,

131 3057 278 3119 viderint
296 3057 500 3126 discrimina,
518 3056 578 3117 sed
595 3055 747 3118 nondum
764 3055 956 3118 studuerint
975 3055 1035 3117 illa
1053 3055 1253 3122 discernere

106 3168 109 3176 ·
131 3162 167 3214 et
184 3151 426 3214 internoscere.
472 3151 549 3213 Hoc
567 3169 705 3232 possum
721 3170 930 3223 asseverare,
942 3150 1035 3232 quod
1051 3151 1253 3215 discrimina

129 3245 190 3308 illa
209 3247 320 3327 quoad
344 3265 403 3308 sua
422 3246 563 3319 minuta,
584 3245 628 3307 ab
649 3244 783 3327 angelis
801 3244 887 3307 caeli
910 3245 1151 3326 percipiantur.
1201 3247 1253 3311 Ut

132 3361 215 3422 ergo
235 3351 354 3422 pateat
373 3340 464 3423 quod
484 3340 552 3402 duo
567 3359 695 3421 genera
711 3338 959 3403 concubinatus
976 3339 1066 3402 inter
1081 3360 1119 3402 se
1139 3361 1252 3423 oppo-

129 3437 199 3498 sita
217 3436 350 3509 dentur,
368 3455 471 3497 unum
487 3456 533 3497 ex
551 3455 619 3515 quo
637 3434 797 3497 aboletur
815 3453 910 3497 amor
928 3432 1142 3515 conjugialis,
1159 3435 1251 3498 alte·

132 3550 204 3593 rum
228 3552 272 3592 ex
292 3550 360 3612 quo
383 3549 452 3591 non
472 3529 641 3603 aboletur,
659 3527 738 3591 ideo
756 3526 952 3591 damnabile
970 3547 1081 3609 genus
1100 3530 1249 3611 primum

132 3625 352 3697 describetur,
374 3643 412 3686 ac
433 3632 555 3704 postea
574 3621 718 3686 alterum
737 3622 907 3685 indemne.

194 3720 298 3801 464·
323 3717 385 3800 (ii.)
413 3716 510 3794 Quod
523 3716 753 3779 concubinatus
767 3715 962 3799 consirntir'm
980 3737 1052 3778 cum
1067 3737 1182 3791 uxore,
1203 3718 1252 3782 sit

131 3813 266 3876 illicitus
282 3812 503 3887 Christianis,
520 3833 559 3875 ac
576 3809 941 3892 detestabilzieruod
959 3812 1005 3873 sit
1022 3810 1179 3884 illicitus,
1191 3822 1250 3876 est

131 3910 209 3989 quia
232 3918 351 3971 contra
373 3908 492 3970 foedus
514 3905 707 3987 conjugiale
735 3915 812 3983 est;
841 3915 877 3968 et
901 3905 992 3988 quod
1015 3905 1250 3981 detestabilis,

130 4012 184 4066 est
200 4005 278 4085 quia
293 4013 416 4066 contra
430 4002 651 4082 religionem;
675 4010 711 4064 et
731 4000 822 4082 quod
841 4010 964 4062 contra
980 3999 1068 4063 hanc
1087 4011 1125 4064 et
1145 4001 1249 4064 simul

130 4096 214 4159 illud
237 4107 302 4171 est,
323 4106 377 4160 est
397 4105 518 4160 contra
538 4095 742 4158 Dominum:
774 4114 877 4175 quare
900 4105 937 4157 ut
960 4095 1106 4176 primum
1124 4093 1250 4177 aliquis

131 4190 260 4273 absque
290 4192 425 4254 sontica
454 4190 537 4254 reali
567 4209 669 4252 causa
697 4187 854 4269 adjungit
884 4189 984 4250 uxori
1007 4188 1249 4264 concubinam,

131 4286 323 4349 occluditur
335 4287 365 4348 ei
381 4285 525 4358 caelum,
540 4295 576 4347 et
592 4284 635 4346 ab
651 4284 784 4364 angelis
803 4302 871 4345 non
888 4281 963 4362 plus
976 4282 1067 4345 inter
1080 4281 1249 4347 Christia-

132 4400 195 4443 nos
212 4391 430 4461 numeratur;
454 4400 499 4443 ex
519 4380 579 4442 illo
595 4390 749 4460 tempore
766 4378 871 4442 etiam
889 4375 958 4452 illa,
976 4397 1064 4458 quae
1079 4377 1251 4453 ecclesiae
