2782 5026
390 109 441 159 na
464 108 599 160 narona
622 108 943 175 comosum-n.
968 96 1036 175 164.
1212 110 1272 176 139

153 278 298 362 conjugii
328 300 366 343 se
396 278 619 362 conjungunt,
649 280 688 346 fit
718 301 814 345 amor
840 278 1053 362 conjugialis,
1078 278 1134 361 qui
1161 280 1270 362 aperit

153 374 300 456 pettora,
315 384 352 439 et
368 375 509 458 inspirat
526 374 592 439 illis
607 377 732 440 amoris
745 377 963 453 dulcedines;
988 386 1023 438 et
1040 374 1105 437 hoc
1122 376 1271 457 penitius

152 481 185 532 et
203 472 361 552 penitius,
382 472 470 534 sicut
489 470 569 535 illae
587 473 674 534 duae
694 472 866 554 primitivo
885 471 992 535 amori
1010 491 1047 534 se
1066 469 1270 552 adjungunt,

150 575 185 628 et
201 564 259 628 ille
279 565 386 628 intrat
405 567 439 629 in
458 566 540 644 has;
564 576 600 630 et
619 567 777 629 vicissim.

132 722 143 742 ,
211 659 311 740 163.
342 660 429 743 (vii.)
456 659 554 739 Quod
565 663 743 746 conjuniiio
762 662 880 724 uxoris
896 683 967 724 cum
983 661 1150 742 sapientia
1165 662 1270 725 ratz'o·

149 755 222 818 nali
234 756 357 818 mariti
366 755 438 839 fiat
454 755 496 818 ab
519 756 624 831 intra,
642 758 704 819 sed
722 778 793 820 cum
812 757 979 837 sapientia
997 756 1122 819 morali
1136 760 1205 841 ejics
1228 755 1271 819 ab

146 849 405 931 extra-Quod
421 851 591 931 sapientia
607 852 696 933 apud
712 853 802 914 viros
819 852 863 914 sit
880 851 1021 933 duplex,
1040 852 1217 914 rationalis
1234 860 1270 915 et

148 944 298 1019 moralis,
324 955 361 1008 et
396 945 487 1028 quod
517 948 687 1027 sapientia
716 948 894 1011 rationalis
924 946 1060 1009 illorum
1090 947 1135 1009 sit
1164 945 1270 1008 solius

147 1037 354 1112 intellectus,
369 1050 405 1104 et
421 1041 513 1123 quod
526 1042 695 1123 sapientia
707 1042 846 1105 moralis
862 1041 997 1104 illorum
1012 1043 1057 1104 sit
1072 1038 1270 1104 intelled‘tus

147 1144 181 1198 et
199 1135 300 1198 simul
318 1137 423 1211 vitae,
442 1136 602 1199 concludi
617 1144 653 1199 et
672 1137 778 1200 videri
795 1146 912 1219 potest
930 1157 975 1200 ex
995 1136 1070 1198 sola
1088 1137 1269 1199 intuitione

147 1239 181 1293 et
197 1229 451 1312 exploratione.
497 1229 565 1295 Sed
583 1240 620 1295 ut
639 1232 766 1294 sciatur
782 1232 861 1314 quid
881 1231 1086 1312 intelligitur
1102 1251 1161 1313 per
1177 1232 1269 1313 sapi·

92 1382 112 1407 ,
147 1326 274 1388 entiam
293 1325 499 1389 rationalem
518 1327 676 1400 virorum,
697 1337 733 1389 et
752 1327 831 1408 quid
851 1347 911 1407 per
930 1327 1136 1407 sapientiam
1155 1344 1267 1388 mora·

147 1418 212 1482 lem
236 1419 385 1494 illorum,
410 1420 700 1484 enumerabuntur
727 1420 840 1503 aliqua
867 1421 900 1484 in
924 1422 1047 1502 specie.
1093 1420 1159 1483 Illa
1181 1440 1268 1502 quae

147 1515 335 1596 sapientiae
358 1514 537 1578 rationalis
559 1515 695 1579 illorum
718 1527 809 1589 sunt,
830 1517 1061 1596 insigniuntur
1079 1516 1181 1579 variis
1204 1535 1267 1578 no·

148 1610 311 1673 minibus:
348 1611 381 1672 in
415 1630 542 1691 genere
573 1622 741 1674 vocantur
770 1612 926 1684 scientia,
957 1610 1199 1691 intelligentia,
1231 1619 1267 1674 et

148 1705 334 1787 sapientia3
350 1705 384 1767 in
397 1706 511 1786 specie
523 1714 649 1779 autem,
662 1706 887 1780 rationalitas,
896 1705 1069 1788 judicium,
1081 1705 1266 1786 ingenium,

149 1800 302 1875 eruditio,
322 1801 517 1880 sagacitas;
542 1801 602 1862 sed
622 1802 699 1883 quia
722 1802 888 1865 scientiae
907 1812 986 1864 sunt
1008 1802 1113 1863 cuivis
1137 1799 1267 1881 peculi·

148 1912 216 1958 ares
232 1895 267 1958 in
289 1915 352 1956 suo
370 1893 493 1969 officio,
513 1895 592 1957 ideo
611 1906 691 1958 sunt
709 1895 931 1973 multifariae3
956 1906 1036 1958 sunt
1054 1896 1143 1957 enim
1164 1914 1267 1975 pecu·

148 1984 243 2053 liares
266 1988 412 2063 clericis,
433 1988 621 2071 peculiares
644 1992 798 2072 personis
822 1992 1056 2071 magistratus,
1078 1990 1267 2071 peculiares

146 2085 242 2148 variis
274 2083 411 2146 illorum
437 2083 618 2160 officiariis,
649 2085 839 2167 peculiares
865 2085 1045 2166 judicibus,
1077 2085 1266 2167 peculiares

142 2179 287 2243 medicis
303 2187 339 2241 et
360 2178 537 2258 chymicis,
558 2180 748 2261 peculiares
771 2180 935 2244 militibus
957 2190 993 2244 et
1017 2181 1141 2255 nautis,
1161 2199 1266 2261 pecu·

138 2269 242 2337 liares
272 2272 461 2336 artificibus
484 2283 520 2337 et
543 2276 716 2356 operariis,
742 2275 931 2357 peculiares
961 2273 1132 2356 agricolis,
1156 2284 1192 2339 et
1217 2274 1264 2338 sic

131 2384 252 2448 porro.
300 2367 359 2430 Ad
379 2367 583 2432 rationalem
602 2371 807 2451 sapientiam
828 2371 1002 2452 pertinent
1022 2371 1126 2432 etiam
1143 2388 1265 2432 omnes

129 2463 319 2536 scientiae,
339 2464 374 2527 in
390 2482 474 2546 quas
492 2463 736 2528 adolescentes
751 2467 930 2528 initiantur
945 2465 979 2526 in
996 2464 1133 2538 scholis,
1151 2474 1186 2527 et
1205 2484 1266 2546 per

126 2556 219 2622 illas
249 2568 373 2639 postea
402 2560 437 2621 in
467 2558 746 2641 intelligentiam,
771 2572 807 2624 et
836 2570 1005 2623 vocantur
1035 2560 1140 2623 etiam
1170 2561 1264 2624 vario

126 2653 293 2725 nomine,
313 2662 351 2714 ut
372 2652 620 2736 philosophica,
638 2654 792 2736 physica,
810 2655 1033 2735 geometrica,
1052 2653 1263 2730 mechanica,

125 2745 310 2823 chymica,
331 2751 574 2822 astronomica,
591 2749 744 2832 juridica,
769 2749 922 2831 politica,
942 2749 1069 2825 ethica,
1090 2749 1263 2826 historica,

126 2848 187 2904 et
202 2842 323 2920 plures,
344 2863 405 2924 per
422 2863 517 2925 quas,
535 2845 623 2907 sicut
647 2865 707 2926 per
726 2846 826 2921 ostia,
847 2845 996 2909 intratur
1012 2847 1045 2907 in
1069 2845 1263 2920 rationalia,

130 2936 328 3017 exquibus
346 2936 384 3000 fit
404 2940 573 3020 sapientia
592 2939 776 3003 rationalis.

209 3030 304 3113 164.
334 3031 528 3115 Sapientiae
545 3044 660 3097 autem
676 3034 815 3097 moralis
831 3034 920 3116 apud
936 3035 1027 3097 viros
1046 3043 1126 3097 sunt
1143 3054 1264 3097 omnes
1326 3033 1328 3038 ’

135 3119 287 3189 virtutes
310 3127 468 3202 morales,
488 3148 575 3210 quae
604 3127 762 3211 spetiant
785 3131 905 3203 vitam,
926 3150 965 3192 ac
989 3131 1121 3192 intrant
1146 3128 1261 3192 illam:

140 3221 187 3273 et
210 3239 342 3302 quoque
371 3232 451 3285 sunt
480 3224 625 3286 virtutes
654 3224 859 3306 spiritualeS,
890 3244 977 3306 quae
1007 3245 1053 3286 ex
1082 3243 1198 3286 amore
1228 3225 1262 3286 in

142 3301 254 3376 Deum
282 3325 319 3378 et
350 3336 396 3380 ex
425 3336 542 3381 amore
564 3338 647 3399 erga
671 3320 864 3400 proximum
888 3319 1042 3391 effluunt,
1067 3329 1102 3381 et
1126 3320 1159 3382 in
1183 3318 1262 3381 illos

141 3406 326 3474 confluunt.
384 3409 552 3484 Virtutes,
576 3433 662 3495 quae
685 3414 728 3475 ad
752 3415 956 3522 sapientiam
983 3414 1148 3476 moralem
1170 3414 1261 3475 viro-

140 3500 217 3561 ‘lm
251 3505 436 3584 pertinent,
469 3516 548 3571 sunt
580 3509 686 3571 etiam
719 3510 802 3571 varii
836 3511 992 3583 nominis,
1025 3520 1061 3572 et
1094 3520 1262 3571 vocantur
1357 3519 1360 3522 ’

139 3582 380 3677 temperantia,
412 3601 589 3675 sobrietas,
620 3602 784 3684 probitas,
815 3604 1070 3678 benevolentia,
1098 3603 1259 3677 amicitia,

135 3686 323 3773 modestia,
347 3696 538 3772 sinceritas,
563 3696 772 3771 officiositas,
797 3698 954 3771 civilitas,
980 3708 1052 3761 turn
1083 3697 1259 3772 sedulitas,

133 3759 317 3864 ¹¹¹dustria,
330 3790 483 3866 solertia,
496 3791 668 3866 alacritas,
683 3792 925 3866 munificentia,
941 3791 1138 3864 liberalitas,
1152 3811 1260 3872 gene·

132 3872 276 3956 ²0⁸itas,
295 3887 489 3960 strenuitas,
509 3887 734 3969 intrepiditas,
755 3889 956 3968 prudentia;
981 3895 1116 3967 praeter
1135 3884 1258 3967 plures.

161 3977 300 4041 ¹rtutes
317 3980 509 4062 spirituales
528 3982 618 4063 apud
637 3981 737 4055 viros,
758 3992 838 4044 sunt
857 4001 953 4044 amor
972 3981 1156 4060 religionis,
1176 3980 1259 4044 cha-

134 4052 244 4146 ῐῑῗὲε,
257 4077 390 4152 ueritas,
408 4075 503 4153 fides,
520 4077 743 4153 conscientia,
760 4077 969 4150 innocentia,
984 4086 1117 4156 praeter
1133 4075 1258 4157 plures.
