2850 5026
384 455 436 505 DE
459 453 593 505 AMORE
615 453 934 520 cosdumam-N.
958 458 1026 522 132.
1217 459 1277 524 109

158 650 231 696 cum
258 651 327 715 qua
357 651 395 695 se
423 628 602 713 conjungit
629 649 725 696 amor
751 629 963 712 conjugialis,
987 629 1168 693 videantur
1190 627 1276 692 infra

160 727 205 810 (n.
229 725 400 808 163-165).

217 835 311 902 131.
336 821 425 902 (xii.)
450 820 498 884 Et
519 820 599 902 quia
620 820 753 885 ecclesia
774 830 826 884 est
845 842 867 883 a
891 819 1041 894 Domino,
1063 820 1154 901 quod
1174 819 1275 883 etrbm

156 937 249 979 amor
264 914 461 999 conflagialis
480 916 527 978 sit
543 914 586 978 ab
601 914 814 999 Ipsa—Hoc
831 916 909 998 quia
925 925 978 979 est
996 935 1209 998 consequens
1228 936 1273 978 ex

155 1007 366 1093 supradidiis,
395 1011 603 1092 supersedeo
635 1008 836 1074 confirmare
867 1010 1028 1092 pluribus.
1080 1011 1272 1083 Praeterea,

156 1105 244 1188 quod
257 1124 353 1168 amor
369 1126 449 1168 vere
465 1105 667 1188 conjugialis
684 1107 728 1169 sit
748 1126 768 1168 a
788 1106 947 1176 Domino,
963 1115 1137 1169 testantur
1153 1124 1273 1169 omnes

155 1201 269 1281 angeli
287 1200 395 1278 caeli;
420 1211 456 1264 et
474 1222 610 1284 quoque
629 1202 719 1284 quod
739 1201 797 1263 ille
816 1221 912 1264 amor
931 1202 976 1264 sit
995 1201 1181 1263 secundum
1201 1210 1273 1263 sta·

156 1305 226 1359 tum
261 1296 461 1378 sapientiae,
489 1306 525 1359 et
558 1307 670 1360 status
703 1297 894 1379 sapientiae
921 1297 1107 1359 secundum
1142 1306 1273 1359 statum

155 1391 321 1454 ecclesiae
352 1392 441 1472 apud
470 1391 559 1455 illos.
605 1390 707 1472 Quod
737 1393 851 1473 angeli
881 1391 968 1455 caeli
999 1402 1172 1455 testentur
1201 1390 1272 1464 illa,

154 1495 251 1568 patet
279 1507 325 1548 ex
356 1485 637 1549 Memorabilibus
661 1497 740 1569 post
764 1487 890 1570 capita,
914 1497 1105 1570 quaesunt
1132 1487 1206 1550 visa
1236 1498 1272 1551 et

155 1581 271 1644 audita
289 1581 322 1643 in
341 1582 470 1645 mundo
489 1581 666 1664 spirituali.

648 1701 777 1714 —

155 1776 245 1844 ψ.
277 1759 341 1824 His
360 1760 516 1842 adjiciam
536 1761 603 1825 duo
624 1761 869 1825 Memorabilia.
915 1760 1063 1825 Primum
1082 1761 1147 1826 hoc
1160 1782 1215 1825 :-

205 1884 367 1957 Quondam
388 1901 456 1940 cum
476 1886 593 1940 duobus
609 1886 723 1955 angelis
738 1887 857 1940 locutus
876 1901 958 1946 sum:
975 1902 1051 1940 unus
1066 1896 1129 1940 erat
1150 1901 1167 1941 e
1188 1887 1272 1940 caelo

154 1964 297 2025 orientali,
306 1966 382 2020 alter
391 1981 407 2020 e
416 1966 501 2020 caelo
511 1965 714 2028 meridionali;
730 1965 857 2036 quicum
869 1966 1154 2036 perceperuntquod
1165 1982 1273 2020 arcana

153 2043 316 2114 sapientiae
326 2045 363 2099 de
374 2061 475 2099 amore
485 2045 646 2116 conjugiali
658 2045 825 2105 meditarer,
836 2045 985 2107 dicebant,
995 2052 1010 2073 ¹·
1020 2045 1148 2100 Nostine
1158 2046 1271 2118 aliquid

154 2124 188 2178 de
201 2124 281 2178 ludis
293 2124 458 2194 sapientiae
472 2125 501 2178 in
516 2135 619 2179 nostro
633 2125 746 2179 mundo
753 2123 785 2179 ?”

205 2202 369 2272 Respondi,
381 2204 463 2273 quod
477 2206 619 2259 nondum.

204 2282 242 2336 Et
255 2283 404 2344 dixerunt,
417 2281 518 2337 “Sunt
531 2284 631 2353 plures
640 2283 664 2347 ;’'
683 2294 714 2338 et
727 2283 808 2354 quod
823 2283 864 2338 illi
877 2283 928 2355 qui
939 2294 1041 2338 amant
1051 2299 1121 2338 vera
1133 2299 1170 2338 ex
1183 2283 1271 2338 affec·

153 2361 232 2416 tione
245 2361 401 2430 spirituali,
412 2378 464 2417 seu
473 2379 544 2416 vera
553 2364 624 2433 quia
632 2379 704 2418 vera
716 2373 793 2425 sunt,
805 2373 836 2418 et
848 2363 919 2435 quia
932 2380 984 2434 per
997 2364 1047 2417 illa
1058 2374 1105 2418 est
1115 2363 1271 2433 sapientia,

152 2441 187 2494 ad
206 2441 310 2495 datum
326 2441 445 2512 signum
461 2443 650 2505 conveniant,
666 2459 701 2498 ac
719 2443 866 2498 ventilent
884 2453 915 2497 et
932 2442 1114 2498 concludant
1130 2443 1180 2497 illa
1194 2459 1271 2514 quae

153 2519 354 2590 profundioris
368 2520 537 2576 intellectus
549 2534 629 2578 sunt.

203 2599 250 2655 llli
270 2611 343 2654 tunc
362 2601 584 2670 prehenderunt
600 2617 646 2656 me
666 2618 765 2664 mauu,
785 2601 963 2672 inquientes,
983 2600 1139 2671 “Sequere
1159 2617 1214 2656 nos
1238 2613 1270 2656 et

152 2679 265 2734 videbis
278 2689 310 2734 et
321 2680 441 2742 audies;
460 2681 564 2735 datum
580 2691 627 2736 est
640 2682 731 2735 hodie
744 2682 861 2753 signum
875 2680 1070 2736 conventus.”

204 2759 344 2814 Ducebar
357 2777 409 2831 per
418 2760 573 2831 planitiem
583 2761 620 2816 ad
635 2763 758 2823 collem;
777 2773 807 2815 et
820 2778 889 2817 ecce
902 2762 939 2816 ad
955 2763 1061 2832 pedem
1078 2760 1164 2816 collis
1177 2760 1270 2832 porti·

151 2853 201 2894 cus
216 2855 254 2894 ex
270 2839 384 2910 palmis,
400 2840 592 2896 continuatus
608 2842 755 2912 usquead
776 2843 841 2911 ejus
856 2852 963 2912 caput:
986 2841 1161 2896 intravimus
1178 2841 1269 2900 illum.

151 2929 180 2973 et
193 2921 402 2982 ascendimus;
420 2930 451 2974 et
467 2920 497 2974 in
513 2921 611 2991 capite
627 2937 678 2975 seu
695 2922 806 2976 vertice
822 2921 907 2976 collis
920 2921 1001 2975 visus
1017 2931 1063 2975 est
1073 2914 1170 2980 lucus,
1184 2921 1270 2990 cujus

151 2999 268 3054 arbores
281 3015 371 3069 super
379 3000 545 3054 elevatione
560 3000 642 3055 humi
657 2999 826 3055 formabant
836 3002 915 3055 sicut
924 3001 1085 3061 theatrum,
1098 3000 1175 3054 intra
1187 3001 1268 3070 quod

150 3089 211 3133 erat
228 3079 350 3148 planum
366 3079 476 3149 lapillis
491 3079 572 3134 varie
587 3080 730 3135 coloratis
745 3090 888 3142 stratum;
906 3080 1018 3134 circum
1035 3080 1109 3133 illud
1128 3079 1157 3133 in
1174 3079 1270 3134 forma

151 3159 294 3227 quadrata
309 3158 409 3229 posita
423 3170 509 3213 erant
527 3159 611 3221 solia,
626 3176 717 3230 super
735 3161 843 3231 quibus
862 3160 1008 3215 sedebant
1023 3170 1173 3214 amatores
1191 3158 1270 3229 sapi-

149 3237 261 3300 entiae:
276 3247 307 3292 et
318 3238 347 3292 in
358 3239 458 3293 medio
469 3239 578 3294 theatri
589 3250 653 3294 erat
663 3256 773 3302 mensa,
784 3255 873 3310 super
885 3255 945 3311 qua
958 3238 1089 3310 reposita
1099 3237 1156 3293 fuit
1165 3239 1270 3293 charta

149 3317 246 3389 sigillo
258 3317 423 3389 obsignata.

201 3397 347 3460 Sedentes
363 3414 453 3468 super
466 3397 549 3453 soliis
566 3397 735 3452 invitabant
754 3414 809 3452 nos
827 3399 865 3452 ad
885 3398 960 3452 solia
975 3398 1075 3452 adhuc
1089 3414 1192 3454 vacua.
1231 3397 1269 3453 Et

150 3477 296 3547 respondi,
314 3485 328 3505 ⁴·
338 3476 397 3530 Hic
413 3475 520 3532 ductus
536 3493 604 3531 sum
619 3495 637 3532 a
652 3478 770 3533 duobus
785 3477 907 3548 angelis,
924 3489 957 3531 ut
971 3478 1091 3532 videam
1107 3487 1138 3532 et
1152 3478 1269 3532 auscul-

149 3565 217 3616 tem,
231 3567 261 3610 et
275 3572 334 3609 non
349 3567 383 3609 ut
396 3557 544 3611 sedeam.”

201 3634 239 3690 Et
249 3646 321 3690 tunc
331 3635 393 3689 bini
405 3636 445 3689 illi
456 3636 554 3706 angeli
569 3635 598 3690 in
610 3635 742 3690 medium
753 3634 834 3706 plani
844 3635 881 3689 ad
896 3651 1028 3689 mensam
1041 3635 1131 3696 ibant,
1142 3644 1173 3690 et
1186 3635 1268 3706 sigil-

149 3712 208 3768 lum
221 3715 344 3768 chartae
356 3714 522 3777 solvebant,
535 3725 567 3768 et
579 3731 679 3769 coram
693 3715 867 3769 sedentibus
880 3715 1018 3785 legebant
1031 3731 1138 3769 arcana
1151 3716 1268 3785 sapien·

148 3793 205 3849 tiae
220 3795 342 3848 chartae
359 3794 508 3865 inscripta,
521 3810 597 3865 quae
613 3810 692 3847 nunc
707 3794 887 3849 ventilarent
902 3804 934 3848 et
947 3796 1138 3854 evolverent:
1157 3796 1269 3865 scripta

149 3870 267 3929 luerunt
280 3875 317 3928 ab
330 3874 444 3944 angelis
455 3873 534 3927 tertii
546 3873 627 3934 caeli,
638 3884 669 3927 et
682 3889 771 3943 super
784 3890 917 3928 mensam
928 3873 1066 3928 demissa.
1105 3873 1198 3927 Erant
1210 3874 1268 3927 tria

148 3967 268 4016 arcana;
292 3953 439 4015 Primum,
455 3951 535 4024 Quid
553 3952 651 4023 imago
668 3951 733 4013 Dei,
750 3953 867 4023 etquid
884 3952 1049 4007 similitudo
1067 3951 1129 4014 Dei,
1146 3952 1175 4004 in
1191 3968 1267 4022 quas

148 4029 239 4086 homo
253 4042 372 4087 creatus
386 4042 447 4086 est:
467 4032 635 4091 Secundum,
652 4030 713 4087 Cur
728 4031 822 4087 homo
837 4048 897 4086 non
915 4031 1047 4086 nascitur
1063 4031 1092 4085 in
1109 4031 1266 4086 scientiam

148 4111 235 4166 ullius
247 4110 365 4173 amoris,
379 4127 447 4166 cum
462 4121 563 4165 tamen
576 4111 691 4165 bestiae
704 4120 735 4166 et
750 4127 828 4175 aves,
842 4122 903 4166 tam
918 4112 1033 4165 nobiles
1047 4127 1136 4180 quam
1150 4110 1266 4180 ignobi-

147 4189 196 4252 les,
207 4202 372 4246 naseuntur
381 4190 411 4244 in
424 4190 564 4245 scientias
577 4190 711 4245 omniurn
725 4207 847 4246 suorum
860 4206 1011 4245 amorum:
1034 4191 1172 4250 Tertium,
1183 4188 1265 4261 Quid

146 4270 293 4341 significat
309 4272 421 4325 “arbor
438 4270 545 4333 vitae,”
560 4282 591 4326 et
610 4270 683 4342 quid
700 4272 813 4326 “arbor
827 4271 969 4326 scientiae
988 4270 1060 4325 boni
1078 4280 1110 4325 et
1125 4269 1222 4333 mali,''
1234 4279 1266 4325 et

147 4350 216 4420 quid
231 4359 324 4406 “esus
336 4366 372 4405 ex
387 4349 472 4405 illis.”

199 4429 256 4486 His
269 4429 471 4501 subscriptum
484 4439 557 4494 erat,
571 4429 779 4502 “Coniungite
793 4429 844 4485 illa
855 4430 914 4486 tria
926 4429 1059 4486 inunarn
1073 4428 1263 4494 seutentiam,
