2782 5026
189 91 206 120 ⁸
339 108 389 157 oe
412 107 548 157 auouu
570 108 888 175 comumnes-u,
910 113 980 180 333.
1154 99 1216 182 2⁶5

249 273 321 344 (vii.)
348 275 434 346 Quod
437 279 528 347 genti
538 278 722 332 Israeliticae
730 281 907 349 permissum
914 281 1018 350 suerit
1026 277 1130 350 plures
1146 297 1218 336 uxo·

415 364 462 401 res
474 349 668 417 ducere,‘quia
681 350 766 419 apud
777 350 860 403 illam
874 367 931 403 non
946 351 1075 404 Ecclesia
1092 352 1218 406 Christi·

415 419 553 489 anasuit,
566 425 594 471 et
606 419 673 473 ende
685 436 735 473 nee·
746 419 851 474 dabilis
863 437 947 473 amor
958 437 1025 474 uere
1032 422 1217 493 conjugialis.

238 484 320 556 (viii.)
347 487 433 558 Quod
444 488 528 543 leodic
536 489 948 559 Malumedanispermissum
956 494 998 544 sit
1004 492 1106 560 plures
1115 509 1220 546 uxores

415 558 524 620 ducere,
532 561 665 628 quianon
672 566 830 632 agnoscunt
838 563 997 616 Dominum
1009 562 1109 633 Jesum
1119 564 1144 617 C
1141 564 1220 617 liris-

414 635 477 682 tuen
497 647 586 683 unum
607 647 671 683 cum
699 631 832 702 Jehovah
852 633 953 692 Patre,
971 639 999 686 et
1021 637 1064 686 sic
1079 637 1139 702 pro
1160 635 1220 687 Deo

415 699 492 752 caeli
509 706 536 752 et
549 705 646 753 terrae
652 720 665 763 ,·
689 706 718 754 et
731 701 798 754 ende
813 718 868 755 non
878 706 1000 772 possunt
1013 720 1140 757 ansonem
1154 721 1220 758 uere

416 771 500 840 conju
520 771 605 823 talem
618 773 754 840 recipere.

259 836 322 908 (lx.)
349 839 433 908 Quod
444 856 493 893 cae
504 858 552 893 tem
568 841 822 896 Manumedanum
836 845 877 896 sit
891 850 977 896 extra
993 845 1103 898 caelum
1119 844 1218 899 curn-

416 912 540 971 tianum,
552 917 581 963 et
601 912 679 979 quod
688 913 767 966 illud
784 915 817 965 in
838 914 909 967 duos
929 915 1026 974 caelos.
1043 916 1174 986 euserius
1190 921 1219 967 et

413 984 555 1049 superius,
570 984 611 1034 stt
622 982 751 1035 dtut'suen
762 1003 775 1045 ,·
792 990 820 1036 et
831 984 910 1052 quod
920 1001 976 1037 non
988 986 1048 1038 ulii
1061 988 1093 1038 in
1107 985 1217 1038 caelum

415 1051 532 1104 illorum
544 1055 679 1120 superius
688 1053 842 1115 eleventur,
851 1070 939 1122 quum
948 1057 1004 1123 qui
1012 1056 1149 1108 abdetunt
1156 1055 1219 1123 pel-

415 1122 489 1182 lices,
498 1129 526 1175 et
536 1124 643 1175 uiuunt
653 1140 718 1176 cum
731 1141 791 1177 una
805 1141 902 1185 uxore,
911 1132 939 1178 et
951 1132 1108 1196 agnoscunt
1117 1126 1219 1178 Domi·

416 1208 486 1244 nunt
499 1198 629 1246 nostrum
641 1195 788 1262 aequalem
805 1196 866 1248 Deo
880 1197 976 1257 Patri,
988 1198 1040 1250 cui
1058 1197 1218 1250 dementum

414 1266 502 1330 super
509 1263 618 1316 caelum
631 1269 659 1316 et
670 1270 781 1317 terram
794 1266 896 1319 datum
908 1271 958 1321 est.

267 1331 317 1399 (x.)
345 1332 603 1403 Quodpolygamia
616 1337 657 1386 sit
669 1335 799 1390 lasciuia.

256 1401 317 1470 (xi.)
345 1403 430 1472 Quod
438 1404 692 1475 upudpolygumos
703 1422 760 1458 non
773 1406 879 1460 dabt'lis
891 1409 932 1459 sit
942 1409 1009 1478 conj
1010 1408 1122 1478 ugialis
1130 1402 1220 1462 casii·

416 1479 469 1534 tas,
477 1476 600 1544 puritas
611 1481 640 1528 et
650 1476 795 1530 senilitas.

249 1542 321 1612 (xii.)
349 1543 435 1612 Quod
444 1545 600 1628 polygami,
614 1547 755 1615 quamdiu
773 1553 891 1601 manent
902 1547 1061 1618 polygoni,
1080 1564 1136 1601 non
1146 1549 1223 1618 fieri

411 1619 524 1683 possent
535 1616 711 1684 spirituales.

236 1682 321 1753 (xiii.)
349 1684 434 1753 Quod
438 1685 606 1807 golygamia
614 1703 670 1741 non
682 1689 723 1740 sit
728 1689 878 1757 peccatum
892 1688 976 1758 apud
983 1704 1052 1757 quos
1063 1689 1117 1741 illa
1130 1694 1173 1742 est
1184 1707 1220 1743 ex

417 1773 471 1809 rec
492 1773 563 1810 eone.
893 1801 895 1806 .

243 1822 325 1893 (xiv.)
353 1825 439 1895 Quod
448 1773 618 1895 p‘ilygameiu
641 1828 755 1880 nonsit
770 1832 920 1896 peccatum
935 1829 1018 1899 apud
1030 1829 1094 1882 e'llos
1114 1831 1219 1899 quiin

416 1899 432 1948 i
449 1900 587 1950 noruntia
599 1903 668 1950 sunt
679 1897 713 1951 de
725 1899 858 1952 Domino.

248 1965 319 2035 (xv.)
346 1965 410 2037 Quo
447 1983 483 2020 ex
500 1967 548 2020 his
562 1967 618 2028 illi,
631 1971 749 2021 tametsi
755 1969 914 2039 polygami,
927 1969 1084 2028 salventur.
1100 1972 1155 2040 qui
1166 1987 1219 2041 ag·

416 2043 534 2090 noscunt
555 2038 657 2099 Deum,
676 2045 754 2092 etex
777 2041 918 2110 religione
938 2042 1045 2093 uiuunt
1065 2041 1218 2094 secundum

416 2108 489 2178 leges
492 2109 635 2176 justitiae
645 2110 752 2163 ciuiles.

235 2177 319 2246 (xvi.)
346 2177 405 2231 Sed
416 2178 494 2246 quod
505 2178 584 2231 nulli
598 2195 636 2232 ex
655 2179 703 2232 leis
723 2185 751 2232 et
771 2179 833 2233 e'lls's
849 2183 1131 2251 consociariposssnt
1151 2197 1217 2235 cum

416 2249 529 2320 angelis
541 2252 573 2302 in
588 2249 765 2303 Christianis
776 2250 871 2304 caeles.

58 2348 258 2445 Sequitur
277 2380 365 2424 nunc
386 2359 506 2423 horum
525 2361 726 2443 explicatio.

155 2469 261 2538 333·
286 2454 336 2537 (i.)
364 2453 460 2531 Quod
472 2455 542 2518 nisi
557 2476 630 2518 cum
645 2477 711 2519 una
723 2477 826 2518 uxore
841 2477 904 2519 non
919 2455 1003 2520 dari
1014 2467 1112 2539 queat
1125 2479 1221 2522 aanor

56 2561 174 2616 vere
189 2548 400 2634 conjugeulis,
420 2559 650 2631 consequenter
671 2570 727 2612 nec
748 2571 825 2613 uere
845 2550 1041 2636 conjugtules
1059 2553 1218 2628 amicitia,

55 2643 303 2729 confidentia,
323 2643 497 2723 potentias
526 2654 559 2707 et
587 2642 668 2707 tule's
691 2645 846 2708 mentium
873 2646 1062 2731 consuntitis,
1086 2656 1124 2710 ut
1151 2647 1221 2710 sint

60 2754 161 2803 una
185 2735 421 2815 caru—Quod
445 2757 542 2802 amor
564 2760 643 2803 vere
666 2739 868 2821 conjugialis
891 2740 994 2804 hodie
1017 2749 1087 2803 tam
1125 2762 1222 2804 rarus

60 2839 133 2900 sit
155 2842 196 2897 ut
214 2834 444 2896 communiter
454 2833 499 2896 sit
515 2835 666 2914 ignotus,
680 2853 782 2916 supra
798 2834 980 2915 aliquoties
997 2837 1219 2916 indigitatum

62 2940 172 3006 est3
201 2929 293 3010 quod
317 2938 435 2991 tamen
454 2926 635 2992 adiualiter
658 2930 771 3004 detur,
791 2930 825 2992 in
849 2950 911 2992 suo
935 2931 1060 3012 capite,
1080 2940 1116 2993 et
1139 2939 1219 3012 post

62 3019 182 3089 illud
204 3043 265 3105 per
282 3025 376 3086 vices
400 3024 432 3085 in
457 3023 692 3105 sequentibus,
713 3025 988 3087 demonstratum
1008 3021 1134 3087 saltum
1154 3035 1219 3087 est.

67 3119 241 3200 Alioqui
263 3119 338 3201 quis
362 3138 430 3181 non
454 3119 531 3192 scit,
551 3119 642 3199 quod
666 3119 766 3181 detur
789 3118 869 3181 talis
892 3138 998 3193 amor,
1019 3120 1076 3200 qui
1098 3138 1219 3181 omnes

64 3217 183 3279 alios
203 3231 339 3276 amores
358 3212 568 3276 excellentia
584 3223 620 3276 et
636 3214 850 3277 amoenitate
868 3214 1116 3296 superscandit,
1131 3213 1219 3275 adeo

70 3321 125 3375 ut
148 3328 277 3372 omnes
295 3327 430 3371 amores
449 3305 605 3390 respeliu
633 3308 704 3390 ejus
730 3309 798 3371 sint
819 3308 931 3390 parvi?
958 3308 1049 3391 quod
1068 3307 1218 3371 excedat

70 3422 252 3470 amorem
272 3403 332 3476 sui,
350 3422 502 3465 amorem
523 3404 654 3476 mundi,
672 3404 777 3466 immo
794 3422 944 3466 amorem
962 3404 1065 3476 vitae,
1082 3403 1219 3482 experi-

76 3500 211 3564 entiae
242 3507 427 3561 testantur.
473 3497 671 3561 Fueruutne
698 3508 734 3561 et
763 3508 899 3571 suntne,
921 3498 976 3578 qui
1007 3518 1066 3577 pro
1093 3496 1219 3558 semina

77 3603 220 3678 optata
239 3601 275 3656 et
295 3602 419 3673 rogata
434 3593 467 3654 in
487 3611 661 3671 sponsam,
682 3613 719 3655 se
739 3600 957 3674 prosternunt
976 3611 1075 3671 super
1094 3609 1217 3670 genua,

83 3688 191 3754 illam
209 3687 306 3770 quasi
324 3688 425 3750 deam
444 3688 602 3760 adorant,
620 3697 656 3749 et
676 3688 764 3749 sicut
779 3684 933 3747 vilissimi
950 3686 1037 3746 servi
1056 3682 1218 3765 benepla-

87 3784 175 3848 citis
187 3781 264 3864 ejus
283 3802 321 3845 se
340 3780 572 3844 submittunt?
595 3781 756 3844 indIcium
773 3780 863 3860 quod
884 3778 941 3841 ille
958 3798 1053 3840 amor
1068 3778 1218 3840 excedat

94 3896 250 3942 amorem
265 3875 329 3939 sui.
375 3875 575 3939 Fueruntne
594 3885 628 3939 et
648 3885 784 3947 suntne,
802 3876 858 3956 qui
878 3893 938 3955 pro
956 3872 1081 3934 femina
1097 3881 1218 3953 optata

97 3983 134 4037 et
156 3982 282 4053 rogata
304 3971 338 4033 in
362 3989 535 4052 sponsam,
557 3968 653 4032 nihili
677 3970 832 4050 pendunt
854 3988 949 4049 opes,
973 3969 1078 4029 immo
1101 3984 1216 4047 gazas,
1252 4011 1254 4015 -

104 4067 128 4129 si
154 4066 383 4151 possiderent,
404 4076 440 4130 et
470 4084 605 4148 quoque
627 4065 682 4147 qui
713 4064 899 4146 prodigunt
923 4062 1024 4125 illas?
1057 4061 1216 4125 indicium
