2782 5026
365 417 422 471 DE
445 416 579 469 AMORE
602 417 960 471 scommata-N.
983 422 1052 489 513.
1204 426 1264 493 393

132 597 164 654 et
177 587 451 654 transferuntur
466 587 501 654 in
517 608 710 668 cavernam,
728 590 784 654 ubi
801 590 845 655 ad
864 590 1002 674 aliquod
1019 613 1104 674 opus
1120 593 1266 674 adigun-

134 692 203 764 tur3
227 684 297 749 sed
314 685 400 768 quia
414 683 631 767 graveolent,
648 706 695 749 ex
713 706 756 749 eo
773 686 865 769 quod
882 686 1084 768 conjugiale,
1101 689 1193 770 quod
1212 698 1267 753 est

138 779 312 844 cimelium
324 780 616 854 vitaehumanae,
630 780 864 863 disperserint,
878 783 1108 845 amandantur
1120 784 1164 847 ad
1181 782 1266 846 fines

141 875 261 957 plagae
278 873 534 953 occidentalis;
558 874 615 938 ubi
630 875 674 938 ad
691 877 863 957 quandam
879 877 1080 940 distantiam
1097 886 1265 959 apparent

144 970 319 1034 macilenti
342 970 432 1034 sicut
453 979 659 1034 constantes
680 970 815 1034 ossibus
837 970 912 1034 sola
935 980 1014 1034 cute
1037 970 1205 1046 obductis,
1229 981 1267 1036 at

102 1136 105 1142 ,
144 1084 159 1129 e
175 1066 373 1148 longinquo
388 1065 479 1129 sicut
496 1065 697 1148 pantherae.
743 1064 828 1130 Cum
844 1067 964 1129 datum
982 1077 1036 1130 est
1055 1067 1171 1130 videre
1188 1067 1267 1131 illos

142 1163 291 1243 propius,
313 1161 459 1224 miratus
480 1179 556 1224 sum
578 1161 670 1244 quod
694 1159 796 1242 aliqui
819 1182 864 1224 ex
888 1160 955 1224 illis
978 1171 1137 1224 tenerent
1162 1161 1268 1226 libros

143 1255 174 1318 in
188 1256 365 1331 manibus,
381 1274 423 1319 ac
442 1254 620 1336 legerent3
644 1266 680 1319 et
699 1253 827 1320 dietum
844 1265 909 1330 est,
924 1258 1015 1337 quod
1034 1257 1100 1321 hoc
1119 1259 1175 1332 sit,
1190 1258 1269 1339 quia

135 1352 175 1416 in
189 1352 324 1416 mundo
340 1350 446 1415 locuti
462 1350 597 1414 suerunt
611 1352 706 1414 varia
724 1352 766 1415 de
786 1351 1017 1434 spiritualibus
1034 1353 1211 1427 ecclesiae,
1231 1364 1268 1417 et

135 1457 261 1512 tamen
280 1446 343 1511 illa
361 1464 422 1527 per
440 1445 620 1521 adulteria,
641 1467 747 1529 usque
766 1447 809 1510 ad
833 1446 910 1508 illas
929 1449 1171 1510 extremitates
1190 1448 1267 1511 illo-

129 1562 225 1619 rum,
245 1549 577 1624 conspurcaverunt,
597 1549 634 1604 et
651 1541 743 1624 quod
763 1541 843 1605 talis
861 1540 958 1622 hujus
982 1541 1133 1604 libidinis
1152 1562 1268 1606 corre·

130 1636 354 1720 spondentia
372 1645 466 1700 esset
488 1655 566 1699 cum
583 1635 773 1699 violatione
792 1635 940 1717 conjugii
959 1636 1155 1718 spiritualis.
1200 1636 1269 1700 Sed

125 1734 280 1809 sciatur,
298 1730 395 1814 quod
417 1731 483 1794 rari
506 1730 587 1806 sint,
604 1731 661 1813 qui
684 1732 718 1794 in
741 1731 805 1794 hac
830 1731 970 1794 libidine
990 1741 1080 1795 sunt.
1126 1729 1268 1794 Certum

125 1837 200 1903 est,
214 1826 313 1911 quod
330 1824 488 1901 feminae,
502 1826 580 1907 quia
596 1845 664 1889 non
681 1825 783 1889 decet
799 1824 875 1888 illas
888 1828 1090 1907 prostituere
1103 1843 1268 1899 amorem,

123 1923 525 2002 subinderepugnent,
552 1929 590 1994 et
617 1920 709 2003 quod
740 1920 970 2002 repugnantia
999 1921 1176 2000 evigoret;
1207 1918 1270 1984 sed

124 2032 243 2103 'arsque
261 2017 337 2082 hoc
358 2023 501 2080 nonest
519 2035 566 2080 ex
583 2014 697 2100 aliqua
715 2015 855 2079 libidine
874 2014 1083 2079 violationis.

555 2284 858 2300 *-

625 2476 771 2563 [xxv]

303 2669 366 2735 Da
389 2668 570 2734 L1s1n1na
593 2681 811 2735 ssuucmrnr
836 2669 1112 2734 Innocnurms.

201 2870 306 2944 513·
337 2855 463 2920 Libido
495 2855 681 2920 seducendi
714 2855 942 2930 innocentias‚
972 2875 1040 2918 non
1075 2863 1130 2919 est
1163 2854 1271 2922 libido

149 2951 395 3026 deflorationis,
419 2970 482 3015 nec
506 2949 612 3014 libido
634 2948 842 3023 violationis,
868 2950 928 3012 sed
952 2960 1005 3013 est
1030 2950 1211 3032 peculiaris
1234 2960 1272 3017 et

150 3048 331 3132 singularis
347 3066 407 3128 per
422 3065 479 3122 se;
502 3046 604 3109 datur
616 3045 780 3127 imprimis
792 3045 882 3126 apud
896 3044 1046 3107 dolosos.
1093 3045 1270 3124 Feminae,

150 3163 232 3224 quae
248 3150 419 3224 apparent
437 3139 505 3203 illis
524 3150 562 3205 ut
582 3141 811 3214 innocentiae,
829 3149 909 3201 sunt
928 3161 1014 3221 quae
1031 3140 1158 3203 malum
1176 3162 1272 3205 scor·

151 3237 293 3300 tationis
317 3244 355 3298 ut
377 3255 517 3298 enorme
537 3241 718 3318 peccatum
737 3244 909 3316 reputant,
930 3245 965 3297 et
988 3256 1075 3318 quae
1099 3236 1146 3298 sic
1165 3237 1271 3300 casti·

151 3331 214 3395 tati
237 3340 275 3395 et
298 3330 399 3394 simul
422 3332 545 3413 pietati
564 3331 727 3414 student3
758 3331 801 3392 ad
825 3330 888 3392 has
911 3331 1045 3392 ardent.
1092 3331 1130 3393 In
1155 3333 1271 3411 regnis

151 3424 326 3508 religionis
337 3424 538 3490 Catholicae
551 3436 630 3490 sunt
646 3425 793 3506 virgines
807 3425 1090 3488 monasteriales:
1115 3427 1192 3507 quia
1208 3425 1272 3489 has

151 3522 294 3585 credunt
314 3540 396 3603 prae
410 3519 571 3584 'omnibus
590 3519 726 3600 reliquis
750 3520 821 3601 pias
840 3520 1069 3593 innocentias‚
1090 3520 1152 3581 has
1172 3539 1271 3600 spec·

152 3626 228 3681 tant
240 3626 280 3681 ut
292 3615 443 3680 libidinis
455 3635 536 3678 suae
550 3615 709 3696 cupedias
723 3625 758 3678 et
776 3614 940 3677 lautitias.
982 3615 1032 3678 Ut
1046 3615 1107 3676 has
1121 3623 1179 3676 aut
1193 3612 1271 3677 illas

152 3711 328 3787 seducant,
352 3711 430 3793 qula
455 3709 567 3773 dolosi
590 3718 681 3784 sunt,
706 3710 850 3792 primum
874 3710 1081 3790 excogitant
1104 3718 1208 3781 artes,
1234 3716 1271 3772 et

152 3807 240 3882 dein,
252 3816 435 3890 postquam
446 3804 513 3868 illis
525 3805 663 3886 genium
676 3824 773 3867 suum
784 3805 988 3878 imbuerant,
999 3803 1128 3885 absque
1141 3812 1271 3865 retrac-

152 3903 245 3968 tione
259 3921 280 3966 a
297 3901 425 3985 pudore
441 3901 529 3964 sicut
545 3921 565 3962 a
580 3909 702 3964 natura
718 3899 794 3963 illas
810 3908 987 3963 exercent.
1032 3897 1140 3960 Artes
1156 3896 1272 3977 impri-

152 3999 213 4063 mis
243 4005 325 4060 sunt
355 3994 591 4058 simulationes
614 3996 844 4070 innocentiae,
869 3994 1005 4068 amoris,
1030 3991 1205 4056 castitatis
1235 3999 1272 4057 et

152 4093 309 4175 pietatis:
334 4110 395 4173 per
410 4090 472 4154 has
488 4098 524 4153 et
540 4109 600 4171 per
615 4090 700 4154 alias
717 4090 862 4154 astutias
874 4089 1005 4152 intrant
1022 4088 1055 4150 in
1071 4085 1270 4149 interiorem

152 4187 338 4253 amicitiam
356 4184 502 4260 illarum,
522 4195 558 4249 ct
577 4185 656 4249 inde
675 4186 709 4248 in
728 4204 893 4258 amorem,
913 4193 949 4246 et
973 4182 1060 4246 hunc
1081 4202 1141 4263 per
1160 4180 1272 4242 varias

152 4283 390 4366 persuasiones
409 4291 445 4344 et
464 4278 563 4344 simul
582 4280 830 4345 insinuationes
848 4300 868 4343 a
887 4276 1054 4361 spirituali
1073 4284 1213 4339 vertunt
1237 4275 1272 4339 in

152 4377 356 4455 naturalem,
369 4394 408 4441 ac
424 4385 548 4457 postea
562 4395 623 4459 per
634 4375 843 4440 irritationes
859 4375 892 4437 in
905 4392 1070 4454 corporeo
1086 4368 1270 4444 carnalem.
