2782 5026
350 450 401 501 nu
424 449 900 515 AMORECONJUGIAL1.—N.
925 447 993 517 115.
1194 451 1235 516 97

102 630 181 682 runt.
195 619 401 675 “Permittite
420 629 455 674 ut
469 636 590 691 quoque
609 619 717 690 aliquis
736 636 774 674 ex
793 619 880 675 nobis
899 618 1030 690 proferat
1052 620 1235 674 sententiam

105 695 143 753 de
155 700 274 772 origine
288 700 402 754 amoris
415 699 600 770 conjugialis‚
613 716 648 754 ac
661 700 699 754 de
713 700 823 754 virtute
836 717 888 755 seu
902 701 1040 771 potentia
1052 699 1143 771 ejus.”

160 777 199 833 Et
212 795 323 834 omnes
337 795 458 835 mensae
470 789 641 834 annuerunt
655 780 800 840 manibus,
815 781 897 850 quod
911 780 1023 835 liceret.

10 916 16 933 Ι
162 857 200 913 Et
212 871 288 914 tunc
301 876 380 914 unus
392 876 430 914 ex
443 859 501 914 illis
515 859 645 920 intravit,
660 869 691 913 et
706 859 844 914 constitit
859 860 896 913 ad
914 876 1057 922 mensam,
1071 875 1161 930 super
1176 877 1236 930 qua

15 938 18 943 '
114 933 216 994 cidaris
235 940 337 994 locata
355 938 422 995 luit.
460 939 519 994 Hic
534 939 619 1001 dixit,
636 939 722 994 “Vos
742 939 904 995 Christiani
920 940 1070 995 deducitis
1087 940 1234 1011 originem

119 1019 218 1074 amoris
233 1018 413 1090 conjugialis
431 1021 556 1089 ex.ipso
570 1035 690 1081 amore:
713 1035 768 1073 nos
783 1030 885 1074 autem
902 1019 1036 1074 Alricani
1057 1021 1235 1075 deducimus

123 1089 191 1150 iilam
205 1114 242 1152 ex
259 1097 325 1153 Deo
340 1099 415 1154 caeli
434 1109 465 1154 et
480 1111 586 1155 terrae.
624 1099 717 1155 Estne
732 1116 818 1154 arnor
831 1100 1012 1171 conjugialis
1027 1116 1112 1154 amor
1124 1110 1235 1161 castus,

125 1185 202 1237 lutus
217 1188 247 1232 et
263 1176 404 1234 sandius?
441 1178 558 1234 Suntne
576 1179 674 1251 angeli
694 1178 768 1233 caeli
789 1179 820 1233 in
840 1179 912 1234 illo?
952 1179 1044 1234 Estne
1061 1180 1235 1234 universum

128 1265 207 1316 tenus
219 1258 392 1319 humanum,
405 1269 436 1312 et
450 1259 519 1313 inde
533 1258 706 1313 universum
720 1260 835 1314 caelum
849 1259 1025 1330 angelicum,
1039 1275 1142 1313 semen
1158 1259 1236 1314 illius

129 1336 241 1392 amoris?
279 1336 360 1391 Num
373 1338 432 1392 tale
444 1338 671 1408 supereminens
686 1339 807 1394 aliunde
819 1356 910 1410 quam
922 1340 960 1393 ab
977 1338 1048 1409 Ipso
1064 1337 1130 1392 Deo
1146 1338 1235 1395 Crea-

129 1417 183 1466 tore
194 1426 223 1470 et
240 1415 361 1472 Statore
378 1417 508 1473 universi
528 1429 630 1488 potest
644 1418 794 1473 existere?
831 1418 895 1474 Vos
911 1418 1075 1473 Christiani
1091 1419 1234 1472 virtutem

127 1502 172 1542 seu
183 1495 344 1563 potentiam
357 1497 556 1568 coniugialem
571 1496 722 1552 deducitis
734 1514 771 1552 ex
781 1497 871 1552 variis
881 1499 979 1553 causis
993 1497 1188 1553 rationalibus
1203 1508 1234 1552 et

123 1575 312 1655 naturalibus
332 1592 387 1631 nos
399 1589 502 1631 autem
514 1576 648 1631 Africani
659 1578 837 1632 deducimus
852 1577 931 1631 illam
945 1594 982 1632 ex
996 1587 1077 1631 statu
1090 1577 1235 1647 conjunc-

118 1652 204 1709 t¹0uis
221 1654 351 1710 hominis
370 1671 438 1710 cum
459 1655 525 1711 Deo
544 1656 691 1720 universi;
711 1657 792 1711 hunc
810 1666 923 1711 statum
942 1672 998 1711 nos
1014 1672 1157 1710 vocamus
1175 1666 1235 1711 sta·

113 1731 179 1782 tum
201 1734 359 1806 religionis.
379 1746 552 1790 vosautem
572 1747 684 1791 statum
708 1735 866 1798 ecclesiae:
886 1752 956 1790 nam
974 1752 1042 1790 cuni
1063 1752 1147 1789 amor
1166 1734 1235 1790 inde

103 1814 166 1865 est,
179 1824 212 1868 et
228 1815 278 1869 hic
292 1815 408 1869 stabilis
423 1825 454 1869 et
469 1825 638 1885 perpetuus.
653 1832 714 1870 non
730 1825 833 1885 potest
852 1815 902 1869 ille
916 1816 1004 1870 aliter
1015 1831 1105 1885 quam
1119 1815 1233 1884 operari

97 1891 197 1944 suam
217 1893 367 1955 virtutem,
383 1910 460 1964 quae
480 1895 545 1964 ejus
567 1895 672 1949 similis
691 1906 745 1956 est,
760 1895 802 1949 ita
820 1910 941 1965 quoque
959 1895 1096 1949 stabilem
1118 1905 1149 1948 et
1170 1910 1235 1964 per-

91 1969 242 2028 petuam,
279 1973 377 2028 Amor
388 1990 458 2029 vere
474 1974 653 2045 conjugialis
667 1991 727 2028 non
743 1984 790 2029 est
806 1986 896 2029 notus
912 1974 969 2029 nisi
985 1975 1087 2044 paucis
1104 1975 1170 2036 illis,
1184 1975 1233 2044 qui

84 2045 270 2124 Propinqui
285 2051 352 2107 Deo
364 2062 452 2107 sunt:
471 2053 540 2108 inde
555 2070 610 2108 nec
630 2054 766 2123 potentia
785 2054 863 2108 illius
879 2052 990 2108 amoris
1006 2064 1079 2107 nota
1094 2064 1139 2107 est
1152 2054 1234 2108 aliis:

76 2129 182 2252 peace
199 2148 267 2186 cum
284 2132 337 2187 illo
352 2133 389 2186 ab
404 2133 518 2204 angelis
534 2133 564 2187 in
577 2133 668 2188 caelis
683 2132 863 2188 describitur
875 2144 910 2188 ut
923 2133 1063 2188 delicium
1077 2133 1154 2188 veris
1170 2149 1235 2203 per-

132 2210 223 2266 tui.”

153 2296 247 2363 114.
275 2289 333 2346 His
352 2288 440 2346 dictis
456 2302 649 2346 surrexerunt
668 2308 781 2353 omnes,
795 2301 827 2346 et
845 2308 914 2347 ecce
930 2302 999 2362 post
1014 2307 1135 2346 auream
1152 2307 1234 2345 men-

66 2355 176 2428 fam,
193 2387 285 2441 super
293 2385 355 2442 qua
368 2370 426 2424 luit
437 2371 554 2432 cidaris,
565 2370 645 2425 latia
656 2383 703 2426 est
713 2371 844 2426 fenestra
855 2388 915 2425 non
930 2372 1011 2441 prius
1024 2370 1096 2432 visa,
1107 2382 1139 2425 et
1150 2382 1234 2425 trans

65 2421 190 2509 {nam
200 2450 304 2505 audita
316 2460 363 2504 est
373 2466 441 2512 vox,
452 2458 468 2479 ‘⁴
477 2449 593 2505 Cidaris
601 2452 658 2505 erit
669 2450 801 2505 Airic0.''
839 2451 877 2505 Et
889 2452 927 2504 ab
937 2451 1044 2522 angelo
1055 2453 1127 2505 data
1136 2462 1181 2505 est
1192 2451 1234 2505 illi

64 2515 107 2559 ¹¹¹
132 2533 286 2590 manum.
300 2544 361 2584 non
375 2539 476 2584 autern
490 2546 579 2601 supra
591 2540 690 2601 caput,
704 2541 735 2584 et
749 2530 798 2585 ille
811 2546 879 2584 curn
895 2530 945 2584 illa
957 2530 1051 2584 abivit
1064 2531 1198 2585 domurn.

62 2655 88 2710 b
144 2597 201 2663 Et
215 2609 333 2663 incolae
346 2625 507 2680 regnorum
523 2609 658 2682 Europae
672 2609 782 2682 egressi
797 2609 984 2665 intraverunt
997 2625 1110 2672 currus,
1125 2610 1155 2663 in
1168 2608 1234 2680 qui·

91 2680 148 2730 ¹¹⁸
170 2689 384 2744 redieruntad
398 2705 478 2744 suos.

58 2839 201 2937 ¹¹³·
230 2859 394 2923 Alterum
414 2857 638 2922 Memorabile
653 2879 704 2923 :-

142 2980 198 3046 In
219 2992 322 3047 media
340 3003 429 3048 nocte
448 2991 638 3063 experredius
657 3009 674 3048 e
693 3009 809 3055 somno,
824 2992 886 3047 vidi
907 2992 936 3047 in
956 2993 1056 3065 aliqua
1073 2992 1233 3049 altitudine

55 3052 214 3127 versus
227 3072 376 3127 orientem
391 3073 529 3144 angelum
550 3083 704 3127 tenentem
725 3073 756 3126 in
771 3090 861 3128 manu
878 3075 984 3128 dextra
999 3074 1143 3136 chartam,
1157 3090 1233 3145 quae

57 3132 114 3184 ⁸¹
136 3140 227 3206 luce
240 3168 257 3207 e
270 3152 334 3207 sole
351 3150 494 3206 influente
509 3152 647 3222 apparuit
667 3152 696 3206 in
714 3152 821 3207 illustri
837 3154 976 3215 candore,
990 3153 1021 3207 in
1033 3155 1119 3224 cujus
1133 3153 1234 3207 medio

56 3212 162 3276 erat
184 3225 336 3302 scriptura
354 3248 390 3285 ex
417 3231 523 3287 litteris
536 3231 650 3293 aureis:
675 3243 705 3286 et
724 3232 786 3286 vidi
806 3233 960 3303 scriptum,
978 3234 1153 3304 conjugium
1169 3233 1237 3286 boni

57 3292 99 3374 ‘f
122 3313 234 3365 veri:
258 3328 297 3366 ex
312 3312 460 3382 scriptura
474 3311 598 3366 emicuit
613 3313 763 3383 splendor,
777 3312 828 3382 qui
843 3313 917 3366 abiit
933 3313 962 3367 in
979 3313 1072 3366 latum
1088 3314 1231 3367 circulum

59 3372 220 3445 ‘²¹‘Cum
234 3391 387 3453 chartam
404 3390 533 3446 circulus
547 3391 597 3446 ille
609 3408 661 3447 seu
675 3391 806 3447 ambitus
819 3392 958 3463 apparuit
971 3392 1040 3447 inde
1052 3393 1130 3447 sicut
1143 3407 1234 3463 appa·

63 3452 134 3508 ‘et
156 3482 277 3526 aurora
289 3487 383 3525 verno
395 3482 539 3541 tempore.
1227 3519 1228 3522 ,

91 3602 101 3614 ,
149 3541 239 3606 Post
257 3551 333 3605 haec
345 3550 407 3604 vidi
427 3551 566 3622 angelum
581 3567 651 3605 cum
667 3550 771 3604 charta
784 3550 812 3604 in
828 3567 917 3604 manu
931 3551 1183 3612 descendentem:
1202 3559 1233 3605 et

66 3610 187 3686 {mut
199 3630 366 3691 descendit,
379 3630 518 3700 apparuit
532 3629 637 3684 charta
650 3629 749 3684 minus
762 3640 792 3684 et
807 3631 905 3684 minus
921 3630 1028 3690 lucida,
1042 3642 1073 3684 et
1086 3631 1233 3700 scriptura

72 3681 159 3761 ¹¹¹³·
179 3728 260 3782 quae
279 3722 345 3766 erat
364 3711 538 3781 Conjrgium
557 3711 667 3765 boniet
683 3714 757 3773 veri,
773 3726 918 3765 conversa
935 3727 954 3765 a
971 3711 1072 3765 colore
1091 3727 1182 3765 aureo
1202 3711 1232 3764 in

74 3774 296 3851 argenteum
312 3789 382 3845 dein
399 3790 429 3844 in
444 3806 596 3860 cupreum,
612 3801 717 3861 postea
737 3790 766 3845 in
783 3789 919 3852 ferreum.
936 3801 967 3845 et
984 3791 1105 3844 demum
1127 3790 1155 3842 in
1175 3789 1232 3844 ler-

79 3853 285 3938 rt{ginosurn
299 3880 331 3924 et
348 3869 575 3941 aeruginosum;
594 3886 629 3924 ac
642 3870 750 3925 ultimo
762 3870 844 3925 visus
863 3880 908 3924 est
927 3871 1052 3941 angelus
1072 3870 1182 3923 intrare
1202 3869 1231 3922 in

85 3933 246 4004 ”nubum
259 3949 431 4011 obscurum,
444 3960 475 4004 et
491 3966 543 4018 per
556 3950 690 4003 nimbum
707 3966 796 4021 super
808 3960 935 4012 terram:
954 3961 985 4005 et
1001 3950 1040 4004 ibi
1055 3950 1159 4004 charta
1175 3949 1232 4009 illa,

88 4009 230 4084 ³³¹¹¹etsi
251 4030 281 4085 in
295 4046 386 4085 manu
401 4030 499 4101 angeli
512 4030 611 4084 adhuc
623 4031 789 4092 tenebatur,
804 4047 865 4085 non
878 4031 942 4085 visa
955 4042 1008 4085 est.
1048 4029 1116 4083 Fuit
1130 4029 1188 4083 hoc
1202 4029 1232 4081 in

95 4096 458 4179 ¹¹¹11ndospirituu1n.in
478 4125 568 4181 quem
590 4125 695 4165 omnes
714 4109 852 4164 homines
875 4121 944 4180 post
962 4110 1078 4164 obitum
1102 4108 1231 4179 primurn

99 4176 304 4245 tonueniunt.

165 4261 207 4322 Et
217 4281 288 4325 tunc
301 4267 426 4341 angelus
439 4268 557 4324 locutus
570 4278 616 4324 est
632 4270 669 4324 ad
686 4286 733 4325 me
748 4270 859 4332 dicens,
871 4277 887 4299 ¹¹
895 4268 1012 4342 Quaere
1026 4269 1093 4323 illos
1105 4266 1156 4339 qui
1172 4267 1232 4324 huc

109 4340 243 4415 veaiunt,
257 4368 329 4406 num
343 4351 465 4407 videant
478 4367 534 4414 me,
548 4351 595 4407 vel
607 4351 720 4423 aliquid
735 4352 765 4406 in
778 4368 867 4406 manu
882 4351 973 4406 mea.''

167 4424 254 4490 Venit
270 4431 444 4498 multitudo,
459 4443 564 4488 coetus
579 4434 617 4489 ab
633 4433 757 4497 oriente,
773 4445 876 4489 coetus
894 4449 912 4487 a
928 4431 1058 4494 meridie,
1074 4441 1180 4487 coetus
1193 4431 1232 4487 ab
