2782 5026
129 420 189 502 382
456 426 707 481 vosumsss
729 424 916 477 masmae

127 604 208 687 quid
230 612 314 667 tunc
337 600 380 667 de
410 600 499 676 Deo,
519 599 562 665 de
591 597 720 663 santlis
748 596 929 673 ecclesiae,
949 616 991 661 ac
1019 596 1068 661 de
1094 595 1195 661 caelo
1220 605 1255 661 et

127 699 271 772 inferno,
288 697 552 761 concionaturus
570 704 647 772 est;
671 692 834 757 videlicet
849 693 944 775 quod
963 693 1034 756 sint
1054 690 1257 774 phantasiae

127 813 169 858 ac
184 792 368 866 elationes,
380 800 418 854 et
432 791 482 853 sic
498 789 641 852 inventa
651 789 842 851 animarum
857 787 1006 862 vincula,
1019 788 1146 870 quibus
1162 804 1257 868 mag-

129 906 194 951 nos
217 897 254 951 et
276 904 415 968 parvos,
437 884 564 948 divites
586 892 623 946 et
646 901 824 964 pauperes,
848 891 993 963 captent
1016 892 1055 945 et
1078 881 1205 963 ligent,
1223 891 1259 946 et

130 981 195 1046 sub
206 978 290 1062 jugo
300 979 442 1043 dominii
457 978 508 1041 sui
524 976 737 1040 contineant.
784 974 882 1039 Haec
895 974 1069 1039 sufficiant
1085 995 1151 1058 pro
1165 975 1258 1039 illus·

132 1076 282 1140 tratione
312 1072 393 1156 quid
423 1071 630 1152 intelligitur
662 1089 723 1152 per
755 1071 848 1151 quod
881 1070 1039 1134 homines
1071 1069 1258 1145 naturales.

130 1168 303 1253 usquead
330 1185 526 1249 corporeos,
551 1164 789 1229 rationalitate
812 1164 965 1228 humana
987 1163 1148 1248 polleant
1172 1166 1260 1228 sicut

131 1264 200 1339 alii.
218 1274 256 1327 at
278 1261 371 1345 quod
394 1260 455 1325 illa
476 1269 620 1324 utantur
637 1260 719 1322 dum
743 1260 777 1321 in
800 1260 959 1325 externis
976 1269 1070 1336 sunt,
1091 1260 1156 1322 sed
1177 1260 1260 1323 abu-

134 1367 250 1424 tantur
266 1358 348 1420 dum
368 1357 403 1419 in
422 1356 492 1419 suis
509 1355 664 1418 internis.
708 1353 966 1436 Consequentia
982 1355 1063 1418 inde
1081 1365 1150 1430 est,
1170 1355 1262 1438 quod

132 1472 203 1518 non
214 1451 435 1533 judicandum
450 1451 496 1513 sit
513 1450 559 1513 de
574 1448 689 1531 aliquo
704 1468 751 1512 ex
766 1449 937 1530 sapientia
951 1450 1032 1525 oris,
1049 1450 1113 1514 sed
1129 1470 1200 1514 una
1215 1469 1261 1514 ex

132 1547 302 1630 sapientia
318 1546 411 1609 vitae
428 1543 511 1626 ejus.

132 1759 239 1829 3⁰⁰.
262 1744 327 1808 His
348 1743 505 1826 adjiciam
524 1743 590 1808 boc
610 1743 834 1808 Memorabile
845 1763 899 1806 :—

186 1864 348 1937 Quondam
362 1866 392 1920 in
406 1866 520 1920 mundo
532 1866 691 1936 spirituum
700 1867 803 1921 audivi
817 1882 960 1938 magnum
970 1869 1156 1930 tumultum:
1174 1881 1260 1926 erant

134 1944 279 2000 chiliades
290 1944 472 2016 congregati.
484 1944 536 2015 qui
549 1944 728 2006 clamabant,
742 1954 758 1972 ⁸·
767 1944 942 2007 puniantur,
955 1947 1148 2017 puniantur.”

188 2023 311 2079 Accessi
324 2024 456 2094 propius,
469 2034 500 2078 et
513 2024 657 2093 quaesivi,
671 2023 777 2094 “Quid
792 2025 850 2078 hoc
860 2024 891 2078 ?''

190 2101 275 2158 Dixit
288 2103 363 2157 mihi
378 2119 457 2157 unus
473 2118 490 2157 e
509 2118 618 2173 magna
633 2103 685 2157 illa
699 2103 937 2174 congregatione
952 2115 1118 2174 separatus,
1130 2105 1216 2176 quod
1234 2107 1264 2162 ia

135 2181 383 2237 excandescentia
394 2182 455 2236 irae
467 2182 529 2236 sint
541 2192 646 2236 contra
658 2192 719 2236 tres
732 2184 913 2244 sacerdotes,
925 2183 978 2253 qui
991 2184 1264 2256 circumvagattur.

135 2268 168 2315 et
186 2260 283 2315 ubivis
298 2260 472 2330 praedicant
486 2270 592 2314 contra
607 2260 768 2321 adulteros.
784 2261 922 2321 dicendo.
938 2262 1020 2331 quod
1036 2263 1184 2319 adulteris
1203 2281 1264 2319 non

137 2340 176 2393 sit
189 2339 305 2411 agnitio
319 2337 384 2400 Dei,
398 2339 523 2408 ecquod
538 2338 595 2394 illis
608 2339 723 2393 eaelum
737 2340 890 2395 occlusum
904 2341 952 2401 sit,
965 2355 1001 2394 ac
1015 2339 1165 2396 infernum
1179 2358 1264 2414 aper-

137 2427 218 2480 turn:
242 2428 273 2472 et
294 2418 376 2488 quod
396 2417 425 2470 in
447 2416 563 2472 interno
582 2417 644 2471 sint
662 2417 774 2472 diaboli
795 2418 950 2480 immundi,
969 2420 1040 2488 quia
1058 2436 1076 2474 e
1095 2421 1266 2492 longinquo

137 2507 283 2567 apparent
297 2496 337 2550 ibi
349 2497 428 2551 sicut
439 2497 524 2567 porci
535 2497 708 2551 volutantes
720 2512 753 2551 se
769 2498 800 2551 in
815 2498 1006 2557 stercoribus.
1019 2509 1052 2553 et
1066 2501 1151 2569 quod
1163 2501 1264 2572 angeli

137 2577 212 2632 caeli
225 2576 291 2631 illos
303 2576 521 2631 abominentur.

191 2655 332 2727 Quaesivi
343 2653 499 2709 “Ubinam
515 2653 555 2708 illi
569 2655 751 2716 sacerdotes,
761 2664 792 2710 et
805 2671 858 2710 cur
871 2666 1031 2728 propterea
1039 2656 1109 2712 talis
1117 2657 1264 2714 vocilera·

138 2733 220 2789 tio?''

193 2812 369 2882 Respondit,
378 2812 459 2882 quod
468 2823 528 2866 tres
539 2811 580 2865 illi
591 2813 763 2867 sacerdotes
771 2812 832 2866 sint
842 2813 872 2866 in
884 2814 984 2868 medio
996 2813 1115 2869 illorum
1123 2830 1142 2869 a
1151 2816 1264 2871 satelli·

138 2893 219 2946 tibus
231 2891 383 2950 custoditi.
393 2901 425 2945 et
437 2892 518 2961 quod
529 2892 702 2961 congregati
716 2891 777 2945 sint
790 2908 827 2946 ex
841 2892 962 2962 illisqui
975 2893 1104 2947 credunt
1114 2895 1266 2951 adulteria

139 2988 200 3026 non
213 2987 278 3025 esse
291 2980 421 3040 peccata,
432 2980 464 3024 et
476 2970 527 3040 qui
541 2970 647 3024 dicunt
658 2970 741 3040 quod
754 2970 897 3025 adulteris
909 2987 1005 3042 aeque
1014 2973 1054 3026 sit
1067 2974 1186 3043 agnitio
1197 2973 1264 3037 Dei,

138 3050 217 3105 sicut
227 3049 285 3103 illis
297 3050 348 3120 qui
362 3049 425 3104 suis
435 3049 577 3103 uxoribus
585 3049 766 3104 adhaerent:
784 3062 856 3104 sunt
864 3066 971 3105 omnes
982 3051 1024 3104 illi
1036 3067 1074 3105 ex
1088 3051 1265 3110 Christiano

139 3129 226 3190 orbe;
244 3138 275 3183 et
289 3128 444 3182 visitatum
458 3138 504 3181 est
518 3128 557 3181 ab
572 3128 695 3198 angelis,
707 3140 782 3199 quot
799 3129 838 3182 ibi
851 3139 952 3184 essent
967 3130 1018 3200 qui
1034 3132 1164 3186 credunt
1177 3133 1264 3187 adul-

138 3207 212 3262 teria
224 3222 289 3261 esse
300 3216 432 3276 peccata,
441 3215 473 3261 et
485 3222 522 3260 ex
533 3206 615 3260 mille
626 3222 686 3260 non
699 3207 813 3261 inventi
827 3204 897 3262 sunt
908 3220 1044 3270 centum;
1056 3221 1087 3264 et
1098 3210 1177 3265 dixit
1188 3211 1263 3266 mihi

139 3287 220 3357 quod
232 3286 376 3357 nongenti
388 3286 428 3339 illi
439 3286 477 3341 de
486 3286 641 3340 adulteriis
651 3285 813 3355 loquantur
823 3287 878 3348 ita;
893 3286 991 3359 “Quis
1003 3304 1063 3341 non
1075 3290 1169 3351 novit,
1179 3291 1263 3362 quod

138 3366 304 3437 jucundum
319 3364 458 3419 adulterii
476 3365 516 3419 sit
530 3365 757 3435 supereminens
773 3382 843 3435 prae
858 3367 993 3437 jucundo
1008 3369 1161 3438 conjugii:
1178 3371 1262 3439 quod

139 3444 268 3500 adulteri
287 3444 317 3498 in
337 3454 482 3515 perpetuo
497 3444 598 3499 calore
616 3445 685 3505 sint,
698 3455 730 3499 et
749 3445 818 3498 inde
838 3445 868 3498 in
887 3446 1049 3505 alacritate.
1065 3447 1215 3502 industria
1232 3459 1265 3503 et

140 3522 238 3578 activa
246 3523 311 3578 vita
322 3539 392 3594 prae
405 3523 531 3593 illisqui
545 3539 613 3577 cum
627 3539 688 3577 una
699 3524 764 3578 sola
776 3523 888 3578 femina
896 3525 1019 3582 vivunt:
1037 3536 1069 3580 et
1081 3527 1165 3595 quod
1175 3527 1262 3582 vicis·

140 3601 196 3657 sim
206 3619 292 3658 amor
300 3619 368 3657 cum
378 3602 508 3673 conjuge
519 3600 665 3674 frigescat,
676 3614 706 3657 et
719 3603 899 3674 quandoque
913 3604 943 3657 in
953 3614 1080 3665 tantum.
1092 3616 1126 3658 ut
1138 3608 1263 3662 tandem

141 3681 263 3737 vix'una
274 3698 334 3736 vox
347 3681 483 3752 loquelae
497 3692 528 3736 et
541 3681 686 3736 consortii
699 3697 767 3736 cum
782 3682 832 3735 illa
844 3683 942 3744 vivat;
961 3683 1049 3738 aliter
1060 3699 1130 3738 cum
1140 3685 1262 3748 scortis:

141 3761 222 3831 quod
243 3759 435 3814 mortificatio
452 3760 532 3814 vitae
551 3777 619 3814 cum
639 3777 740 3821 uxore,
760 3762 888 3816 oriunda
906 3778 943 3816 ex
960 3761 1079 3817 deietlu
1099 3765 1261 3834 potentiae,

142 3838 291 3894 reficiatur
303 3851 334 3895 et
346 3838 513 3894 vivificetur
524 3856 577 3910 per
587 3840 807 3895 scortationes?
844 3840 963 3896 Numne
980 3841 1009 3895 id
1024 3843 1108 3911 quod
1122 3842 1220 3898 reficit
1230 3852 1262 3898 et

141 3919 281 3981 vivificat.
302 3921 393 3991 pluris
411 3931 458 3974 est
479 3935 569 3989 quarn
588 3921 670 3991 quod
690 3920 872 3976 mortificat?
909 3921 990 3994 Quid
1009 3923 1187 3994 conjugium
1206 3923 1262 3978 nisi

142 4015 232 4070 quam
254 3999 398 4054 scortatio
420 3998 523 4053 licita?
547 4000 614 4071 quis
634 4001 719 4054 novit
738 4000 918 4055 discrimen?
956 4000 1035 4055 Num
1056 4018 1143 4056 amor
1162 4009 1263 4074 potest

142 4076 233 4150 cogi?
253 4089 284 4132 et
296 4089 396 4133 tamen
407 4093 492 4132 amor
504 4094 571 4132 cum
583 4095 674 4133 uxore
684 4081 802 4151 cogitur
814 4096 867 4150 per
876 4079 983 4136 foedus
996 4091 1027 4135 et
1040 4081 1131 4152 leges.
1171 4082 1262 4138 Estne

142 4173 228 4212 amor
241 4173 309 4212 cum
325 4157 453 4227 conjuge
467 4173 554 4211 amor
568 4157 675 4212 sexus?
697 4168 728 4212 et
746 4159 795 4213 hic
817 4171 878 4214 tam
899 4159 1074 4214 universalis
1094 4171 1199 4220 estut
1223 4162 1261 4218 sit

142 4239 233 4292 etiam
247 4236 326 4307 apud
339 4252 409 4291 aves
421 4246 452 4291 et
465 4236 585 4291 bestias.
623 4236 702 4309 Quid
716 4253 801 4292 amor
812 4238 991 4309 conjugialis
1004 4239 1060 4293 nisi
1074 4257 1165 4310 quam
1179 4258 1264 4297 amor

142 4316 252 4371 sexus?
270 4327 302 4372 et
312 4332 396 4370 amor
404 4332 492 4370 sexus
501 4327 547 4371 est
559 4317 635 4370 liber
644 4332 711 4371 cum
722 4318 805 4371 omni
816 4317 934 4372 femina.
968 4317 1058 4389 Quod
1068 4320 1151 4391 leges
1160 4322 1262 4377 civiles

143 4396 203 4449 sint
222 4406 328 4450 contra
345 4396 499 4459 adulteria,
514 4407 562 4451 est
580 4397 650 4468 quia
668 4398 778 4453 latores
797 4399 896 4469 legum
912 4398 1113 4461 crediderunt.
1129 4403 1212 4467 quod
1232 4403 1261 4456 id
