2782 5026
357 116 407 167 ns
429 115 565 166 anons
588 112 947 166 scortatorum—u.
965 116 1040 181 432.
1197 117 1255 182 331

136 284 340 372 conjugrblrls
347 285 462 367 saciat
471 284 633 351 hominem
641 283 722 366 plus
736 294 769 348 et
779 283 860 367 plus
871 282 1034 348 hominem
1048 284 1081 348 rt
1094 282 1260 347 virum.-

134 381 235 464 Quod
255 400 355 446 amor
372 380 575 463 conjuglalis
592 381 696 444 faciat
715 379 901 455 hominem,
920 379 1096 444 illustrant
1115 388 1152 443 et
1174 399 1259 443 con·

133 475 272 541 firmant
290 477 407 540 omnia
424 486 462 541 et
480 475 628 558 singula,
646 495 733 559 quae
752 475 785 537 in
805 475 916 538 Prima
927 475 1045 550 Parte,
1062 475 1106 538 de
1125 472 1258 539 Amore

132 582 168 636 et
186 571 259 654 ejus
279 570 479 654 Sapientiae
499 570 652 644 Deliciis,
672 570 706 632 in
730 568 806 633 luce
824 589 941 632 coram
959 571 1094 633 ratione
1113 570 1258 633 demon·

132 676 244 730 strata
260 675 363 731 sunt:
387 675 435 742 ut,
452 664 504 748 (i.)
526 664 628 747 Quod
644 663 701 728 ille
717 664 774 747 qui
793 664 827 726 in
844 682 962 727 amore
977 684 1057 728 vere
1073 662 1258 746 conjugiali

130 771 198 831 est.
219 761 296 844 plus
315 772 351 826 et
374 761 453 844 plus
472 759 658 843 spiritualis
677 757 758 837 fiat;
782 767 818 823 et
837 779 905 842 quo
924 759 999 842 plus
1018 760 1140 843 aliquis
1159 761 1258 842 spiri·

130 857 237 920 tualis
253 867 319 933 est,
337 857 471 940 euplus
487 857 592 920 homo
608 865 675 920 est.
720 854 783 937 (2.)
808 855 911 937 Quod
928 855 1004 938 plus
1020 864 1056 920 et
1074 855 1150 938 plus
1165 857 1276 939 sapi-.

129 972 194 1016 ens
213 951 293 1030 fiat;
317 962 353 1016 et
369 973 436 1036 quo
453 953 528 1034 plus
544 951 666 1035 aliquis
685 951 822 1032 sapiens
841 960 907 1025 est,
921 971 963 1014 eo
980 950 1056 1033 plus
1072 963 1124 1015 est
1141 951 1257 1016 homo.

120 1047 196 1130 Ι(3.)
223 1045 325 1129 Quod
338 1048 428 1130 apud
442 1047 538 1111 illum
551 1045 627 1129 plus
639 1056 676 1109 et
689 1044 764 1127 plus
776 1046 972 1128 aperiantur
985 1047 1147 1109 interiora
1160 1067 1257 1111 men-

128 1143 187 1216 tis,
199 1162 306 1225 usque
319 1152 356 1206 ut
367 1142 484 1206 videat
498 1152 557 1206 aut
569 1141 727 1205 intuitive
738 1150 907 1222 agnoscat
919 1141 1104 1204 Dominum
1118 1163 1125 1220 ;
1142 1152 1178 1206 et
1190 1164 1257 1226 quo

128 1236 209 1318 plus
222 1237 345 1319 aliquis
364 1239 397 1300 in
414 1237 475 1300 illo
491 1238 565 1300 visu
578 1246 638 1300 aut
656 1237 689 1298 in
710 1235 769 1298 illa
781 1235 959 1318 agnitione
975 1245 1041 1311 est,
1055 1256 1097 1300 eo
1114 1236 1190 1318 plus
1202 1247 1257 1304 est

128 1331 248 1395 homo.
295 1330 357 1414 (4.)
382 1331 485 1414 Quod
504 1330 580 1414 plus
599 1341 635 1394 et
655 1329 732 1413 plus
751 1330 890 1395 moralis
909 1340 945 1394 et
965 1331 1074 1394 civilis
1093 1331 1164 1407 fiat,
1179 1334 1258 1416 quia

127 1428 247 1490 anima
264 1428 450 1509 spiritualis
470 1426 656 1491 moralitati
675 1434 711 1490 et
735 1425 893 1490 civilitati
905 1423 984 1506 ejus
999 1426 1110 1505 inest;
1133 1437 1170 1492 et
1189 1448 1257 1511 quo

128 1521 208 1603 plus
232 1521 355 1604 aliquis
379 1521 556 1585 moraliter
574 1521 684 1584 civilis
707 1529 774 1595 est,
795 1541 837 1585 eo
860 1520 936 1602 plus
955 1530 1009 1584 est
1032 1522 1146 1586 homo.
1193 1522 1256 1606 (5.)

129 1615 235 1697 Quod
251 1618 358 1680 etiam
374 1626 454 1697 post
465 1626 612 1680 mortem
625 1614 687 1679 liat
699 1614 844 1697 angelus
857 1614 944 1679 caeli
958 1636 966 1693 ;
990 1635 1030 1680 ac
1043 1616 1189 1698 angelus
1201 1626 1256 1681 est

127 1712 285 1774 essentia
300 1720 337 1775 et
354 1712 462 1775 lorma
477 1710 593 1785 bomo,
608 1719 644 1775 et
664 1731 799 1793 quoque
815 1713 1003 1793 genuinum
1018 1710 1205 1775 humanum
1221 1712 1256 1776 in

124 1807 216 1870 facie
234 1805 316 1888 ejus,
330 1827 375 1870 ex
392 1805 528 1889 loquela
544 1815 580 1870 et
596 1826 642 1870 ex
659 1807 809 1869 moribus
821 1805 892 1888 ejus
904 1805 1079 1870 elucescit.
1107 1803 1190 1870 ¹¹¹Ex
1203 1807 1256 1870 his

125 1911 282 1975 constat,
296 1902 388 1986 quod
401 1920 498 1965 amor
510 1900 713 1983 conjugialis
725 1900 829 1964 faciat
845 1901 1020 1965 hominem
1033 1900 1109 1984 plus
1123 1911 1159 1965 et
1178 1901 1257 1985 plus

125 1996 316 2061 hominem.
363 1995 464 2078 Quod
478 1997 687 2060 contrarium
703 1997 748 2059 sit
760 2015 838 2060 cum
851 1997 1027 2072 adulteris,
1041 2016 1087 2060 ex
1107 1997 1181 2079 ipsa
1192 2016 1256 2078 op·

125 2091 304 2172 positione
320 2091 479 2155 adulterii
498 2099 534 2154 et
553 2089 713 2172 conjugii,
727 2091 771 2154 de
789 2111 856 2173 qua
874 2091 909 2155 in
928 2090 994 2155 hoc
1014 2093 1128 2172 capite
1141 2089 1256 2156 adtum

126 2196 232 2249 estet
250 2186 376 2268 agitur,
391 2187 543 2269 sequitur
555 2182 726 2249 evitium:
747 2195 794 2261 ut,
810 2184 872 2268 (1.)
894 2184 996 2267 Quod
1013 2205 1082 2249 non
1096 2187 1255 2268 spiritua·

125 2277 179 2342 les
192 2281 275 2354 sint,
289 2280 352 2343 sed
364 2299 496 2344 summe
509 2279 685 2344 naturales
698 2300 705 2357 ;
726 2300 766 2345 ac
780 2280 947 2344 naturalis
960 2279 1065 2344 homo
1076 2290 1255 2362 separatus

125 2393 148 2436 a
166 2375 345 2456 spirituali,
359 2385 414 2438 est
430 2374 541 2438 solum
558 2374 664 2438 homo
679 2375 792 2458 quoad
809 2373 1034 2449 intellectum,
1052 2395 1121 2438 non
1137 2385 1255 2440 autem

127 2470 243 2552 quoad
256 2470 474 2534 voluntatem
488 2492 495 2548 ;
515 2471 605 2534 hanc
622 2470 797 2552 immergit
810 2470 944 2552 corpori
959 2480 995 2534 et
1007 2471 1255 2553 concupiscen-

130 2564 187 2627 tiis
205 2565 329 2640 carnis,
348 2574 384 2629 et
403 2564 472 2628 illis
490 2565 583 2628 horis
599 2566 705 2629 etiam
723 2565 908 2629 comitatur
923 2564 1019 2629 illam
1036 2562 1254 2645 intellectum

126 2659 220 2741 quod
237 2659 291 2723 hic
309 2660 439 2724 nonsit
456 2660 520 2723 nisi
536 2679 639 2742 quam
656 2661 816 2723 dimidius
831 2659 947 2734 homo,
964 2661 1038 2743 ipse
1054 2682 1100 2724 ex
1120 2661 1255 2726 ratione

128 2752 328 2818 intellectus
350 2756 412 2831 sui,
432 2755 460 2818 si
483 2754 598 2820 elevat
621 2755 727 2829 illam,
747 2756 864 2819 videre
888 2765 1018 2839 potest.
1065 2755 1134 2839 (2.),
1152 2755 1255 2838 Quod

129 2847 278 2912 adulteri
296 2868 366 2913 non
385 2851 563 2933 sapientes
581 2851 662 2925 sint,
684 2851 747 2915 nisi
769 2852 804 2915 in
824 2850 981 2933 loquelis,
1002 2860 1038 2916 et
1061 2873 1197 2935 quoque
1220 2854 1255 2918 in

129 2943 295 3024 gestibus,
315 2945 453 3027 quando
471 2945 505 3008 in
524 2947 701 3010 consortio
720 2965 797 3010 cum
816 2948 1048 3011 eminentibus
1067 2949 1253 3030 dignitate,

129 3057 205 3101 cum
222 3037 363 3102 inclutis
381 3040 586 3115 eruditione,
599 3051 636 3105 et
656 3061 734 3106 cum
753 3043 896 3106 moratis
914 3052 1006 3117 sunt,
1021 3052 1059 3106 at
1077 3044 1168 3126 quod
1189 3043 1255 3109 soli

128 3134 218 3215 apud
234 3154 272 3198 se
287 3135 472 3211 insaniant,
487 3135 586 3199 nauci
602 3137 786 3218 pendendo
806 3137 930 3200 Divina
949 3148 985 3201 et
1004 3136 1125 3201 sancta
1140 3139 1254 3203 eccle·

127 3228 209 3302 siae,
230 3238 267 3292 et
286 3231 550 3312 conspurcando
569 3230 714 3295 moralia
731 3232 825 3296 vitae
843 3232 1023 3315 impudicis
1042 3243 1079 3296 et
1098 3233 1252 3309 incastis,

129 3322 162 3385 in
185 3323 301 3406 capite
324 3325 368 3388 de
394 3325 586 3400 adulteriis,
611 3327 808 3391 evincetur:
840 3328 915 3410 quis
938 3348 1007 3391 non
1030 3328 1135 3402 videt,
1159 3329 1252 3410 quod

127 3417 216 3483 tales
239 3419 507 3501 gesticulatores
538 3422 609 3485 sint
637 3422 742 3485 modo
764 3423 879 3505 quoad
901 3434 1085 3488 externam
1108 3422 1252 3505 liguram

126 3511 297 3590 homines,
317 3523 354 3578 et
377 3516 491 3598 quoad
514 3516 687 3580 internam
709 3517 855 3582 sormam
875 3538 944 3581 non
962 3518 1146 3582 homines?
1189 3516 1251 3602 (3.)

126 3606 231 3690 Quod
253 3608 402 3674 adulteri
430 3609 506 3693 plus
529 3621 565 3675 et
592 3611 668 3693 plus
693 3632 762 3675 non
786 3611 944 3677 homines
971 3611 1068 3688 fiant,
1093 3614 1254 3695 autopsia

126 3725 171 3768 ex
194 3706 278 3769 visis
300 3705 369 3769 illis
391 3706 425 3770 in
448 3707 591 3780 inferno,
612 3707 694 3771 mihi
717 3727 780 3789 pro
802 3709 964 3773 elidente
986 3708 1252 3774 confirmatione

126 3800 324 3879 inservivit;
349 3809 430 3865 sunt
449 3802 539 3865 enim
563 3802 609 3866 ibi
627 3803 828 3878 daemones,
848 3805 904 3886 qui
923 3805 1004 3868 dum
1022 3812 1193 3886 apparent
1216 3804 1252 3868 in

127 3895 201 3960 luce
218 3895 318 3971 caeli,
338 3905 419 3960 sunt
437 3897 543 3961 facies
561 3897 697 3963 illorum
715 3898 804 3962 sicut
823 3899 994 3980 pustulae,
1011 3919 1156 3982 corpora
1173 3899 1253 3965 illo·

124 4011 199 4056 rum
217 3993 308 4058 sicut
327 3992 434 4074 gibbi,
454 3991 613 4076 loquelae
635 3993 771 4058 illorum
793 4004 874 4059 sunt
897 3996 1051 4074 scabrae,
1071 4006 1109 4061 et
1130 4007 1252 4079 gestus

128 4106 264 4157 scenici.
