2782 5026
301 457 354 510 ua
377 455 510 508 anona
532 455 850 525 conmotam-n.
872 457 1049 526 inprimi
1174 456 1232 525 123

115 627 173 693 nisi
188 628 250 693 illa
267 629 374 693 etiam
390 629 488 692 simul
505 629 550 693 sit
566 629 706 712 spiritu;
729 629 867 713 spiritus
881 629 1040 706 hominis,
1057 649 1234 713 perquem

115 723 164 787 hic
181 723 389 804 intelligitur
401 743 498 788 mens
513 723 584 805 ejus
597 725 709 807 quoad
726 722 922 789 affediiones
937 735 973 789 et
988 726 1233 806 cogitationes,

114 818 191 883 lacit
211 830 349 882 castum
368 828 404 882 et
428 820 610 893 incastum,
630 821 709 884 inde
732 821 822 884 enim
847 831 900 884 cst
923 822 957 884 in
981 841 1143 903 corpore;
1167 820 1233 884 hoc

113 915 200 977 enirn
227 934 366 996 prorsus
387 913 458 978 tale
477 924 540 988 est,
561 915 671 997 qualis
693 925 747 978 est
771 935 867 979 mens
890 937 949 979 seu
973 917 1129 999 spiritus:
1154 915 1234 979 inde

110 1012 277 1092 sequitur,
297 1008 388 1092 quod
407 1010 464 1092 qui
483 1008 659 1073 abstinent
678 1010 722 1074 ab
744 1010 919 1074 adulteriis
939 1031 1081 1093 corpore
1105 1021 1141 1075 et
1165 1029 1234 1074 non

109 1123 152 1167 ex
181 1105 316 1186 spiritu,
341 1125 404 1168 nec
432 1106 488 1188 qui
510 1105 687 1169 abstinent
709 1106 754 1169 ab
776 1106 843 1169 illis
865 1108 985 1189 spiritu
1008 1128 1053 1170 ex
1078 1127 1234 1190 corpore,

103 1217 177 1262 non
209 1200 282 1263 sint
312 1201 410 1263 casti.
465 1200 601 1264 Dantur
623 1200 753 1265 multae
776 1222 911 1276 causae,
935 1222 1023 1284 quae
1045 1203 1174 1266 iaciunt
1198 1213 1235 1265 ut

99 1291 215 1357 homo
235 1294 382 1359 desistat
406 1294 536 1358 abillis
559 1315 713 1378 corpore,
733 1306 769 1361 et
787 1317 921 1380 quoque
946 1298 1066 1379 spiritu
1088 1318 1134 1360 ex
1157 1317 1234 1361 cor·

95 1407 213 1468 pore;
239 1398 276 1453 at
295 1411 402 1472 usque
418 1391 474 1473 qui
493 1410 563 1453 non
578 1391 715 1454 desistit
734 1391 778 1454 ab
794 1391 861 1455 illis
877 1412 1020 1475 corpore
1040 1414 1085 1456 ex
1102 1393 1233 1475 spiritu,

93 1483 266 1548 incastus
284 1494 361 1567 est;
386 1503 465 1547 nam
485 1484 569 1550 dicit
589 1486 767 1562 Dominus,

153 1628 241 1694 Quod
259 1629 283 1678 si
300 1630 359 1693 quis
377 1630 514 1692 aspexerit
531 1630 671 1680 mulierem
683 1631 807 1690 alienam,
821 1631 899 1681 itaut
910 1631 1082 1694 concupiscat
1096 1646 1164 1691 eam,
1177 1629 1232 1696 jam

243 1695 404 1745 adulterium
418 1709 479 1745 cum
492 1696 539 1746 illu
550 1697 717 1747 commiserit
728 1697 755 1746 in
768 1698 849 1747 corde
862 1712 913 1747 suo
924 1696 1033 1760 (Marti.
1047 1713 1072 1747 v.
1085 1699 1134 1760 28).

87 1839 243 1906 Omnes
255 1861 379 1905 causae
391 1841 621 1906 abstinentiae
637 1842 681 1906 ab
693 1841 870 1906 adulteriis
883 1841 993 1905 solum
1006 1862 1149 1925 corpore
1163 1861 1232 1906 non

85 1937 283 2001 recenseri
301 1946 458 2019 possunt,
479 1956 558 2000 nam
578 1946 658 2000 sunt
677 1939 791 2001 variae
810 1939 999 2000 secundum
1018 1947 1132 2001 status
1148 1957 1232 2000 con·

80 2029 201 2114 jugii,
235 2039 270 2094 et
298 2051 433 2112 quoque
463 2033 651 2095 secundum
682 2042 795 2096 status
822 2034 995 2115 corporis:
1031 2042 1111 2096 sunt
1140 2033 1232 2095 enim

88 2127 162 2210 qui
200 2125 247 2189 ab
279 2124 347 2188 illis
380 2126 568 2202 abstinent,
600 2148 646 2190 ex
679 2128 802 2191 timore
833 2126 920 2209 legis
949 2126 1058 2190 civilis
1091 2125 1232 2208 etejus

86 2241 322 2303 poenarum
353 2241 399 2284 ex
430 2223 553 2285 timore
578 2220 731 2303 jadturae
757 2222 867 2286 lamae
894 2231 930 2286 et
960 2221 1038 2284 inde
1068 2221 1231 2298 honoris;

86 2337 149 2381 ex
171 2318 300 2380 timore
319 2319 514 2381 morborum
533 2339 579 2382 ex
605 2318 691 2397 illis3
721 2339 766 2382 ex
787 2319 909 2382 timore
928 2316 1115 2400 jurgiorum
1138 2316 1231 2379 domi

86 2415 147 2476 ab
173 2432 296 2486 uxore,
320 2422 357 2476 et
379 2413 460 2477 inde
482 2414 777 2495 intranquillitatis
800 2415 912 2490 vitae;
940 2434 986 2476 ex
1010 2413 1133 2475 timore
1155 2412 1230 2474 vin-

87 2505 222 2571 diciae
254 2527 275 2570 a
305 2508 430 2571 marito
464 2518 523 2572 aut
556 2508 679 2588 affine3
713 2528 827 2592 exque
854 2509 978 2572 timore
1004 2508 1184 2570 verberum
1211 2527 1232 2569 a

86 2601 263 2680 famulis;
288 2613 362 2666 tum
385 2603 441 2685 qui
464 2605 641 2668 abstinent
664 2625 709 2667 ex
733 2615 903 2686 egestate,
924 2613 983 2667 aut
1006 2624 1052 2666 ex
1075 2603 1230 2675 avaritia,

85 2708 165 2761 aut
186 2718 235 2762 cx
254 2697 493 2762 imbecillitate
512 2700 656 2763 oriunda
674 2698 729 2763 vel
753 2721 798 2764 ex
819 2699 949 2773 morbo,
970 2697 1025 2761 vel
1044 2718 1090 2760 ex
1109 2696 1229 2777 abusu,

84 2793 159 2857 vel
181 2814 230 2856 ex
250 2802 379 2867 aetate,
399 2792 519 2857 velex
543 2794 759 2878 impotentia.
804 2795 900 2858 Inter
922 2794 986 2857 hos
1008 2794 1112 2856 etiam
1136 2803 1229 2867 sunt,

83 2890 161 2971 qui
181 2888 263 2970 quia
282 2908 351 2952 non
371 2899 516 2971 possunt
535 2900 595 2953 aut
614 2910 683 2953 non
707 2890 835 2953 audent
854 2909 1007 2971 corpore,
1025 2889 1102 2951 ideo
1121 2889 1228 2950 etiam

82 2983 279 3047 damnant
297 2983 466 3047 adulteria
488 2985 628 3067 spiritu;
652 2995 687 3048 et
707 2987 755 3048 sic
775 2984 950 3047 moraliter
969 2995 1092 3047 contra
1112 2982 1170 3046 illa
1193 2992 1229 3046 et

81 3092 168 3154 pro
192 3078 362 3160 conjugiis
384 3078 586 3162 loquuntur:
611 3090 648 3144 at
671 3081 705 3144 hi
728 3081 757 3143 si
782 3099 851 3143 non
874 3080 1006 3161 spiritu,
1031 3089 1067 3143 et
1091 3080 1230 3162 spiritus

79 3190 149 3238 ex
169 3175 351 3256 religione,
372 3174 522 3239 devovet
545 3175 724 3250 adulteria,
745 3196 849 3259 usque
872 3175 1018 3238 adulteri
1038 3185 1130 3249 sunt,
1150 3194 1229 3239 nam

80 3271 249 3334 tametsi
269 3289 337 3333 non
356 3290 507 3353 corpore,
528 3291 632 3353 usque
649 3272 768 3353 spiritu
784 3271 1007 3334 committunt
1024 3270 1102 3348 illa;
1126 3291 1230 3352 quare

80 3375 187 3442 post
215 3375 377 3441 mortem,
407 3386 484 3430 cum
514 3365 599 3432 fiunt
629 3366 777 3449 spiritus,
809 3377 928 3448 aperte
960 3364 1145 3448 loquuntur
1168 3387 1230 3448 pro

78 3455 183 3526 illis.
231 3459 288 3523 Ex
309 3460 361 3524 his
376 3471 484 3544 patet,
502 3463 592 3544 quod
611 3462 716 3525 etiam
732 3462 854 3543 impius
873 3463 983 3543 possit
998 3462 1114 3544 sugere
1131 3462 1228 3525 adul·

80 3557 191 3620 teria
210 3565 250 3619 ut
269 3556 406 3629 damna,
423 3557 483 3620 sed
503 3557 594 3639 quod
613 3556 730 3638 lugere
749 3555 809 3620 illa
827 3568 864 3621 ut
884 3569 1039 3639 peccata,
1060 3577 1128 3620 non
1149 3578 1229 3640 pos·

83 3652 148 3714 sit
167 3650 234 3713 nisi
253 3649 476 3715 Christianus.
521 3650 579 3714 Ex
602 3651 654 3714 his
678 3671 767 3714 nunc
792 3662 932 3715 constat
950 3654 1078 3714 veritas
1101 3672 1228 3734 propo·

84 3746 253 3821 sitionis,
278 3747 369 3828 quod
392 3747 537 3811 castitas
560 3767 629 3810 non
657 3748 844 3829 praedicari
868 3748 977 3830 possit
1000 3748 1042 3810 de
1070 3748 1148 3821 illis,
1172 3749 1246 3830 qui,

90 3840 219 3904 solum
238 3850 380 3922 propter
397 3842 508 3905 varias
531 3861 652 3906 causas
675 3852 841 3906 externas
863 3843 1040 3906 abstinent
1063 3843 1106 3905 ab
1129 3842 1227 3905 adul-

92 3936 211 3998 teriis.
541 3943 545 3950 '

170 4042 378 4112 luuram.
409 4029 499 4115 (xii.)
526 4033 623 4112 Quod
640 4033 781 4098 castitas
810 4054 873 4096 non
898 4034 1011 4114 possit
1032 4032 1231 4114 praedicari

102 4125 148 4189 de
168 4125 250 4202 illis,
269 4127 330 4210 qui
350 4127 488 4192 credunt
508 4128 662 4214 conjugriz
684 4150 756 4193 esse
777 4129 1008 4193 incasto—Hi
1032 4149 1094 4194 nec
1114 4130 1228 4194 sciunt

110 4222 188 4305 quid
206 4223 362 4298 castitas,
382 4243 446 4287 nec
469 4225 559 4307 quod
584 4226 637 4300 sit,
657 4225 745 4289 sicut
769 4224 828 4299 illi,
849 4227 891 4290 de
915 4226 1034 4308 quibus
1057 4245 1158 4307 supra
1179 4223 1226 4308 (n.

117 4320 313 4405 152[prino]);
348 4319 384 4385 et
407 4320 495 4384 sicut
517 4321 577 4396 illi,
601 4321 658 4404 qui
681 4322 880 4386 castitatem
904 4322 1008 4387 modo
1037 4330 1170 4404 ponunt
1192 4322 1226 4385 in

122 4415 290 4497 caelibatu,
305 4418 351 4482 de
369 4417 491 4503 quibus
508 4418 669 4503 sequitur.
