<?xml version="1.0" encoding="UTF-8"?>
<!DOCTYPE html PUBLIC "-//W3C//DTD XHTML 1.0 Transitional//EN"
    "http://www.w3.org/TR/xhtml1/DTD/xhtml1-transitional.dtd">
<html xmlns="http://www.w3.org/1999/xhtml" xml:lang="en" lang="en">
 <head>
  <title>
</title>
<meta http-equiv="Content-Type" content="text/html;charset=utf-8" />
  <meta name='ocr-system' content='tesseract 3.04.00' />
  <meta name='ocr-capabilities' content='ocr_page ocr_carea ocr_par ocr_line ocrx_word'/>
</head>
<body>
  <div class='ocr_page' id='page_1' title='image "./deliciaesapient00swedgoog_0401.png"; bbox 0 0 2782 5026; ppageno 0'>
   <div class='ocr_carea' id='block_1_1' title="bbox 138 411 928 489">
    <p class='ocr_par' dir='ltr' id='par_1_1' title="bbox 138 411 928 489">
     <span class='ocr_line' id='line_1_1' title="bbox 138 411 928 489; baseline 0.001 -26"><span class='ocrx_word' id='word_1_1' title='bbox 138 420 199 489; x_wconf 82' lang='lat'>392</span> <span class='ocrx_word' id='word_1_2' title='bbox 470 411 719 466; x_wconf 81' lang='lat' dir='ltr'>VOLUPTATES</span> <span class='ocrx_word' id='word_1_3' title='bbox 744 411 928 464; x_wconf 79' lang='lat' dir='ltr'><strong>INSANIAE</strong></span> 
     </span>
    </p>
   </div>
   <div class='ocr_carea' id='block_1_2' title="bbox 136 585 1269 864">
    <p class='ocr_par' dir='ltr' id='par_1_2' title="bbox 136 585 1269 864">
     <span class='ocr_line' id='line_1_2' title="bbox 136 585 1269 674; baseline -0.003 -16"><span class='ocrx_word' id='word_1_4' title='bbox 136 592 182 659; x_wconf 91' lang='lat' dir='ltr'>tis</span> <span class='ocrx_word' id='word_1_5' title='bbox 208 591 312 674; x_wconf 82' lang='lat' dir='ltr'>frigus</span> <span class='ocrx_word' id='word_1_6' title='bbox 344 609 365 654; x_wconf 92' lang='lat' dir='ltr'>a</span> <span class='ocrx_word' id='word_1_7' title='bbox 391 586 565 653; x_wconf 88' lang='lat' dir='ltr'>communi</span> <span class='ocrx_word' id='word_1_8' title='bbox 592 607 637 651; x_wconf 89' lang='lat' dir='ltr'>ex</span> <span class='ocrx_word' id='word_1_9' title='bbox 664 585 738 669; x_wconf 85' lang='lat' dir='ltr'>jugi</span> <span class='ocrx_word' id='word_1_10' title='bbox 763 585 872 662; x_wconf 89' lang='lat' dir='ltr'>licito,</span> <span class='ocrx_word' id='word_1_11' title='bbox 892 595 928 652; x_wconf 91' lang='lat' dir='ltr'>et</span> <span class='ocrx_word' id='word_1_12' title='bbox 956 608 1096 672; x_wconf 89' lang='lat' dir='ltr'>quoque</span> <span class='ocrx_word' id='word_1_13' title='bbox 1119 608 1168 654; x_wconf 87' lang='lat' dir='ltr'>ex</span> <span class='ocrx_word' id='word_1_14' title='bbox 1191 590 1269 655; x_wconf 91' lang='lat' dir='ltr'>idea</span> 
     </span>
     <span class='ocr_line' id='line_1_3' title="bbox 137 681 1266 766; baseline -0.003 -14"><span class='ocrx_word' id='word_1_15' title='bbox 137 688 301 753; x_wconf 84' lang='lat' dir='ltr'>lasciviae</span> <span class='ocrx_word' id='word_1_16' title='bbox 318 685 362 751; x_wconf 92' lang='lat' dir='ltr'>de</span> <span class='ocrx_word' id='word_1_17' title='bbox 377 685 457 761; x_wconf 87' lang='lat' dir='ltr'>illis,</span> <span class='ocrx_word' id='word_1_18' title='bbox 474 683 674 749; x_wconf 91' lang='lat' dir='ltr'>oriundum:</span> <span class='ocrx_word' id='word_1_19' title='bbox 703 690 739 746; x_wconf 88' lang='lat' dir='ltr'>et</span> <span class='ocrx_word' id='word_1_20' title='bbox 757 681 824 747; x_wconf 90' lang='lat' dir='ltr'>hae</span> <span class='ocrx_word' id='word_1_21' title='bbox 839 686 1105 766; x_wconf 83' lang='lat' dir='ltr'>repugnantiae,</span> <span class='ocrx_word' id='word_1_22' title='bbox 1124 687 1266 751; x_wconf 89' lang='lat' dir='ltr'>tametsi</span> 
     </span>
     <span class='ocr_line' id='line_1_4' title="bbox 137 778 1265 864; baseline -0.004 -13"><span class='ocrx_word' id='word_1_23' title='bbox 137 783 343 856; x_wconf 89' lang='lat' dir='ltr'>accendunt,</span> <span class='ocrx_word' id='word_1_24' title='bbox 363 800 470 864; x_wconf 88' lang='lat' dir='ltr'>usque</span> <span class='ocrx_word' id='word_1_25' title='bbox 491 799 562 843; x_wconf 90' lang='lat' dir='ltr'>non</span> <span class='ocrx_word' id='word_1_26' title='bbox 585 787 665 842; x_wconf 91' lang='lat' dir='ltr'>sunt</span> <span class='ocrx_word' id='word_1_27' title='bbox 686 797 823 853; x_wconf 89' lang='lat' dir='ltr'>causae,</span> <span class='ocrx_word' id='word_1_28' title='bbox 848 778 909 842; x_wconf 90' lang='lat' dir='ltr'>sed</span> <span class='ocrx_word' id='word_1_29' title='bbox 932 781 1039 844; x_wconf 92' lang='lat' dir='ltr'>modo</span> <span class='ocrx_word' id='word_1_30' title='bbox 1062 791 1147 845; x_wconf 89' lang='lat' dir='ltr'>sunt</span> <span class='ocrx_word' id='word_1_31' title='bbox 1169 782 1265 846; x_wconf 87' lang='lat' dir='ltr'>initia</span> 
     </span>
    </p>
   </div>
   <div class='ocr_carea' id='block_1_3' title="bbox 128 969 1263 4477">
    <p class='ocr_par' dir='ltr' id='par_1_3' title="bbox 132 969 1262 2100">
     <span class='ocr_line' id='line_1_5' title="bbox 132 969 1262 1060; baseline -0.002 -22"><span class='ocrx_word' id='word_1_32' title='bbox 132 973 281 1060; x_wconf 74' lang='lat' dir='ltr'>Jugialis,</span> <span class='ocrx_word' id='word_1_33' title='bbox 300 982 337 1037; x_wconf 90' lang='lat' dir='ltr'>et</span> <span class='ocrx_word' id='word_1_34' title='bbox 360 990 497 1054; x_wconf 91' lang='lat' dir='ltr'>quoque</span> <span class='ocrx_word' id='word_1_35' title='bbox 514 987 613 1033; x_wconf 87' lang='lat' dir='ltr'>amor</span> <span class='ocrx_word' id='word_1_36' title='bbox 630 969 858 1032; x_wconf 86' lang='lat' dir='ltr'>scortatorius</span> <span class='ocrx_word' id='word_1_37' title='bbox 876 989 939 1052; x_wconf 89' lang='lat' dir='ltr'>per</span> <span class='ocrx_word' id='word_1_38' title='bbox 956 971 1141 1047; x_wconf 87' lang='lat' dir='ltr'>exercitia,</span> <span class='ocrx_word' id='word_1_39' title='bbox 1161 971 1262 1036; x_wconf 89' lang='lat' dir='ltr'>obso-</span> 
     </span>
     <span class='ocr_line' id='line_1_6' title="bbox 135 1063 1261 1148; baseline -0.003 -15"><span class='ocrx_word' id='word_1_40' title='bbox 135 1070 306 1142; x_wconf 88' lang='lat' dir='ltr'>leverunt,</span> <span class='ocrx_word' id='word_1_41' title='bbox 333 1075 372 1130; x_wconf 91' lang='lat' dir='ltr'>ut</span> <span class='ocrx_word' id='word_1_42' title='bbox 401 1074 614 1148; x_wconf 79' lang='lat' dir='ltr'>reparentur,</span> <span class='ocrx_word' id='word_1_43' title='bbox 641 1063 751 1127; x_wconf 89' lang='lat' dir='ltr'>velint</span> <span class='ocrx_word' id='word_1_44' title='bbox 768 1064 961 1145; x_wconf 77' lang='lat' dir='ltr'>ignescere</span> <span class='ocrx_word' id='word_1_45' title='bbox 990 1085 1053 1148; x_wconf 85' lang='lat' dir='ltr'>per</span> <span class='ocrx_word' id='word_1_46' title='bbox 1081 1066 1261 1131; x_wconf 88' lang='lat' dir='ltr'>absolutas</span> 
     </span>
     <span class='ocr_line' id='line_1_7' title="bbox 134 1158 1261 1246; baseline -0.002 -19"><span class='ocrx_word' id='word_1_47' title='bbox 134 1163 394 1246; x_wconf 82' lang='lat' dir='ltr'>repugnantias.</span> <span class='ocrx_word' id='word_1_48' title='bbox 439 1159 538 1224; x_wconf 91' lang='lat' dir='ltr'>Haec</span> <span class='ocrx_word' id='word_1_49' title='bbox 562 1159 669 1223; x_wconf 92' lang='lat' dir='ltr'>libido</span> <span class='ocrx_word' id='word_1_50' title='bbox 691 1159 742 1222; x_wconf 90' lang='lat' dir='ltr'>ita</span> <span class='ocrx_word' id='word_1_51' title='bbox 763 1158 903 1242; x_wconf 88' lang='lat' dir='ltr'>incepta</span> <span class='ocrx_word' id='word_1_52' title='bbox 921 1161 1047 1224; x_wconf 87' lang='lat' dir='ltr'>crescit</span> <span class='ocrx_word' id='word_1_53' title='bbox 1071 1172 1209 1244; x_wconf 90' lang='lat' dir='ltr'>postea,</span> <span class='ocrx_word' id='word_1_54' title='bbox 1226 1169 1261 1226; x_wconf 87' lang='lat' dir='ltr'>et</span> 
     </span>
     <span class='ocr_line' id='line_1_8' title="bbox 134 1255 1259 1339; baseline -0.003 -17"><span class='ocrx_word' id='word_1_55' title='bbox 134 1259 223 1324; x_wconf 91' lang='lat' dir='ltr'>sicut</span> <span class='ocrx_word' id='word_1_56' title='bbox 235 1258 370 1331; x_wconf 90' lang='lat' dir='ltr'>crescit,</span> <span class='ocrx_word' id='word_1_57' title='bbox 383 1274 505 1320; x_wconf 88' lang='lat' dir='ltr'>omnes</span> <span class='ocrx_word' id='word_1_58' title='bbox 520 1255 649 1319; x_wconf 88' lang='lat' dir='ltr'>limites</span> <span class='ocrx_word' id='word_1_59' title='bbox 664 1255 790 1318; x_wconf 86' lang='lat' dir='ltr'>amoris</span> <span class='ocrx_word' id='word_1_60' title='bbox 806 1275 911 1319; x_wconf 91' lang='lat' dir='ltr'>sexus</span> <span class='ocrx_word' id='word_1_61' title='bbox 925 1256 1055 1338; x_wconf 90' lang='lat' dir='ltr'>spernit</span> <span class='ocrx_word' id='word_1_62' title='bbox 1068 1266 1105 1321; x_wconf 91' lang='lat' dir='ltr'>et</span> <span class='ocrx_word' id='word_1_63' title='bbox 1122 1257 1259 1339; x_wconf 84' lang='lat' dir='ltr'>rumpit,</span> 
     </span>
     <span class='ocr_line' id='line_1_9' title="bbox 135 1350 1260 1436; baseline 0.001 -20"><span class='ocrx_word' id='word_1_64' title='bbox 135 1363 172 1416; x_wconf 92' lang='lat' dir='ltr'>et</span> <span class='ocrx_word' id='word_1_65' title='bbox 191 1352 405 1417; x_wconf 84' lang='lat' dir='ltr'>exterminat</span> <span class='ocrx_word' id='word_1_66' title='bbox 422 1371 472 1427; x_wconf 91' lang='lat' dir='ltr'>sc,</span> <span class='ocrx_word' id='word_1_67' title='bbox 488 1361 526 1415; x_wconf 89' lang='lat' dir='ltr'>et</span> <span class='ocrx_word' id='word_1_68' title='bbox 544 1350 589 1415; x_wconf 86' lang='lat' dir='ltr'>ab</span> <span class='ocrx_word' id='word_1_69' title='bbox 607 1370 725 1415; x_wconf 91' lang='lat' dir='ltr'>amore</span> <span class='ocrx_word' id='word_1_70' title='bbox 742 1351 873 1416; x_wconf 89' lang='lat' dir='ltr'>lascivo</span> <span class='ocrx_word' id='word_1_71' title='bbox 890 1371 1058 1436; x_wconf 92' lang='lat' dir='ltr'>corporeo</span> <span class='ocrx_word' id='word_1_72' title='bbox 1078 1362 1116 1416; x_wconf 90' lang='lat' dir='ltr'>et</span> <span class='ocrx_word' id='word_1_73' title='bbox 1136 1372 1260 1417; x_wconf 91' lang='lat' dir='ltr'>carneo</span> 
     </span>
     <span class='ocr_line' id='line_1_10' title="bbox 135 1446 1262 1531; baseline 0.001 -19"><span class='ocrx_word' id='word_1_74' title='bbox 135 1446 174 1512; x_wconf 86' lang='lat' dir='ltr'>fit</span> <span class='ocrx_word' id='word_1_75' title='bbox 200 1447 446 1529; x_wconf 81' lang='lat' dir='ltr'>cartilagineus</span> <span class='ocrx_word' id='word_1_76' title='bbox 473 1456 510 1510; x_wconf 92' lang='lat' dir='ltr'>et</span> <span class='ocrx_word' id='word_1_77' title='bbox 541 1466 672 1522; x_wconf 89' lang='lat' dir='ltr'>osseus,</span> <span class='ocrx_word' id='word_1_78' title='bbox 697 1455 733 1510; x_wconf 91' lang='lat' dir='ltr'>et</span> <span class='ocrx_word' id='word_1_79' title='bbox 762 1456 844 1511; x_wconf 92' lang='lat' dir='ltr'>tunc</span> <span class='ocrx_word' id='word_1_80' title='bbox 872 1467 920 1510; x_wconf 85' lang='lat' dir='ltr'>ex</span> <span class='ocrx_word' id='word_1_81' title='bbox 950 1447 1146 1529; x_wconf 87' lang='lat' dir='ltr'>periosteis,</span> <span class='ocrx_word' id='word_1_82' title='bbox 1175 1468 1262 1531; x_wconf 83' lang='lat' dir='ltr'>quae</span> 
     </span>
     <span class='ocr_line' id='line_1_11' title="bbox 135 1539 1261 1626; baseline -0.003 -20"><span class='ocrx_word' id='word_1_83' title='bbox 135 1562 239 1607; x_wconf 88' lang='lat' dir='ltr'>sensu</span> <span class='ocrx_word' id='word_1_84' title='bbox 261 1539 364 1606; x_wconf 72' lang='lat' dir='ltr'>actuo</span> <span class='ocrx_word' id='word_1_85' title='bbox 385 1540 553 1623; x_wconf 85' lang='lat' dir='ltr'>gaudent,</span> <span class='ocrx_word' id='word_1_86' title='bbox 578 1539 617 1605; x_wconf 91' lang='lat' dir='ltr'>lit</span> <span class='ocrx_word' id='word_1_87' title='bbox 643 1550 776 1605; x_wconf 89' lang='lat' dir='ltr'>acutus.</span> <span class='ocrx_word' id='word_1_88' title='bbox 820 1539 890 1605; x_wconf 87' lang='lat' dir='ltr'>Sed</span> <span class='ocrx_word' id='word_1_89' title='bbox 913 1562 1019 1626; x_wconf 91' lang='lat' dir='ltr'>usque</span> <span class='ocrx_word' id='word_1_90' title='bbox 1041 1540 1131 1606; x_wconf 91' lang='lat' dir='ltr'>haec</span> <span class='ocrx_word' id='word_1_91' title='bbox 1155 1541 1261 1606; x_wconf 91' lang='lat' dir='ltr'>libido</span> 
     </span>
     <span class='ocr_line' id='line_1_12' title="bbox 134 1634 1261 1721; baseline 0 -20"><span class='ocrx_word' id='word_1_92' title='bbox 134 1657 211 1702; x_wconf 88' lang='lat' dir='ltr'>rara</span> <span class='ocrx_word' id='word_1_93' title='bbox 226 1647 293 1713; x_wconf 91' lang='lat' dir='ltr'>est,</span> <span class='ocrx_word' id='word_1_94' title='bbox 308 1638 388 1721; x_wconf 84' lang='lat' dir='ltr'>quia</span> <span class='ocrx_word' id='word_1_95' title='bbox 407 1655 476 1700; x_wconf 90' lang='lat' dir='ltr'>non</span> <span class='ocrx_word' id='word_1_96' title='bbox 491 1637 595 1700; x_wconf 86' lang='lat' dir='ltr'>datur</span> <span class='ocrx_word' id='word_1_97' title='bbox 613 1636 678 1700; x_wconf 89' lang='lat' dir='ltr'>nisi</span> <span class='ocrx_word' id='word_1_98' title='bbox 696 1635 786 1719; x_wconf 89' lang='lat' dir='ltr'>apud</span> <span class='ocrx_word' id='word_1_99' title='bbox 806 1635 885 1699; x_wconf 90' lang='lat' dir='ltr'>illos</span> <span class='ocrx_word' id='word_1_100' title='bbox 904 1638 960 1719; x_wconf 91' lang='lat' dir='ltr'>qui</span> <span class='ocrx_word' id='word_1_101' title='bbox 979 1634 1179 1720; x_wconf 85' lang='lat' dir='ltr'>conjugium</span> <span class='ocrx_word' id='word_1_102' title='bbox 1198 1639 1261 1701; x_wconf 90' lang='lat' dir='ltr'>ini·</span> 
     </span>
     <span class='ocr_line' id='line_1_13' title="bbox 134 1730 1261 1813; baseline 0.002 -17"><span class='ocrx_word' id='word_1_103' title='bbox 134 1742 269 1807; x_wconf 86' lang='lat' dir='ltr'>verant,</span> <span class='ocrx_word' id='word_1_104' title='bbox 287 1741 323 1796; x_wconf 89' lang='lat' dir='ltr'>et</span> <span class='ocrx_word' id='word_1_105' title='bbox 346 1741 429 1795; x_wconf 88' lang='lat' dir='ltr'>tunc</span> <span class='ocrx_word' id='word_1_106' title='bbox 454 1731 698 1804; x_wconf 84' lang='lat' dir='ltr'>scortationes,</span> <span class='ocrx_word' id='word_1_107' title='bbox 722 1751 829 1813; x_wconf 91' lang='lat' dir='ltr'>usque</span> <span class='ocrx_word' id='word_1_108' title='bbox 847 1731 928 1794; x_wconf 93' lang='lat' dir='ltr'>dum</span> <span class='ocrx_word' id='word_1_109' title='bbox 947 1731 1132 1796; x_wconf 87' lang='lat' dir='ltr'>obsoletae</span> <span class='ocrx_word' id='word_1_110' title='bbox 1150 1730 1261 1798; x_wconf 76' lang='lat' dir='ltr'>sactae</span> 
     </span>
     <span class='ocr_line' id='line_1_14' title="bbox 134 1823 1262 1910; baseline 0.001 -20"><span class='ocrx_word' id='word_1_111' title='bbox 134 1836 228 1900; x_wconf 88' lang='lat' dir='ltr'>sunt,</span> <span class='ocrx_word' id='word_1_112' title='bbox 246 1835 485 1890; x_wconf 88' lang='lat' dir='ltr'>exercuerant.</span> <span class='ocrx_word' id='word_1_113' title='bbox 531 1826 672 1889; x_wconf 88' lang='lat' dir='ltr'>Praeter</span> <span class='ocrx_word' id='word_1_114' title='bbox 687 1823 776 1888; x_wconf 91' lang='lat' dir='ltr'>hanc</span> <span class='ocrx_word' id='word_1_115' title='bbox 793 1824 986 1890; x_wconf 86' lang='lat' dir='ltr'>naturalem</span> <span class='ocrx_word' id='word_1_116' title='bbox 1003 1845 1145 1890; x_wconf 89' lang='lat' dir='ltr'>causam</span> <span class='ocrx_word' id='word_1_117' title='bbox 1164 1827 1262 1910; x_wconf 84' lang='lat' dir='ltr'>hujus</span> 
     </span>
     <span class='ocr_line' id='line_1_15' title="bbox 134 1919 1262 2005; baseline 0.002 -22"><span class='ocrx_word' id='word_1_118' title='bbox 134 1919 295 1995; x_wconf 89' lang='lat' dir='ltr'>libidinis,</span> <span class='ocrx_word' id='word_1_119' title='bbox 316 1922 419 1985; x_wconf 93' lang='lat' dir='ltr'>datur</span> <span class='ocrx_word' id='word_1_120' title='bbox 440 1921 546 1985; x_wconf 90' lang='lat' dir='ltr'>etiam</span> <span class='ocrx_word' id='word_1_121' title='bbox 569 1940 673 1984; x_wconf 88' lang='lat' dir='ltr'>causa</span> <span class='ocrx_word' id='word_1_122' title='bbox 695 1919 895 2003; x_wconf 88' lang='lat' dir='ltr'>spiritualis,</span> <span class='ocrx_word' id='word_1_123' title='bbox 918 1922 963 1985; x_wconf 93' lang='lat' dir='ltr'>de</span> <span class='ocrx_word' id='word_1_124' title='bbox 984 1941 1052 2003; x_wconf 91' lang='lat' dir='ltr'>qua</span> <span class='ocrx_word' id='word_1_125' title='bbox 1074 1921 1206 2005; x_wconf 91' lang='lat' dir='ltr'>aliquid</span> <span class='ocrx_word' id='word_1_126' title='bbox 1228 1922 1262 1985; x_wconf 93' lang='lat' dir='ltr'>in</span> 
     </span>
     <span class='ocr_line' id='line_1_16' title="bbox 134 2017 368 2100; baseline 0 -22"><span class='ocrx_word' id='word_1_127' title='bbox 134 2017 368 2100; x_wconf 85' lang='lat' dir='ltr'>sequentibus.</span> 
     </span>
    </p>

    <p class='ocr_par' dir='ltr' id='par_1_4' title="bbox 128 2107 1263 4477">
     <span class='ocr_line' id='line_1_17' title="bbox 197 2107 1261 2192; baseline 0.002 -18"><span class='ocrx_word' id='word_1_128' title='bbox 197 2125 291 2192; x_wconf 73' lang='lat'>512·</span> <span class='ocrx_word' id='word_1_129' title='bbox 321 2108 403 2174; x_wconf 88' lang='lat' dir='ltr'>Sors</span> <span class='ocrx_word' id='word_1_130' title='bbox 421 2107 556 2173; x_wconf 91' lang='lat' dir='ltr'>illorum</span> <span class='ocrx_word' id='word_1_131' title='bbox 575 2119 656 2192; x_wconf 90' lang='lat' dir='ltr'>post</span> <span class='ocrx_word' id='word_1_132' title='bbox 675 2118 823 2173; x_wconf 89' lang='lat' dir='ltr'>mortem</span> <span class='ocrx_word' id='word_1_133' title='bbox 842 2109 924 2174; x_wconf 92' lang='lat' dir='ltr'>talis</span> <span class='ocrx_word' id='word_1_134' title='bbox 947 2122 1022 2175; x_wconf 91' lang='lat' dir='ltr'>est:</span> <span class='ocrx_word' id='word_1_135' title='bbox 1047 2121 1131 2175; x_wconf 90' lang='lat' dir='ltr'>tunc</span> <span class='ocrx_word' id='word_1_136' title='bbox 1151 2112 1261 2176; x_wconf 89' lang='lat' dir='ltr'>viola·</span> 
     </span>
     <span class='ocr_line' id='line_1_18' title="bbox 134 2203 1263 2288; baseline 0.004 -21"><span class='ocrx_word' id='word_1_137' title='bbox 134 2213 229 2268; x_wconf 90' lang='lat' dir='ltr'>tores</span> <span class='ocrx_word' id='word_1_138' title='bbox 248 2204 297 2267; x_wconf 91' lang='lat' dir='ltr'>illi</span> <span class='ocrx_word' id='word_1_139' title='bbox 316 2213 442 2285; x_wconf 90' lang='lat' dir='ltr'>sponte</span> <span class='ocrx_word' id='word_1_140' title='bbox 458 2213 619 2287; x_wconf 86' lang='lat' dir='ltr'>separant</span> <span class='ocrx_word' id='word_1_141' title='bbox 637 2225 675 2268; x_wconf 89' lang='lat' dir='ltr'>se</span> <span class='ocrx_word' id='word_1_142' title='bbox 693 2203 738 2267; x_wconf 91' lang='lat' dir='ltr'>ab</span> <span class='ocrx_word' id='word_1_143' title='bbox 759 2203 827 2268; x_wconf 89' lang='lat' dir='ltr'>illis</span> <span class='ocrx_word' id='word_1_144' title='bbox 845 2205 902 2288; x_wconf 91' lang='lat' dir='ltr'>qui</span> <span class='ocrx_word' id='word_1_145' title='bbox 920 2205 954 2269; x_wconf 94' lang='lat' dir='ltr'>in</span> <span class='ocrx_word' id='word_1_146' title='bbox 973 2204 1125 2269; x_wconf 92' lang='lat' dir='ltr'>limitato</span> <span class='ocrx_word' id='word_1_147' title='bbox 1144 2226 1263 2272; x_wconf 85' lang='lat' dir='ltr'>amore</span> 
     </span>
     <span class='ocr_line' id='line_1_19' title="bbox 135 2298 1263 2383; baseline 0.003 -19"><span class='ocrx_word' id='word_1_148' title='bbox 135 2320 240 2364; x_wconf 88' lang='lat' dir='ltr'>sexus</span> <span class='ocrx_word' id='word_1_149' title='bbox 259 2309 350 2375; x_wconf 91' lang='lat' dir='ltr'>sunt,</span> <span class='ocrx_word' id='word_1_150' title='bbox 370 2310 407 2363; x_wconf 91' lang='lat' dir='ltr'>et</span> <span class='ocrx_word' id='word_1_151' title='bbox 426 2319 563 2382; x_wconf 90' lang='lat' dir='ltr'>prorsus</span> <span class='ocrx_word' id='word_1_152' title='bbox 581 2301 625 2362; x_wconf 95' lang='lat' dir='ltr'>ab</span> <span class='ocrx_word' id='word_1_153' title='bbox 644 2298 711 2364; x_wconf 92' lang='lat' dir='ltr'>illis</span> <span class='ocrx_word' id='word_1_154' title='bbox 729 2300 786 2383; x_wconf 91' lang='lat' dir='ltr'>qui</span> <span class='ocrx_word' id='word_1_155' title='bbox 805 2301 838 2364; x_wconf 92' lang='lat' dir='ltr'>in</span> <span class='ocrx_word' id='word_1_156' title='bbox 858 2320 975 2365; x_wconf 86' lang='lat' dir='ltr'>amore</span> <span class='ocrx_word' id='word_1_157' title='bbox 994 2300 1192 2383; x_wconf 85' lang='lat' dir='ltr'>conjugiali,</span> <span class='ocrx_word' id='word_1_158' title='bbox 1212 2304 1263 2367; x_wconf 92' lang='lat' dir='ltr'>ita</span> 
     </span>
     <span class='ocr_line' id='line_1_20' title="bbox 136 2393 1263 2479; baseline 0.003 -20"><span class='ocrx_word' id='word_1_159' title='bbox 136 2415 158 2459; x_wconf 93' lang='lat' dir='ltr'>a</span> <span class='ocrx_word' id='word_1_160' title='bbox 183 2393 300 2458; x_wconf 92' lang='lat' dir='ltr'>caelo:</span> <span class='ocrx_word' id='word_1_161' title='bbox 332 2405 455 2477; x_wconf 89' lang='lat' dir='ltr'>postea</span> <span class='ocrx_word' id='word_1_162' title='bbox 477 2394 683 2476; x_wconf 83' lang='lat' dir='ltr'>delegantur</span> <span class='ocrx_word' id='word_1_163' title='bbox 710 2396 756 2459; x_wconf 94' lang='lat' dir='ltr'>ad</span> <span class='ocrx_word' id='word_1_164' title='bbox 784 2407 900 2459; x_wconf 86' lang='lat' dir='ltr'>scorta</span> <span class='ocrx_word' id='word_1_165' title='bbox 922 2397 1148 2472; x_wconf 86' lang='lat' dir='ltr'>astutissima,</span> <span class='ocrx_word' id='word_1_166' title='bbox 1174 2418 1263 2479; x_wconf 91' lang='lat' dir='ltr'>quae</span> 
     </span>
     <span class='ocr_line' id='line_1_21' title="bbox 134 2489 1262 2575; baseline 0.004 -23"><span class='ocrx_word' id='word_1_167' title='bbox 134 2510 203 2552; x_wconf 93' lang='lat' dir='ltr'>non</span> <span class='ocrx_word' id='word_1_168' title='bbox 227 2489 331 2553; x_wconf 90' lang='lat' dir='ltr'>modo</span> <span class='ocrx_word' id='word_1_169' title='bbox 354 2491 585 2573; x_wconf 86' lang='lat' dir='ltr'>persuasione,</span> <span class='ocrx_word' id='word_1_170' title='bbox 609 2490 671 2554; x_wconf 89' lang='lat' dir='ltr'>sed</span> <span class='ocrx_word' id='word_1_171' title='bbox 694 2491 801 2554; x_wconf 89' lang='lat' dir='ltr'>etiam</span> <span class='ocrx_word' id='word_1_172' title='bbox 824 2512 870 2554; x_wconf 90' lang='lat' dir='ltr'>ex</span> <span class='ocrx_word' id='word_1_173' title='bbox 894 2492 1085 2555; x_wconf 89' lang='lat' dir='ltr'>imitamine</span> <span class='ocrx_word' id='word_1_174' title='bbox 1108 2491 1262 2575; x_wconf 68' lang='lat' dir='ltr'>perfecte</span> 
     </span>
     <span class='ocr_line' id='line_1_22' title="bbox 134 2584 1263 2668; baseline 0.004 -20"><span class='ocrx_word' id='word_1_175' title='bbox 134 2585 346 2660; x_wconf 84' lang='lat' dir='ltr'>histrionic0,</span> <span class='ocrx_word' id='word_1_176' title='bbox 372 2596 516 2668; x_wconf 89' lang='lat' dir='ltr'>possunt</span> <span class='ocrx_word' id='word_1_177' title='bbox 540 2584 670 2667; x_wconf 87' lang='lat' dir='ltr'>fingere</span> <span class='ocrx_word' id='word_1_178' title='bbox 693 2596 729 2650; x_wconf 90' lang='lat' dir='ltr'>et</span> <span class='ocrx_word' id='word_1_179' title='bbox 752 2597 1012 2668; x_wconf 83' lang='lat' dir='ltr'>repraesentare</span> <span class='ocrx_word' id='word_1_180' title='bbox 1035 2588 1124 2651; x_wconf 90' lang='lat' dir='ltr'>sicut</span> <span class='ocrx_word' id='word_1_181' title='bbox 1147 2590 1263 2654; x_wconf 83' lang='lat' dir='ltr'>forent</span> 
     </span>
     <span class='ocr_line' id='line_1_23' title="bbox 132 2680 1262 2766; baseline 0.003 -22"><span class='ocrx_word' id='word_1_182' title='bbox 132 2681 228 2763; x_wconf 87' lang='lat' dir='ltr'>ipsae</span> <span class='ocrx_word' id='word_1_183' title='bbox 256 2682 459 2760; x_wconf 89' lang='lat' dir='ltr'>castitates;</span> <span class='ocrx_word' id='word_1_184' title='bbox 490 2680 557 2745; x_wconf 89' lang='lat' dir='ltr'>hae</span> <span class='ocrx_word' id='word_1_185' title='bbox 585 2682 690 2762; x_wconf 89' lang='lat' dir='ltr'>probe</span> <span class='ocrx_word' id='word_1_186' title='bbox 720 2683 941 2766; x_wconf 90' lang='lat' dir='ltr'>perspiciunt,</span> <span class='ocrx_word' id='word_1_187' title='bbox 970 2683 1108 2764; x_wconf 89' lang='lat' dir='ltr'>quinam</span> <span class='ocrx_word' id='word_1_188' title='bbox 1139 2684 1174 2747; x_wconf 92' lang='lat' dir='ltr'>in</span> <span class='ocrx_word' id='word_1_189' title='bbox 1201 2684 1262 2747; x_wconf 89' lang='lat' dir='ltr'>illa</span> 
     </span>
     <span class='ocr_line' id='line_1_24' title="bbox 137 2775 1261 2861; baseline 0.004 -23"><span class='ocrx_word' id='word_1_190' title='bbox 137 2775 277 2839; x_wconf 90' lang='lat' dir='ltr'>libidine</span> <span class='ocrx_word' id='word_1_191' title='bbox 301 2785 403 2855; x_wconf 89' lang='lat' dir='ltr'>sunt;</span> <span class='ocrx_word' id='word_1_192' title='bbox 439 2795 555 2840; x_wconf 90' lang='lat' dir='ltr'>coram</span> <span class='ocrx_word' id='word_1_193' title='bbox 582 2776 635 2840; x_wconf 90' lang='lat' dir='ltr'>his</span> <span class='ocrx_word' id='word_1_194' title='bbox 658 2775 841 2859; x_wconf 89' lang='lat' dir='ltr'>loquuntur</span> <span class='ocrx_word' id='word_1_195' title='bbox 864 2778 908 2841; x_wconf 92' lang='lat' dir='ltr'>de</span> <span class='ocrx_word' id='word_1_196' title='bbox 930 2779 1093 2841; x_wconf 88' lang='lat' dir='ltr'>castitate</span> <span class='ocrx_word' id='word_1_197' title='bbox 1120 2788 1158 2842; x_wconf 91' lang='lat' dir='ltr'>ct</span> <span class='ocrx_word' id='word_1_198' title='bbox 1189 2778 1261 2861; x_wconf 86' lang='lat' dir='ltr'>ejus</span> 
     </span>
     <span class='ocr_line' id='line_1_25' title="bbox 132 2871 1262 2954; baseline 0.004 -20"><span class='ocrx_word' id='word_1_199' title='bbox 132 2872 369 2954; x_wconf 86' lang='lat' dir='ltr'>pretiositate;</span> <span class='ocrx_word' id='word_1_200' title='bbox 394 2881 430 2935; x_wconf 89' lang='lat' dir='ltr'>et</span> <span class='ocrx_word' id='word_1_201' title='bbox 450 2889 527 2935; x_wconf 91' lang='lat' dir='ltr'>cum</span> <span class='ocrx_word' id='word_1_202' title='bbox 543 2871 692 2935; x_wconf 90' lang='lat' dir='ltr'>violator</span> <span class='ocrx_word' id='word_1_203' title='bbox 707 2873 855 2948; x_wconf 91' lang='lat' dir='ltr'>accedit,</span> <span class='ocrx_word' id='word_1_204' title='bbox 869 2881 905 2936; x_wconf 90' lang='lat' dir='ltr'>et</span> <span class='ocrx_word' id='word_1_205' title='bbox 923 2873 1047 2954; x_wconf 83' lang='lat' dir='ltr'>tangit,</span> <span class='ocrx_word' id='word_1_206' title='bbox 1061 2874 1262 2938; x_wconf 90' lang='lat' dir='ltr'>excandes-</span> 
     </span>
     <span class='ocr_line' id='line_1_26' title="bbox 132 2965 1262 3048; baseline 0.004 -18"><span class='ocrx_word' id='word_1_207' title='bbox 132 2976 227 3040; x_wconf 92' lang='lat' dir='ltr'>cunt,</span> <span class='ocrx_word' id='word_1_208' title='bbox 247 2977 284 3030; x_wconf 91' lang='lat' dir='ltr'>et</span> <span class='ocrx_word' id='word_1_209' title='bbox 307 2965 473 3048; x_wconf 82' lang='lat' dir='ltr'>effugiunt</span> <span class='ocrx_word' id='word_1_210' title='bbox 492 2968 580 3031; x_wconf 90' lang='lat' dir='ltr'>sicut</span> <span class='ocrx_word' id='word_1_211' title='bbox 600 2988 645 3030; x_wconf 90' lang='lat' dir='ltr'>ex</span> <span class='ocrx_word' id='word_1_212' title='bbox 669 2976 800 3030; x_wconf 86' lang='lat' dir='ltr'>terrore</span> <span class='ocrx_word' id='word_1_213' title='bbox 823 2968 856 3031; x_wconf 91' lang='lat' dir='ltr'>in</span> <span class='ocrx_word' id='word_1_214' title='bbox 880 2967 1107 3043; x_wconf 87' lang='lat' dir='ltr'>conclavium,</span> <span class='ocrx_word' id='word_1_215' title='bbox 1129 2970 1187 3033; x_wconf 92' lang='lat' dir='ltr'>ubi</span> <span class='ocrx_word' id='word_1_216' title='bbox 1206 2978 1262 3035; x_wconf 88' lang='lat' dir='ltr'>est</span> 
     </span>
     <span class='ocr_line' id='line_1_27' title="bbox 132 3059 1260 3145; baseline 0.005 -21"><span class='ocrx_word' id='word_1_217' title='bbox 132 3062 267 3144; x_wconf 90' lang='lat' dir='ltr'>sponda</span> <span class='ocrx_word' id='word_1_218' title='bbox 294 3070 330 3126; x_wconf 91' lang='lat' dir='ltr'>et</span> <span class='ocrx_word' id='word_1_219' title='bbox 359 3059 478 3142; x_wconf 59' lang='lat' dir='ltr'>ledus,</span> <span class='ocrx_word' id='word_1_220' title='bbox 502 3082 542 3126; x_wconf 93' lang='lat' dir='ltr'>ac</span> <span class='ocrx_word' id='word_1_221' title='bbox 570 3072 650 3145; x_wconf 90' lang='lat' dir='ltr'>post</span> <span class='ocrx_word' id='word_1_222' title='bbox 678 3083 715 3125; x_wconf 89' lang='lat' dir='ltr'>se</span> <span class='ocrx_word' id='word_1_223' title='bbox 741 3062 881 3143; x_wconf 89' lang='lat' dir='ltr'>januam</span> <span class='ocrx_word' id='word_1_224' title='bbox 904 3063 1028 3127; x_wconf 90' lang='lat' dir='ltr'>leviter</span> <span class='ocrx_word' id='word_1_225' title='bbox 1054 3063 1260 3140; x_wconf 89' lang='lat' dir='ltr'>occludunt,</span> 
     </span>
     <span class='ocr_line' id='line_1_28' title="bbox 131 3157 1260 3241; baseline 0.004 -22"><span class='ocrx_word' id='word_1_226' title='bbox 131 3177 236 3238; x_wconf 88' lang='lat' dir='ltr'>seque</span> <span class='ocrx_word' id='word_1_227' title='bbox 255 3167 447 3238; x_wconf 89' lang='lat' dir='ltr'>reponunt;</span> <span class='ocrx_word' id='word_1_228' title='bbox 471 3177 511 3220; x_wconf 90' lang='lat' dir='ltr'>ac</span> <span class='ocrx_word' id='word_1_229' title='bbox 534 3157 614 3222; x_wconf 91' lang='lat' dir='ltr'>inde</span> <span class='ocrx_word' id='word_1_230' title='bbox 633 3178 693 3240; x_wconf 92' lang='lat' dir='ltr'>per</span> <span class='ocrx_word' id='word_1_231' title='bbox 711 3168 822 3222; x_wconf 92' lang='lat' dir='ltr'>artem</span> <span class='ocrx_word' id='word_1_232' title='bbox 841 3178 937 3222; x_wconf 89' lang='lat' dir='ltr'>suam</span> <span class='ocrx_word' id='word_1_233' title='bbox 956 3159 1123 3241; x_wconf 88' lang='lat' dir='ltr'>inspirant</span> <span class='ocrx_word' id='word_1_234' title='bbox 1148 3160 1260 3224; x_wconf 88' lang='lat' dir='ltr'>viola·</span> 
     </span>
     <span class='ocr_line' id='line_1_29' title="bbox 131 3250 1261 3335; baseline 0.006 -21"><span class='ocrx_word' id='word_1_235' title='bbox 131 3252 199 3316; x_wconf 91' lang='lat' dir='ltr'>tori</span> <span class='ocrx_word' id='word_1_236' title='bbox 221 3250 384 3315; x_wconf 79' lang='lat' dir='ltr'>effrenem</span> <span class='ocrx_word' id='word_1_237' title='bbox 408 3253 602 3335; x_wconf 90' lang='lat' dir='ltr'>cupidinem</span> <span class='ocrx_word' id='word_1_238' title='bbox 626 3253 827 3316; x_wconf 88' lang='lat' dir='ltr'>excutiendi</span> <span class='ocrx_word' id='word_1_239' title='bbox 856 3252 1008 3334; x_wconf 87' lang='lat' dir='ltr'>januam,</span> <span class='ocrx_word' id='word_1_240' title='bbox 1032 3254 1195 3331; x_wconf 87' lang='lat' dir='ltr'>irruendi,</span> <span class='ocrx_word' id='word_1_241' title='bbox 1222 3265 1261 3321; x_wconf 87' lang='lat' dir='ltr'>et</span> 
     </span>
     <span class='ocr_line' id='line_1_30' title="bbox 131 3347 1259 3430; baseline 0.004 -20"><span class='ocrx_word' id='word_1_242' title='bbox 131 3347 336 3424; x_wconf 89' lang='lat' dir='ltr'>invadendi;</span> <span class='ocrx_word' id='word_1_243' title='bbox 367 3347 458 3430; x_wconf 93' lang='lat' dir='ltr'>quod</span> <span class='ocrx_word' id='word_1_244' title='bbox 482 3366 559 3410; x_wconf 92' lang='lat' dir='ltr'>cum</span> <span class='ocrx_word' id='word_1_245' title='bbox 583 3348 632 3420; x_wconf 87' lang='lat' dir='ltr'>fit,</span> <span class='ocrx_word' id='word_1_246' title='bbox 654 3358 807 3412; x_wconf 93' lang='lat' dir='ltr'>scortum</span> <span class='ocrx_word' id='word_1_247' title='bbox 827 3348 965 3429; x_wconf 88' lang='lat' dir='ltr'>erigens</span> <span class='ocrx_word' id='word_1_248' title='bbox 987 3369 1025 3412; x_wconf 89' lang='lat' dir='ltr'>se</span> <span class='ocrx_word' id='word_1_249' title='bbox 1047 3366 1127 3412; x_wconf 88' lang='lat' dir='ltr'>cum</span> <span class='ocrx_word' id='word_1_250' title='bbox 1147 3350 1259 3415; x_wconf 89' lang='lat' dir='ltr'>viola·</span> 
     </span>
     <span class='ocr_line' id='line_1_31' title="bbox 130 3442 1258 3526; baseline 0.002 -19"><span class='ocrx_word' id='word_1_251' title='bbox 130 3452 207 3507; x_wconf 90' lang='lat' dir='ltr'>tore</span> <span class='ocrx_word' id='word_1_252' title='bbox 222 3443 342 3526; x_wconf 91' lang='lat' dir='ltr'>incipit</span> <span class='ocrx_word' id='word_1_253' title='bbox 359 3462 512 3525; x_wconf 87' lang='lat' dir='ltr'>pugnare</span> <span class='ocrx_word' id='word_1_254' title='bbox 525 3444 682 3507; x_wconf 90' lang='lat' dir='ltr'>manibus</span> <span class='ocrx_word' id='word_1_255' title='bbox 698 3452 734 3507; x_wconf 90' lang='lat' dir='ltr'>et</span> <span class='ocrx_word' id='word_1_256' title='bbox 750 3442 929 3525; x_wconf 86' lang='lat' dir='ltr'>unguibus,</span> <span class='ocrx_word' id='word_1_257' title='bbox 945 3442 1109 3507; x_wconf 89' lang='lat' dir='ltr'>laniando</span> <span class='ocrx_word' id='word_1_258' title='bbox 1122 3443 1258 3521; x_wconf 80' lang='lat' dir='ltr'>faciem,</span> 
     </span>
     <span class='ocr_line' id='line_1_32' title="bbox 131 3537 1260 3619; baseline 0.004 -19"><span class='ocrx_word' id='word_1_259' title='bbox 131 3537 352 3601; x_wconf 87' lang='lat' dir='ltr'>dilacerando</span> <span class='ocrx_word' id='word_1_260' title='bbox 375 3547 493 3601; x_wconf 91' lang='lat' dir='ltr'>vestes</span> <span class='ocrx_word' id='word_1_261' title='bbox 516 3537 597 3619; x_wconf 86' lang='lat' dir='ltr'>ejus,</span> <span class='ocrx_word' id='word_1_262' title='bbox 622 3558 662 3602; x_wconf 89' lang='lat' dir='ltr'>ac</span> <span class='ocrx_word' id='word_1_263' title='bbox 692 3558 779 3602; x_wconf 84' lang='lat' dir='ltr'>voce</span> <span class='ocrx_word' id='word_1_264' title='bbox 801 3538 982 3602; x_wconf 85' lang='lat' dir='ltr'>furibunda</span> <span class='ocrx_word' id='word_1_265' title='bbox 1004 3538 1193 3603; x_wconf 90' lang='lat' dir='ltr'>clamando</span> <span class='ocrx_word' id='word_1_266' title='bbox 1215 3541 1260 3605; x_wconf 88' lang='lat' dir='ltr'>ad</span> 
     </span>
     <span class='ocr_line' id='line_1_33' title="bbox 130 3632 1259 3715; baseline 0.003 -19"><span class='ocrx_word' id='word_1_267' title='bbox 130 3641 247 3696; x_wconf 90' lang='lat' dir='ltr'>scorta</span> <span class='ocrx_word' id='word_1_268' title='bbox 257 3632 419 3695; x_wconf 92' lang='lat' dir='ltr'>consocia</span> <span class='ocrx_word' id='word_1_269' title='bbox 431 3643 469 3696; x_wconf 91' lang='lat' dir='ltr'>ut</span> <span class='ocrx_word' id='word_1_270' title='bbox 481 3632 524 3695; x_wconf 91' lang='lat' dir='ltr'>ad</span> <span class='ocrx_word' id='word_1_271' title='bbox 537 3632 681 3696; x_wconf 84' lang='lat' dir='ltr'>famulas</span> <span class='ocrx_word' id='word_1_272' title='bbox 693 3653 754 3714; x_wconf 91' lang='lat' dir='ltr'>pro</span> <span class='ocrx_word' id='word_1_273' title='bbox 764 3632 1002 3714; x_wconf 88' lang='lat' dir='ltr'>opitulatione,</span> <span class='ocrx_word' id='word_1_274' title='bbox 1016 3652 1056 3696; x_wconf 93' lang='lat' dir='ltr'>ac</span> <span class='ocrx_word' id='word_1_275' title='bbox 1068 3634 1259 3715; x_wconf 88' lang='lat' dir='ltr'>aperiendo</span> 
     </span>
     <span class='ocr_line' id='line_1_34' title="bbox 130 3726 1258 3810; baseline 0.004 -20"><span class='ocrx_word' id='word_1_276' title='bbox 130 3726 329 3802; x_wconf 77' lang='lat' dir='ltr'>fenestram,</span> <span class='ocrx_word' id='word_1_277' title='bbox 353 3726 557 3802; x_wconf 89' lang='lat' dir='ltr'>vociferans,</span> <span class='ocrx_word' id='word_1_278' title='bbox 579 3728 689 3802; x_wconf 86' lang='lat' dir='ltr'>“Fur,</span> <span class='ocrx_word' id='word_1_279' title='bbox 713 3728 854 3810; x_wconf 92' lang='lat' dir='ltr'>praedo,</span> <span class='ocrx_word' id='word_1_280' title='bbox 878 3726 1050 3791; x_wconf 91' lang='lat' dir='ltr'>homicida</span> <span class='ocrx_word' id='word_1_281' title='bbox 1060 3727 1088 3804; x_wconf 87' lang='lat'>;”</span> <span class='ocrx_word' id='word_1_282' title='bbox 1118 3737 1156 3793; x_wconf 90' lang='lat' dir='ltr'>et</span> <span class='ocrx_word' id='word_1_283' title='bbox 1180 3748 1258 3795; x_wconf 89' lang='lat' dir='ltr'>cum</span> 
     </span>
     <span class='ocr_line' id='line_1_35' title="bbox 129 3819 1258 3905; baseline 0.005 -20"><span class='ocrx_word' id='word_1_284' title='bbox 129 3822 278 3886; x_wconf 92' lang='lat' dir='ltr'>violator</span> <span class='ocrx_word' id='word_1_285' title='bbox 290 3823 324 3886; x_wconf 90' lang='lat' dir='ltr'>in</span> <span class='ocrx_word' id='word_1_286' title='bbox 336 3819 492 3887; x_wconf 73' lang='lat' dir='ltr'>accinctu</span> <span class='ocrx_word' id='word_1_287' title='bbox 505 3832 570 3897; x_wconf 91' lang='lat' dir='ltr'>est,</span> <span class='ocrx_word' id='word_1_288' title='bbox 584 3823 720 3905; x_wconf 88' lang='lat' dir='ltr'>plangit</span> <span class='ocrx_word' id='word_1_289' title='bbox 733 3832 770 3886; x_wconf 91' lang='lat' dir='ltr'>et</span> <span class='ocrx_word' id='word_1_290' title='bbox 783 3822 1011 3903; x_wconf 56' lang='lat' dir='ltr'>lacrymatum</span> <span class='ocrx_word' id='word_1_291' title='bbox 1035 3832 1072 3886; x_wconf 91' lang='lat' dir='ltr'>et</span> <span class='ocrx_word' id='word_1_292' title='bbox 1089 3834 1171 3905; x_wconf 92' lang='lat' dir='ltr'>post</span> <span class='ocrx_word' id='word_1_293' title='bbox 1184 3824 1258 3891; x_wconf 86' lang='lat' dir='ltr'>vio·</span> 
     </span>
     <span class='ocr_line' id='line_1_36' title="bbox 129 3918 1259 4001; baseline 0.005 -19"><span class='ocrx_word' id='word_1_294' title='bbox 129 3918 297 3982; x_wconf 91' lang='lat' dir='ltr'>lationem</span> <span class='ocrx_word' id='word_1_295' title='bbox 316 3919 505 4001; x_wconf 90' lang='lat' dir='ltr'>prosternit</span> <span class='ocrx_word' id='word_1_296' title='bbox 524 3938 573 3995; x_wconf 93' lang='lat' dir='ltr'>se,</span> <span class='ocrx_word' id='word_1_297' title='bbox 593 3918 710 4000; x_wconf 89' lang='lat' dir='ltr'>ejulat,</span> <span class='ocrx_word' id='word_1_298' title='bbox 727 3927 764 3982; x_wconf 91' lang='lat' dir='ltr'>et</span> <span class='ocrx_word' id='word_1_299' title='bbox 783 3919 923 3993; x_wconf 89' lang='lat' dir='ltr'>clamat,</span> <span class='ocrx_word' id='word_1_300' title='bbox 946 3918 1159 3984; x_wconf 86' lang='lat' dir='ltr'>“Infandum</span> <span class='ocrx_word' id='word_1_301' title='bbox 1171 3921 1199 4000; x_wconf 87' lang='lat'>;&#39;’</span> <span class='ocrx_word' id='word_1_302' title='bbox 1220 3932 1259 3988; x_wconf 88' lang='lat' dir='ltr'>ct</span> 
     </span>
     <span class='ocr_line' id='line_1_37' title="bbox 129 4012 1255 4095; baseline 0.004 -18"><span class='ocrx_word' id='word_1_303' title='bbox 129 4022 212 4078; x_wconf 91' lang='lat' dir='ltr'>tunc</span> <span class='ocrx_word' id='word_1_304' title='bbox 230 4012 326 4094; x_wconf 87' lang='lat' dir='ltr'>gravi</span> <span class='ocrx_word' id='word_1_305' title='bbox 343 4022 427 4076; x_wconf 89' lang='lat' dir='ltr'>tono</span> <span class='ocrx_word' id='word_1_306' title='bbox 441 4012 589 4076; x_wconf 91' lang='lat' dir='ltr'>minatur</span> <span class='ocrx_word' id='word_1_307' title='bbox 604 4014 694 4095; x_wconf 93' lang='lat' dir='ltr'>quod</span> <span class='ocrx_word' id='word_1_308' title='bbox 713 4012 776 4076; x_wconf 89' lang='lat' dir='ltr'>nisi</span> <span class='ocrx_word' id='word_1_309' title='bbox 792 4012 1016 4076; x_wconf 91' lang='lat' dir='ltr'>violationem</span> <span class='ocrx_word' id='word_1_310' title='bbox 1027 4014 1150 4095; x_wconf 87' lang='lat' dir='ltr'>grandi</span> <span class='ocrx_word' id='word_1_311' title='bbox 1167 4035 1255 4081; x_wconf 88' lang='lat' dir='ltr'>mer·</span> 
     </span>
     <span class='ocr_line' id='line_1_38' title="bbox 129 4107 1258 4190; baseline 0.005 -19"><span class='ocrx_word' id='word_1_312' title='bbox 129 4109 214 4171; x_wconf 90' lang='lat' dir='ltr'>cede</span> <span class='ocrx_word' id='word_1_313' title='bbox 233 4109 364 4190; x_wconf 88' lang='lat' dir='ltr'>expiet,</span> <span class='ocrx_word' id='word_1_314' title='bbox 383 4107 544 4171; x_wconf 89' lang='lat' dir='ltr'>molitura</span> <span class='ocrx_word' id='word_1_315' title='bbox 563 4108 608 4171; x_wconf 91' lang='lat' dir='ltr'>sit</span> <span class='ocrx_word' id='word_1_316' title='bbox 627 4109 812 4190; x_wconf 89' lang='lat' dir='ltr'>perniciem</span> <span class='ocrx_word' id='word_1_317' title='bbox 830 4108 911 4190; x_wconf 91' lang='lat' dir='ltr'>ejus.</span> <span class='ocrx_word' id='word_1_318' title='bbox 957 4107 1043 4172; x_wconf 91' lang='lat' dir='ltr'>Cum</span> <span class='ocrx_word' id='word_1_319' title='bbox 1063 4110 1098 4173; x_wconf 92' lang='lat' dir='ltr'>in</span> <span class='ocrx_word' id='word_1_320' title='bbox 1118 4112 1258 4177; x_wconf 85' lang='lat' dir='ltr'>scenica</span> 
     </span>
     <span class='ocr_line' id='line_1_39' title="bbox 128 4202 1257 4288; baseline 0.006 -24"><span class='ocrx_word' id='word_1_321' title='bbox 128 4202 193 4264; x_wconf 92' lang='lat' dir='ltr'>hac</span> <span class='ocrx_word' id='word_1_322' title='bbox 204 4223 329 4265; x_wconf 89' lang='lat' dir='ltr'>venere</span> <span class='ocrx_word' id='word_1_323' title='bbox 341 4212 432 4277; x_wconf 90' lang='lat' dir='ltr'>sunt,</span> <span class='ocrx_word' id='word_1_324' title='bbox 446 4213 614 4285; x_wconf 91' lang='lat' dir='ltr'>apparent</span> <span class='ocrx_word' id='word_1_325' title='bbox 628 4224 646 4265; x_wconf 93' lang='lat' dir='ltr'>e</span> <span class='ocrx_word' id='word_1_326' title='bbox 660 4202 851 4286; x_wconf 87' lang='lat' dir='ltr'>longinquo</span> <span class='ocrx_word' id='word_1_327' title='bbox 864 4204 952 4267; x_wconf 88' lang='lat' dir='ltr'>sicut</span> <span class='ocrx_word' id='word_1_328' title='bbox 964 4203 1060 4277; x_wconf 89' lang='lat' dir='ltr'>seles,</span> <span class='ocrx_word' id='word_1_329' title='bbox 1075 4206 1132 4286; x_wconf 90' lang='lat' dir='ltr'>qui</span> <span class='ocrx_word' id='word_1_330' title='bbox 1145 4226 1257 4288; x_wconf 89' lang='lat' dir='ltr'>paene</span> 
     </span>
     <span class='ocr_line' id='line_1_40' title="bbox 128 4295 1255 4384; baseline 0.006 -25"><span class='ocrx_word' id='word_1_331' title='bbox 128 4297 285 4360; x_wconf 87' lang='lat' dir='ltr'>similiter</span> <span class='ocrx_word' id='word_1_332' title='bbox 308 4308 391 4361; x_wconf 90' lang='lat' dir='ltr'>ante</span> <span class='ocrx_word' id='word_1_333' title='bbox 411 4295 669 4379; x_wconf 76' lang='lat' dir='ltr'>conjunciiones</span> <span class='ocrx_word' id='word_1_334' title='bbox 689 4299 867 4373; x_wconf 89' lang='lat' dir='ltr'>dimicant,</span> <span class='ocrx_word' id='word_1_335' title='bbox 888 4310 1104 4381; x_wconf 83' lang='lat' dir='ltr'>procurrunt,</span> <span class='ocrx_word' id='word_1_336' title='bbox 1125 4311 1161 4365; x_wconf 92' lang='lat' dir='ltr'>et</span> <span class='ocrx_word' id='word_1_337' title='bbox 1184 4301 1255 4384; x_wconf 88' lang='lat' dir='ltr'>eju·</span> 
     </span>
     <span class='ocr_line' id='line_1_41' title="bbox 130 4390 1253 4477; baseline 0.005 -23"><span class='ocrx_word' id='word_1_338' title='bbox 130 4390 215 4455; x_wconf 87' lang='lat' dir='ltr'>lant.</span> <span class='ocrx_word' id='word_1_339' title='bbox 261 4393 343 4457; x_wconf 89' lang='lat' dir='ltr'>Post</span> <span class='ocrx_word' id='word_1_340' title='bbox 361 4394 494 4477; x_wconf 91' lang='lat' dir='ltr'>aliquot</span> <span class='ocrx_word' id='word_1_341' title='bbox 517 4393 601 4458; x_wconf 92' lang='lat' dir='ltr'>talia</span> <span class='ocrx_word' id='word_1_342' title='bbox 624 4395 816 4469; x_wconf 90' lang='lat' dir='ltr'>certamina</span> <span class='ocrx_word' id='word_1_343' title='bbox 834 4394 1021 4477; x_wconf 89' lang='lat' dir='ltr'>lupanaria,</span> <span class='ocrx_word' id='word_1_344' title='bbox 1043 4397 1253 4472; x_wconf 88' lang='lat' dir='ltr'>eximuntur,</span> 
     </span>
    </p>
   </div>
   <div class='ocr_carea' id='block_1_4' title="bbox 0 0 1396 5026">
    <p class='ocr_par' dir='ltr' id='par_1_5' title="bbox 0 0 1396 5026">
     <span class='ocr_line' id='line_1_42' title="bbox 0 0 1396 5026; baseline 0 1"><span class='ocrx_word' id='word_1_345' title='bbox 0 0 1396 5026; x_wconf 95' lang='lat' dir='ltr'> </span> 
     </span>
    </p>
   </div>
  </div>
 </body>
</html>
