<?xml version="1.0" encoding="UTF-8"?>
<!DOCTYPE html PUBLIC "-//W3C//DTD XHTML 1.0 Transitional//EN"
    "http://www.w3.org/TR/xhtml1/DTD/xhtml1-transitional.dtd">
<html xmlns="http://www.w3.org/1999/xhtml" xml:lang="en" lang="en">
 <head>
  <title>
</title>
<meta http-equiv="Content-Type" content="text/html;charset=utf-8" />
  <meta name='ocr-system' content='tesseract 3.04.00' />
  <meta name='ocr-capabilities' content='ocr_page ocr_carea ocr_par ocr_line ocrx_word'/>
</head>
<body>
  <div class='ocr_page' id='page_1' title='image "./deliciaesapient00swedgoog_0384.png"; bbox 0 0 2782 5026; ppageno 0'>
   <div class='ocr_carea' id='block_1_1' title="bbox 345 109 1244 184">
    <p class='ocr_par' dir='ltr' id='par_1_1' title="bbox 345 109 1244 184">
     <span class='ocr_line' id='line_1_1' title="bbox 345 109 1244 184; baseline 0.013 -23"><span class='ocrx_word' id='word_1_1' title='bbox 345 111 395 162; x_wconf 86' lang='lat' dir='ltr'><strong>DE</strong></span> <span class='ocrx_word' id='word_1_2' title='bbox 419 109 555 163; x_wconf 77' lang='lat' dir='ltr'>AMORE</span> <span class='ocrx_word' id='word_1_3' title='bbox 577 110 1030 182; x_wconf 71' lang='lat' dir='ltr'><strong>sconTATOR10.-N.490.</strong></span> <span class='ocrx_word' id='word_1_4' title='bbox 1184 115 1244 184; x_wconf 85' lang='grc'><strong>375</strong></span> 
     </span>
    </p>
   </div>
   <div class='ocr_carea' id='block_1_2' title="bbox 125 276 1251 845">
    <p class='ocr_par' dir='ltr' id='par_1_2' title="bbox 125 276 1251 845">
     <span class='ocr_line' id='line_1_2' title="bbox 127 276 1248 368; baseline 0.004 -23"><span class='ocrx_word' id='word_1_5' title='bbox 127 276 216 347; x_wconf 86' lang='lat' dir='ltr'><strong>idem</strong></span> <span class='ocrx_word' id='word_1_6' title='bbox 238 298 320 346; x_wconf 91' lang='lat' dir='ltr'><strong>cum</strong></span> <span class='ocrx_word' id='word_1_7' title='bbox 349 281 471 347; x_wconf 88' lang='lat' dir='ltr'><strong>altero.</strong></span> <span class='ocrx_word' id='word_1_8' title='bbox 515 281 628 348; x_wconf 83' lang='lat' dir='ltr'>Causa</span> <span class='ocrx_word' id='word_1_9' title='bbox 656 292 722 359; x_wconf 87' lang='lat' dir='ltr'><strong>est,</strong></span> <span class='ocrx_word' id='word_1_10' title='bbox 746 284 825 368; x_wconf 90' lang='lat' dir='ltr'><strong>quia</strong></span> <span class='ocrx_word' id='word_1_11' title='bbox 846 283 957 349; x_wconf 88' lang='lat' dir='ltr'><strong>solum</strong></span> <span class='ocrx_word' id='word_1_12' title='bbox 978 281 1123 350; x_wconf 70' lang='lat' dir='ltr'><strong>reflectit</strong></span> <span class='ocrx_word' id='word_1_13' title='bbox 1146 304 1248 368; x_wconf 88' lang='lat' dir='ltr'><strong>super</strong></span> 
     </span>
     <span class='ocr_line' id='line_1_3' title="bbox 125 374 1248 463; baseline 0.003 -22"><span class='ocrx_word' id='word_1_14' title='bbox 125 374 185 441; x_wconf 83' lang='lat' dir='ltr'><strong>illa</strong></span> <span class='ocrx_word' id='word_1_15' title='bbox 199 396 291 460; x_wconf 85' lang='lat' dir='ltr'><strong>quae</strong></span> <span class='ocrx_word' id='word_1_16' title='bbox 309 377 531 457; x_wconf 81' lang='lat' dir='ltr'><strong>cogitationis</strong></span> <span class='ocrx_word' id='word_1_17' title='bbox 548 399 595 441; x_wconf 88' lang='lat' dir='ltr'><strong>ex</strong></span> <span class='ocrx_word' id='word_1_18' title='bbox 618 377 796 443; x_wconf 72' lang='lat' dir='ltr'><strong>intelleetu</strong></span> <span class='ocrx_word' id='word_1_19' title='bbox 816 388 906 455; x_wconf 88' lang='lat' dir='ltr'><strong>sunt,</strong></span> <span class='ocrx_word' id='word_1_20' title='bbox 926 391 963 444; x_wconf 88' lang='lat' dir='ltr'><strong>et</strong></span> <span class='ocrx_word' id='word_1_21' title='bbox 981 399 1050 444; x_wconf 92' lang='lat' dir='ltr'><strong>non</strong></span> <span class='ocrx_word' id='word_1_22' title='bbox 1069 399 1170 463; x_wconf 84' lang='lat' dir='ltr'><strong>super</strong></span> <span class='ocrx_word' id='word_1_23' title='bbox 1188 380 1248 445; x_wconf 93' lang='lat' dir='ltr'><strong>illa</strong></span> 
     </span>
     <span class='ocr_line' id='line_1_4' title="bbox 126 471 1248 557; baseline 0.004 -22"><span class='ocrx_word' id='word_1_24' title='bbox 126 484 212 554; x_wconf 79' lang='lat' dir='ltr'><strong>quae</strong></span> <span class='ocrx_word' id='word_1_25' title='bbox 233 473 362 536; x_wconf 88' lang='lat' dir='ltr'><strong>amoris</strong></span> <span class='ocrx_word' id='word_1_26' title='bbox 384 492 430 535; x_wconf 89' lang='lat' dir='ltr'><strong>ex</strong></span> <span class='ocrx_word' id='word_1_27' title='bbox 453 471 634 536; x_wconf 89' lang='lat' dir='ltr'><strong>voluntate</strong></span> <span class='ocrx_word' id='word_1_28' title='bbox 653 482 744 550; x_wconf 90' lang='lat' dir='ltr'><strong>sunt,</strong></span> <span class='ocrx_word' id='word_1_29' title='bbox 762 473 850 538; x_wconf 85' lang='lat' dir='ltr'><strong>haec</strong></span> <span class='ocrx_word' id='word_1_30' title='bbox 872 475 963 538; x_wconf 89' lang='lat' dir='ltr'><strong>enim</strong></span> <span class='ocrx_word' id='word_1_31' title='bbox 986 495 1056 538; x_wconf 93' lang='lat' dir='ltr'><strong>non</strong></span> <span class='ocrx_word' id='word_1_32' title='bbox 1077 485 1248 557; x_wconf 78' lang='lat' dir='ltr'>apparent</span> 
     </span>
     <span class='ocr_line' id='line_1_5' title="bbox 126 565 1248 651; baseline 0.005 -23"><span class='ocrx_word' id='word_1_33' title='bbox 126 566 159 629; x_wconf 92' lang='lat' dir='ltr'><strong>in</strong></span> <span class='ocrx_word' id='word_1_34' title='bbox 183 565 259 630; x_wconf 90' lang='lat' dir='ltr'><strong>luce</strong></span> <span class='ocrx_word' id='word_1_35' title='bbox 279 567 368 630; x_wconf 89' lang='lat' dir='ltr'><strong>sicut</strong></span> <span class='ocrx_word' id='word_1_36' title='bbox 387 566 457 630; x_wconf 89' lang='lat' dir='ltr'><strong>illa.</strong></span> <span class='ocrx_word' id='word_1_37' title='bbox 503 567 672 632; x_wconf 86' lang='lat' dir='ltr'><strong>Attamen</strong></span> <span class='ocrx_word' id='word_1_38' title='bbox 690 570 747 651; x_wconf 90' lang='lat' dir='ltr'><strong>qui</strong></span> <span class='ocrx_word' id='word_1_39' title='bbox 769 589 840 633; x_wconf 92' lang='lat' dir='ltr'><strong>non</strong></span> <span class='ocrx_word' id='word_1_40' title='bbox 860 569 1072 634; x_wconf 82' lang='lat' dir='ltr'><strong>discriminat</strong></span> <span class='ocrx_word' id='word_1_41' title='bbox 1087 569 1248 635; x_wconf 80' lang='lat' dir='ltr'><strong>volunta·</strong></span> 
     </span>
     <span class='ocr_line' id='line_1_6' title="bbox 125 660 1251 745; baseline 0.004 -20"><span class='ocrx_word' id='word_1_42' title='bbox 125 670 198 726; x_wconf 88' lang='lat' dir='ltr'><strong>tem</strong></span> <span class='ocrx_word' id='word_1_43' title='bbox 217 669 254 725; x_wconf 88' lang='lat' dir='ltr'><strong>et</strong></span> <span class='ocrx_word' id='word_1_44' title='bbox 272 660 487 726; x_wconf 75' lang='lat' dir='ltr'><strong>intellee&#39;tum</strong></span> <span class='ocrx_word' id='word_1_45' title='bbox 506 663 597 727; x_wconf 90' lang='lat' dir='ltr'><strong>inter</strong></span> <span class='ocrx_word' id='word_1_46' title='bbox 615 684 662 737; x_wconf 89' lang='lat' dir='ltr'><strong>se,</strong></span> <span class='ocrx_word' id='word_1_47' title='bbox 683 683 752 727; x_wconf 89' lang='lat' dir='ltr'><strong>non</strong></span> <span class='ocrx_word' id='word_1_48' title='bbox 771 673 889 745; x_wconf 92' lang='lat' dir='ltr'><strong>potest</strong></span> <span class='ocrx_word' id='word_1_49' title='bbox 907 664 1140 729; x_wconf 82' lang='lat' dir='ltr'><strong>discriminare</strong></span> <span class='ocrx_word' id='word_1_50' title='bbox 1158 666 1251 730; x_wconf 88' lang='lat' dir='ltr'><strong>mala</strong></span> 
     </span>
     <span class='ocr_line' id='line_1_7' title="bbox 125 751 1248 845; baseline 0.004 -25"><span class='ocrx_word' id='word_1_51' title='bbox 125 766 161 821; x_wconf 89' lang='lat' dir='ltr'><strong>et</strong></span> <span class='ocrx_word' id='word_1_52' title='bbox 179 756 273 820; x_wconf 94' lang='lat' dir='ltr'><strong>bona</strong></span> <span class='ocrx_word' id='word_1_53' title='bbox 287 758 377 821; x_wconf 87' lang='lat' dir='ltr'><strong>inter</strong></span> <span class='ocrx_word' id='word_1_54' title='bbox 392 778 440 832; x_wconf 91' lang='lat' dir='ltr'><strong>se,</strong></span> <span class='ocrx_word' id='word_1_55' title='bbox 454 768 490 821; x_wconf 88' lang='lat' dir='ltr'><strong>et</strong></span> <span class='ocrx_word' id='word_1_56' title='bbox 509 759 589 822; x_wconf 91' lang='lat' dir='ltr'><strong>inde</strong></span> <span class='ocrx_word' id='word_1_57' title='bbox 605 779 742 843; x_wconf 83' lang='lat' dir='ltr'><strong>prorsus</strong></span> <span class='ocrx_word' id='word_1_58' title='bbox 758 779 827 823; x_wconf 91' lang='lat' dir='ltr'><strong>non</strong></span> <span class='ocrx_word' id='word_1_59' title='bbox 843 761 930 824; x_wconf 87' lang='lat' dir='ltr'><strong>scire</strong></span> <span class='ocrx_word' id='word_1_60' title='bbox 942 751 1068 843; x_wconf 85' lang='lat' dir='ltr'><strong>aliquid</strong></span> <span class='ocrx_word' id='word_1_61' title='bbox 1088 761 1131 825; x_wconf 88' lang='lat' dir='ltr'><strong>de</strong></span> <span class='ocrx_word' id='word_1_62' title='bbox 1149 760 1248 845; x_wconf 92' lang='lat' dir='ltr'><strong>culpa</strong></span> 
     </span>
    </p>
   </div>
   <div class='ocr_carea' id='block_1_3' title="bbox 125 851 1262 4166">
    <p class='ocr_par' dir='ltr' id='par_1_3' title="bbox 125 851 1262 4166">
     <span class='ocr_line' id='line_1_8' title="bbox 126 851 1251 937; baseline 0.006 -23"><span class='ocrx_word' id='word_1_63' title='bbox 126 852 271 932; x_wconf 83' lang='lat' dir='ltr'><strong>pcccati.</strong></span> <span class='ocrx_word' id='word_1_64' title='bbox 316 851 385 916; x_wconf 89' lang='lat' dir='ltr'><strong>Sed</strong></span> <span class='ocrx_word' id='word_1_65' title='bbox 407 854 483 935; x_wconf 86' lang='lat' dir='ltr'><strong>quis</strong></span> <span class='ocrx_word' id='word_1_66' title='bbox 510 874 580 917; x_wconf 93' lang='lat' dir='ltr'><strong>non</strong></span> <span class='ocrx_word' id='word_1_67' title='bbox 603 855 679 929; x_wconf 88' lang='lat' dir='ltr'><strong>scit,</strong></span> <span class='ocrx_word' id='word_1_68' title='bbox 704 855 795 937; x_wconf 88' lang='lat' dir='ltr'><strong>quod</strong></span> <span class='ocrx_word' id='word_1_69' title='bbox 819 855 946 919; x_wconf 92' lang='lat' dir='ltr'><strong>bonum</strong></span> <span class='ocrx_word' id='word_1_70' title='bbox 973 865 1010 920; x_wconf 90' lang='lat' dir='ltr'><strong>et</strong></span> <span class='ocrx_word' id='word_1_71' title='bbox 1040 874 1157 920; x_wconf 87' lang='lat' dir='ltr'><strong>verum</strong></span> <span class='ocrx_word' id='word_1_72' title='bbox 1181 858 1251 922; x_wconf 91' lang='lat' dir='ltr'><strong>duo</strong></span> 
     </span>
     <span class='ocr_line' id='line_1_9' title="bbox 126 943 1250 1033; baseline 0.007 -25"><span class='ocrx_word' id='word_1_73' title='bbox 126 943 291 1010; x_wconf 73' lang='lat' dir='ltr'><strong>distincta</strong></span> <span class='ocrx_word' id='word_1_74' title='bbox 312 948 395 1022; x_wconf 87' lang='lat' dir='ltr'><strong>sint,</strong></span> <span class='ocrx_word' id='word_1_75' title='bbox 417 949 507 1013; x_wconf 87' lang='lat' dir='ltr'><strong>sicut</strong></span> <span class='ocrx_word' id='word_1_76' title='bbox 529 968 626 1012; x_wconf 88' lang='lat' dir='ltr'><strong>amor</strong></span> <span class='ocrx_word' id='word_1_77' title='bbox 648 960 684 1013; x_wconf 89' lang='lat' dir='ltr'><strong>et</strong></span> <span class='ocrx_word' id='word_1_78' title='bbox 713 950 904 1030; x_wconf 85' lang='lat' dir='ltr'><strong>sapientia?</strong></span> <span class='ocrx_word' id='word_1_79' title='bbox 936 960 975 1014; x_wconf 88' lang='lat' dir='ltr'><strong>et</strong></span> <span class='ocrx_word' id='word_1_80' title='bbox 1001 951 1085 1033; x_wconf 87' lang='lat' dir='ltr'><strong>quis,</strong></span> <span class='ocrx_word' id='word_1_81' title='bbox 1106 952 1186 1014; x_wconf 90' lang='lat' dir='ltr'><strong>dum</strong></span> <span class='ocrx_word' id='word_1_82' title='bbox 1216 953 1250 1016; x_wconf 91' lang='lat' dir='ltr'><strong>in</strong></span> 
     </span>
     <span class='ocr_line' id='line_1_10' title="bbox 125 1041 1252 1129; baseline 0.004 -22"><span class='ocrx_word' id='word_1_83' title='bbox 125 1041 287 1107; x_wconf 86' lang='lat' dir='ltr'><strong>rationali</strong></span> <span class='ocrx_word' id='word_1_84' title='bbox 300 1042 427 1107; x_wconf 91' lang='lat' dir='ltr'><strong>lumine</strong></span> <span class='ocrx_word' id='word_1_85' title='bbox 443 1053 508 1119; x_wconf 88' lang='lat' dir='ltr'><strong>est,</strong></span> <span class='ocrx_word' id='word_1_86' title='bbox 522 1045 602 1109; x_wconf 88' lang='lat' dir='ltr'><strong>inde</strong></span> <span class='ocrx_word' id='word_1_87' title='bbox 618 1064 687 1107; x_wconf 94' lang='lat' dir='ltr'><strong>non</strong></span> <span class='ocrx_word' id='word_1_88' title='bbox 704 1044 911 1109; x_wconf 80' lang='lat' dir='ltr'><strong>concludere</strong></span> <span class='ocrx_word' id='word_1_89' title='bbox 926 1055 1055 1128; x_wconf 93' lang='lat' dir='ltr'><strong>potest,</strong></span> <span class='ocrx_word' id='word_1_90' title='bbox 1072 1047 1163 1129; x_wconf 92' lang='lat' dir='ltr'><strong>quod</strong></span> <span class='ocrx_word' id='word_1_91' title='bbox 1183 1048 1252 1112; x_wconf 92' lang='lat' dir='ltr'><strong>duo</strong></span> 
     </span>
     <span class='ocr_line' id='line_1_11' title="bbox 127 1138 1251 1223; baseline 0.006 -23"><span class='ocrx_word' id='word_1_92' title='bbox 127 1138 198 1204; x_wconf 88' lang='lat' dir='ltr'><strong>sint</strong></span> <span class='ocrx_word' id='word_1_93' title='bbox 223 1138 258 1201; x_wconf 88' lang='lat' dir='ltr'><strong>iu</strong></span> <span class='ocrx_word' id='word_1_94' title='bbox 284 1138 434 1214; x_wconf 85' lang='lat' dir='ltr'><strong>homine,</strong></span> <span class='ocrx_word' id='word_1_95' title='bbox 454 1160 540 1223; x_wconf 91' lang='lat' dir='ltr'><strong>quae</strong></span> <span class='ocrx_word' id='word_1_96' title='bbox 563 1138 726 1204; x_wconf 72' lang='lat' dir='ltr'><strong>distincte</strong></span> <span class='ocrx_word' id='word_1_97' title='bbox 744 1141 912 1222; x_wconf 87' lang='lat' dir='ltr'><strong>recipiunt</strong></span> <span class='ocrx_word' id='word_1_98' title='bbox 938 1151 975 1206; x_wconf 87' lang='lat' dir='ltr'><strong>et</strong></span> <span class='ocrx_word' id='word_1_99' title='bbox 1002 1142 1165 1207; x_wconf 86' lang='lat' dir='ltr'><strong>addicant</strong></span> <span class='ocrx_word' id='word_1_100' title='bbox 1188 1144 1251 1208; x_wconf 88' lang='lat' dir='ltr'><strong>sibi</strong></span> 
     </span>
     <span class='ocr_line' id='line_1_12' title="bbox 126 1232 1250 1316; baseline 0.003 -18"><span class='ocrx_word' id='word_1_101' title='bbox 126 1232 197 1308; x_wconf 91' lang='lat' dir='ltr'><strong>illa,</strong></span> <span class='ocrx_word' id='word_1_102' title='bbox 216 1243 254 1298; x_wconf 88' lang='lat' dir='ltr'><strong>et</strong></span> <span class='ocrx_word' id='word_1_103' title='bbox 272 1236 363 1316; x_wconf 90' lang='lat' dir='ltr'><strong>quod</strong></span> <span class='ocrx_word' id='word_1_104' title='bbox 382 1255 485 1298; x_wconf 89' lang='lat' dir='ltr'><strong>unum</strong></span> <span class='ocrx_word' id='word_1_105' title='bbox 505 1237 548 1298; x_wconf 91' lang='lat' dir='ltr'><strong>sit</strong></span> <span class='ocrx_word' id='word_1_106' title='bbox 565 1235 738 1311; x_wconf 83' lang='lat' dir='ltr'><strong>voluntas,</strong></span> <span class='ocrx_word' id='word_1_107' title='bbox 757 1254 799 1299; x_wconf 92' lang='lat' dir='ltr'><strong>ac</strong></span> <span class='ocrx_word' id='word_1_108' title='bbox 817 1236 964 1300; x_wconf 87' lang='lat' dir='ltr'><strong>alterum</strong></span> <span class='ocrx_word' id='word_1_109' title='bbox 980 1235 1187 1312; x_wconf 74' lang='lat' dir='ltr'><strong>intelled&#39;tus,</strong></span> <span class='ocrx_word' id='word_1_110' title='bbox 1205 1259 1250 1302; x_wconf 89' lang='lat' dir='ltr'><strong>ex</strong></span> 
     </span>
     <span class='ocr_line' id='line_1_13' title="bbox 128 1329 1251 1412; baseline 0.005 -21"><span class='ocrx_word' id='word_1_111' title='bbox 128 1347 232 1392; x_wconf 88' lang='lat' dir='ltr'><strong>causa</strong></span> <span class='ocrx_word' id='word_1_112' title='bbox 252 1330 333 1411; x_wconf 87' lang='lat' dir='ltr'><strong>quia</strong></span> <span class='ocrx_word' id='word_1_113' title='bbox 354 1330 388 1392; x_wconf 92' lang='lat' dir='ltr'><strong>id</strong></span> <span class='ocrx_word' id='word_1_114' title='bbox 412 1331 503 1411; x_wconf 91' lang='lat' dir='ltr'><strong>quod</strong></span> <span class='ocrx_word' id='word_1_115' title='bbox 521 1329 682 1394; x_wconf 88' lang='lat' dir='ltr'><strong>voluntas</strong></span> <span class='ocrx_word' id='word_1_116' title='bbox 704 1331 825 1412; x_wconf 88' lang='lat' dir='ltr'><strong>recipit</strong></span> <span class='ocrx_word' id='word_1_117' title='bbox 848 1340 885 1395; x_wconf 93' lang='lat' dir='ltr'><strong>et</strong></span> <span class='ocrx_word' id='word_1_118' title='bbox 907 1330 1104 1412; x_wconf 89' lang='lat' dir='ltr'><strong>reproducit</strong></span> <span class='ocrx_word' id='word_1_119' title='bbox 1127 1334 1251 1398; x_wconf 91' lang='lat' dir='ltr'><strong>dicitur</strong></span> 
     </span>
     <span class='ocr_line' id='line_1_14' title="bbox 128 1422 1251 1508; baseline 0.002 -19"><span class='ocrx_word' id='word_1_120' title='bbox 128 1423 269 1499; x_wconf 89' lang='lat' dir='ltr'><strong>bonum,</strong></span> <span class='ocrx_word' id='word_1_121' title='bbox 288 1444 327 1487; x_wconf 90' lang='lat' dir='ltr'><strong>ac</strong></span> <span class='ocrx_word' id='word_1_122' title='bbox 346 1426 380 1488; x_wconf 93' lang='lat' dir='ltr'><strong>id</strong></span> <span class='ocrx_word' id='word_1_123' title='bbox 399 1425 491 1508; x_wconf 93' lang='lat' dir='ltr'><strong>quod</strong></span> <span class='ocrx_word' id='word_1_124' title='bbox 510 1422 708 1489; x_wconf 71' lang='lat' dir='ltr'><strong>intellectus</strong></span> <span class='ocrx_word' id='word_1_125' title='bbox 726 1427 846 1507; x_wconf 89' lang='lat' dir='ltr'><strong>recipit</strong></span> <span class='ocrx_word' id='word_1_126' title='bbox 865 1426 990 1489; x_wconf 90' lang='lat' dir='ltr'><strong>dicitur</strong></span> <span class='ocrx_word' id='word_1_127' title='bbox 1007 1427 1148 1490; x_wconf 83' lang='lat' dir='ltr'><strong>verum?</strong></span> <span class='ocrx_word' id='word_1_128' title='bbox 1172 1447 1251 1491; x_wconf 88' lang='lat' dir='ltr'><strong>narn</strong></span> 
     </span>
     <span class='ocr_line' id='line_1_15' title="bbox 129 1520 1252 1604; baseline 0.002 -20"><span class='ocrx_word' id='word_1_129' title='bbox 129 1521 221 1603; x_wconf 89' lang='lat' dir='ltr'><strong>quod</strong></span> <span class='ocrx_word' id='word_1_130' title='bbox 243 1521 408 1584; x_wconf 87' lang='lat' dir='ltr'><strong>voluntas</strong></span> <span class='ocrx_word' id='word_1_131' title='bbox 430 1531 524 1584; x_wconf 88' lang='lat' dir='ltr'><strong>amat</strong></span> <span class='ocrx_word' id='word_1_132' title='bbox 546 1531 582 1585; x_wconf 90' lang='lat' dir='ltr'><strong>et</strong></span> <span class='ocrx_word' id='word_1_133' title='bbox 610 1520 692 1584; x_wconf 82' lang='lat' dir='ltr'><strong>lacit</strong></span> <span class='ocrx_word' id='word_1_134' title='bbox 714 1521 908 1603; x_wconf 88' lang='lat' dir='ltr'><strong>appellatur</strong></span> <span class='ocrx_word' id='word_1_135' title='bbox 930 1520 1069 1597; x_wconf 89' lang='lat' dir='ltr'><strong>bonum,</strong></span> <span class='ocrx_word' id='word_1_136' title='bbox 1093 1533 1130 1586; x_wconf 92' lang='lat' dir='ltr'><strong>et</strong></span> <span class='ocrx_word' id='word_1_137' title='bbox 1160 1523 1252 1604; x_wconf 87' lang='lat' dir='ltr'><strong>quod</strong></span> 
     </span>
     <span class='ocr_line' id='line_1_16' title="bbox 130 1614 1252 1698; baseline 0 -18"><span class='ocrx_word' id='word_1_138' title='bbox 130 1614 326 1680; x_wconf 70' lang='lat' dir='ltr'><strong>intellectus</strong></span> <span class='ocrx_word' id='word_1_139' title='bbox 355 1617 499 1698; x_wconf 89' lang='lat' dir='ltr'><strong>percipit</strong></span> <span class='ocrx_word' id='word_1_140' title='bbox 531 1626 568 1680; x_wconf 93' lang='lat' dir='ltr'><strong>et</strong></span> <span class='ocrx_word' id='word_1_141' title='bbox 593 1617 728 1697; x_wconf 84' lang='lat' dir='ltr'><strong>cogitat</strong></span> <span class='ocrx_word' id='word_1_142' title='bbox 758 1615 952 1698; x_wconf 89' lang='lat' dir='ltr'><strong>appellatur</strong></span> <span class='ocrx_word' id='word_1_143' title='bbox 979 1634 1107 1680; x_wconf 82' lang='lat' dir='ltr'><strong>verum.</strong></span> <span class='ocrx_word' id='word_1_144' title='bbox 1152 1617 1252 1681; x_wconf 90' lang='lat' dir='ltr'><strong>Nunc</strong></span> 
     </span>
     <span class='ocr_line' id='line_1_17' title="bbox 131 1709 1252 1794; baseline 0.002 -20"><span class='ocrx_word' id='word_1_145' title='bbox 131 1711 208 1794; x_wconf 88' lang='lat' dir='ltr'><strong>quia</strong></span> <span class='ocrx_word' id='word_1_146' title='bbox 226 1711 270 1774; x_wconf 92' lang='lat' dir='ltr'><strong>de</strong></span> <span class='ocrx_word' id='word_1_147' title='bbox 289 1710 448 1793; x_wconf 91' lang='lat' dir='ltr'><strong>conjugio</strong></span> <span class='ocrx_word' id='word_1_148' title='bbox 464 1711 544 1773; x_wconf 91' lang='lat' dir='ltr'><strong>boni</strong></span> <span class='ocrx_word' id='word_1_149' title='bbox 567 1720 602 1774; x_wconf 88' lang='lat' dir='ltr'><strong>et</strong></span> <span class='ocrx_word' id='word_1_150' title='bbox 625 1712 695 1774; x_wconf 89' lang='lat' dir='ltr'><strong>veri</strong></span> <span class='ocrx_word' id='word_1_151' title='bbox 718 1710 753 1774; x_wconf 96' lang='lat' dir='ltr'><strong>in</strong></span> <span class='ocrx_word' id='word_1_152' title='bbox 770 1710 870 1773; x_wconf 88' lang='lat' dir='ltr'><strong>Parte</strong></span> <span class='ocrx_word' id='word_1_153' title='bbox 891 1709 1003 1774; x_wconf 89' lang='lat' dir='ltr'><strong>Prima</strong></span> <span class='ocrx_word' id='word_1_154' title='bbox 1021 1711 1119 1794; x_wconf 88' lang='lat' dir='ltr'><strong>hujus</strong></span> <span class='ocrx_word' id='word_1_155' title='bbox 1137 1713 1252 1793; x_wconf 86' lang='lat' dir='ltr'><strong>operis</strong></span> 
     </span>
     <span class='ocr_line' id='line_1_18' title="bbox 130 1803 1252 1881; baseline 0.001 -12"><span class='ocrx_word' id='word_1_156' title='bbox 130 1803 243 1870; x_wconf 70' lang='lat' dir='ltr'><strong>adium</strong></span> <span class='ocrx_word' id='word_1_157' title='bbox 260 1815 325 1880; x_wconf 90' lang='lat' dir='ltr'><strong>est,</strong></span> <span class='ocrx_word' id='word_1_158' title='bbox 345 1825 385 1869; x_wconf 89' lang='lat' dir='ltr'><strong>ac</strong></span> <span class='ocrx_word' id='word_1_159' title='bbox 403 1807 449 1870; x_wconf 93' lang='lat' dir='ltr'><strong>ibi</strong></span> <span class='ocrx_word' id='word_1_160' title='bbox 468 1805 510 1869; x_wconf 95' lang='lat' dir='ltr'><strong>de</strong></span> <span class='ocrx_word' id='word_1_161' title='bbox 528 1805 709 1869; x_wconf 87' lang='lat' dir='ltr'><strong>voluntate</strong></span> <span class='ocrx_word' id='word_1_162' title='bbox 727 1815 764 1869; x_wconf 91' lang='lat' dir='ltr'><strong>et</strong></span> <span class='ocrx_word' id='word_1_163' title='bbox 787 1803 977 1881; x_wconf 71' lang='lat' dir='ltr'><strong>intellectu,</strong></span> <span class='ocrx_word' id='word_1_164' title='bbox 997 1825 1037 1870; x_wconf 88' lang='lat' dir='ltr'><strong>ac</strong></span> <span class='ocrx_word' id='word_1_165' title='bbox 1061 1807 1104 1870; x_wconf 85' lang='lat' dir='ltr'><strong>de</strong></span> <span class='ocrx_word' id='word_1_166' title='bbox 1127 1809 1252 1870; x_wconf 88' lang='lat' dir='ltr'><strong>utrius·</strong></span> 
     </span>
     <span class='ocr_line' id='line_1_19' title="bbox 131 1898 1251 1983; baseline 0.001 -19"><span class='ocrx_word' id='word_1_167' title='bbox 131 1920 196 1983; x_wconf 88' lang='lat' dir='ltr'><strong>que</strong></span> <span class='ocrx_word' id='word_1_168' title='bbox 223 1901 325 1964; x_wconf 86' lang='lat' dir='ltr'><strong>variis</strong></span> <span class='ocrx_word' id='word_1_169' title='bbox 347 1900 524 1964; x_wconf 88' lang='lat' dir='ltr'><strong>attributis</strong></span> <span class='ocrx_word' id='word_1_170' title='bbox 553 1909 590 1963; x_wconf 91' lang='lat' dir='ltr'><strong>et</strong></span> <span class='ocrx_word' id='word_1_171' title='bbox 619 1901 837 1980; x_wconf 88' lang='lat' dir='ltr'><strong>praedicatis,</strong></span> <span class='ocrx_word' id='word_1_172' title='bbox 861 1901 958 1982; x_wconf 87' lang='lat' dir='ltr'><strong>plura</strong></span> <span class='ocrx_word' id='word_1_173' title='bbox 986 1898 1134 1965; x_wconf 74' lang='lat' dir='ltr'><strong>addudta</strong></span> <span class='ocrx_word' id='word_1_174' title='bbox 1160 1912 1251 1977; x_wconf 88' lang='lat' dir='ltr'><strong>sunt,</strong></span> 
     </span>
     <span class='ocr_line' id='line_1_20' title="bbox 133 1993 1254 2078; baseline 0.002 -20"><span class='ocrx_word' id='word_1_175' title='bbox 133 1993 245 2078; x_wconf 89' lang='lat' dir='ltr'><strong>(quae,</strong></span> <span class='ocrx_word' id='word_1_176' title='bbox 266 2006 304 2059; x_wconf 92' lang='lat' dir='ltr'><strong>ut</strong></span> <span class='ocrx_word' id='word_1_177' title='bbox 321 2005 474 2069; x_wconf 79' lang='lat' dir='ltr'><strong>autumn,</strong></span> <span class='ocrx_word' id='word_1_178' title='bbox 495 1996 727 2077; x_wconf 89' lang='lat' dir='ltr'><strong>percipiuntur</strong></span> <span class='ocrx_word' id='word_1_179' title='bbox 745 1997 849 2059; x_wconf 87' lang='lat' dir='ltr'><strong>etiarn</strong></span> <span class='ocrx_word' id='word_1_180' title='bbox 868 1994 1007 2070; x_wconf 84' lang='lat' dir='ltr'><strong>abillis,</strong></span> <span class='ocrx_word' id='word_1_181' title='bbox 1027 1994 1084 2078; x_wconf 89' lang='lat' dir='ltr'><strong>qui</strong></span> <span class='ocrx_word' id='word_1_182' title='bbox 1103 2015 1172 2059; x_wconf 92' lang='lat' dir='ltr'><strong>non</strong></span> <span class='ocrx_word' id='word_1_183' title='bbox 1189 1995 1254 2060; x_wconf 91' lang='lat' dir='ltr'><strong>ali·</strong></span> 
     </span>
     <span class='ocr_line' id='line_1_21' title="bbox 132 2087 1252 2172; baseline 0.003 -20"><span class='ocrx_word' id='word_1_184' title='bbox 132 2090 210 2171; x_wconf 90' lang='lat' dir='ltr'><strong>quid</strong></span> <span class='ocrx_word' id='word_1_185' title='bbox 234 2088 396 2153; x_wconf 71' lang='lat' dir='ltr'><strong>distincte</strong></span> <span class='ocrx_word' id='word_1_186' title='bbox 422 2090 466 2153; x_wconf 90' lang='lat' dir='ltr'><strong>de</strong></span> <span class='ocrx_word' id='word_1_187' title='bbox 498 2087 678 2154; x_wconf 74' lang='lat' dir='ltr'><strong>intelledtu</strong></span> <span class='ocrx_word' id='word_1_188' title='bbox 707 2099 743 2154; x_wconf 90' lang='lat' dir='ltr'><strong>et</strong></span> <span class='ocrx_word' id='word_1_189' title='bbox 776 2090 958 2153; x_wconf 86' lang='lat' dir='ltr'><strong>voluntate</strong></span> <span class='ocrx_word' id='word_1_190' title='bbox 988 2091 1252 2172; x_wconf 82' lang='lat' dir='ltr'><strong>cogitaverant3</strong></span> 
     </span>
     <span class='ocr_line' id='line_1_22' title="bbox 132 2184 1252 2260; baseline 0.001 -13"><span class='ocrx_word' id='word_1_191' title='bbox 132 2185 220 2249; x_wconf 92' lang='lat' dir='ltr'><strong>ratio</strong></span> <span class='ocrx_word' id='word_1_192' title='bbox 251 2185 341 2248; x_wconf 90' lang='lat' dir='ltr'><strong>enim</strong></span> <span class='ocrx_word' id='word_1_193' title='bbox 370 2185 521 2249; x_wconf 85' lang='lat' dir='ltr'><strong>humana</strong></span> <span class='ocrx_word' id='word_1_194' title='bbox 550 2184 630 2247; x_wconf 89' lang='lat' dir='ltr'><strong>talis</strong></span> <span class='ocrx_word' id='word_1_195' title='bbox 659 2193 724 2260; x_wconf 89' lang='lat' dir='ltr'><strong>est,</strong></span> <span class='ocrx_word' id='word_1_196' title='bbox 749 2195 787 2249; x_wconf 91' lang='lat' dir='ltr'><strong>ut</strong></span> <span class='ocrx_word' id='word_1_197' title='bbox 814 2205 897 2249; x_wconf 88' lang='lat' dir='ltr'><strong>vera</strong></span> <span class='ocrx_word' id='word_1_198' title='bbox 925 2204 970 2249; x_wconf 87' lang='lat' dir='ltr'><strong>ex</strong></span> <span class='ocrx_word' id='word_1_199' title='bbox 1000 2184 1076 2250; x_wconf 88' lang='lat' dir='ltr'><strong>luce</strong></span> <span class='ocrx_word' id='word_1_200' title='bbox 1106 2185 1252 2260; x_wconf 91' lang='lat' dir='ltr'><strong>illorum,</strong></span> 
     </span>
     <span class='ocr_line' id='line_1_23' title="bbox 133 2279 1253 2364; baseline 0.003 -22"><span class='ocrx_word' id='word_1_201' title='bbox 133 2281 272 2343; x_wconf 88' lang='lat' dir='ltr'><strong>tametsi</strong></span> <span class='ocrx_word' id='word_1_202' title='bbox 291 2280 349 2342; x_wconf 90' lang='lat' dir='ltr'><strong>illa</strong></span> <span class='ocrx_word' id='word_1_203' title='bbox 368 2300 437 2344; x_wconf 93' lang='lat' dir='ltr'><strong>non</strong></span> <span class='ocrx_word' id='word_1_204' title='bbox 454 2280 544 2364; x_wconf 86' lang='lat' dir='ltr'><strong>prius</strong></span> <span class='ocrx_word' id='word_1_205' title='bbox 560 2280 730 2354; x_wconf 85' lang='lat' dir='ltr'><strong>distinxit,</strong></span> <span class='ocrx_word' id='word_1_206' title='bbox 744 2280 920 2362; x_wconf 87' lang='lat' dir='ltr'><strong>intelligat</strong></span> <span class='ocrx_word' id='word_1_207' title='bbox 932 2279 957 2362; x_wconf 80' lang='lat'><strong>3)</strong></span> <span class='ocrx_word' id='word_1_208' title='bbox 982 2289 1019 2344; x_wconf 90' lang='lat' dir='ltr'><strong>ut</strong></span> <span class='ocrx_word' id='word_1_209' title='bbox 1035 2299 1119 2361; x_wconf 88' lang='lat' dir='ltr'><strong>ergo</strong></span> <span class='ocrx_word' id='word_1_210' title='bbox 1134 2280 1253 2345; x_wconf 86' lang='lat' dir='ltr'><strong>discri-</strong></span> 
     </span>
     <span class='ocr_line' id='line_1_24' title="bbox 134 2373 1255 2458; baseline 0.001 -20"><span class='ocrx_word' id='word_1_211' title='bbox 134 2374 225 2438; x_wconf 90' lang='lat' dir='ltr'><strong>mina</strong></span> <span class='ocrx_word' id='word_1_212' title='bbox 242 2373 439 2439; x_wconf 72' lang='lat' dir='ltr'><strong>intellectus</strong></span> <span class='ocrx_word' id='word_1_213' title='bbox 461 2385 497 2439; x_wconf 89' lang='lat' dir='ltr'><strong>et</strong></span> <span class='ocrx_word' id='word_1_214' title='bbox 520 2374 711 2439; x_wconf 90' lang='lat' dir='ltr'><strong>voluntatis</strong></span> <span class='ocrx_word' id='word_1_215' title='bbox 734 2375 857 2438; x_wconf 89' lang='lat' dir='ltr'><strong>clarius</strong></span> <span class='ocrx_word' id='word_1_216' title='bbox 880 2376 1121 2458; x_wconf 89' lang='lat' dir='ltr'><strong>percipiantur,</strong></span> <span class='ocrx_word' id='word_1_217' title='bbox 1142 2374 1255 2458; x_wconf 89' lang='lat' dir='ltr'><strong>aliqua</strong></span> 
     </span>
     <span class='ocr_line' id='line_1_25' title="bbox 133 2467 1256 2551; baseline 0.001 -19"><span class='ocrx_word' id='word_1_218' title='bbox 133 2467 185 2532; x_wconf 85' lang='lat' dir='ltr'><strong>hic</strong></span> <span class='ocrx_word' id='word_1_219' title='bbox 204 2470 352 2544; x_wconf 90' lang='lat' dir='ltr'><strong>tradam,</strong></span> <span class='ocrx_word' id='word_1_220' title='bbox 373 2480 517 2551; x_wconf 84' lang='lat' dir='ltr'><strong>propter</strong></span> <span class='ocrx_word' id='word_1_221' title='bbox 535 2468 647 2542; x_wconf 85' lang='lat' dir='ltr'><strong>finem,</strong></span> <span class='ocrx_word' id='word_1_222' title='bbox 665 2479 703 2532; x_wconf 93' lang='lat' dir='ltr'><strong>ut</strong></span> <span class='ocrx_word' id='word_1_223' title='bbox 722 2470 850 2533; x_wconf 87' lang='lat' dir='ltr'><strong>sciatur</strong></span> <span class='ocrx_word' id='word_1_224' title='bbox 863 2469 977 2551; x_wconf 89' lang='lat' dir='ltr'><strong>qualia</strong></span> <span class='ocrx_word' id='word_1_225' title='bbox 991 2480 1071 2534; x_wconf 89' lang='lat' dir='ltr'><strong>sunt</strong></span> <span class='ocrx_word' id='word_1_226' title='bbox 1087 2468 1256 2534; x_wconf 87' lang='lat' dir='ltr'><strong>adulteria</strong></span> 
     </span>
     <span class='ocr_line' id='line_1_26' title="bbox 133 2560 1257 2645; baseline 0 -17"><span class='ocrx_word' id='word_1_227' title='bbox 133 2565 275 2630; x_wconf 88' lang='lat' dir='ltr'><strong>rationis</strong></span> <span class='ocrx_word' id='word_1_228' title='bbox 304 2585 365 2628; x_wconf 89' lang='lat' dir='ltr'><strong>seu</strong></span> <span class='ocrx_word' id='word_1_229' title='bbox 394 2562 602 2638; x_wconf 71' lang='lat' dir='ltr'><strong>intellectus,</strong></span> <span class='ocrx_word' id='word_1_230' title='bbox 626 2574 661 2629; x_wconf 90' lang='lat' dir='ltr'><strong>et</strong></span> <span class='ocrx_word' id='word_1_231' title='bbox 692 2573 815 2645; x_wconf 88' lang='lat' dir='ltr'><strong>postea</strong></span> <span class='ocrx_word' id='word_1_232' title='bbox 844 2564 959 2645; x_wconf 90' lang='lat' dir='ltr'><strong>qualia</strong></span> <span class='ocrx_word' id='word_1_233' title='bbox 987 2574 1068 2628; x_wconf 86' lang='lat' dir='ltr'><strong>sunt</strong></span> <span class='ocrx_word' id='word_1_234' title='bbox 1089 2560 1257 2628; x_wconf 89' lang='lat' dir='ltr'><strong>adulteria</strong></span> 
     </span>
     <span class='ocr_line' id='line_1_27' title="bbox 134 2656 1254 2741; baseline -0.002 -19"><span class='ocrx_word' id='word_1_235' title='bbox 134 2657 335 2723; x_wconf 81' lang='lat' dir='ltr'><strong>voluntatis.</strong></span> <span class='ocrx_word' id='word_1_236' title='bbox 379 2658 444 2722; x_wconf 90' lang='lat' dir='ltr'><strong>Pro</strong></span> <span class='ocrx_word' id='word_1_237' title='bbox 465 2659 664 2740; x_wconf 89' lang='lat' dir='ltr'><strong>cognitione</strong></span> <span class='ocrx_word' id='word_1_238' title='bbox 687 2659 731 2722; x_wconf 91' lang='lat' dir='ltr'><strong>de</strong></span> <span class='ocrx_word' id='word_1_239' title='bbox 748 2658 817 2731; x_wconf 78' lang='lat' dir='ltr'><strong>nis,</strong></span> <span class='ocrx_word' id='word_1_240' title='bbox 841 2659 1027 2722; x_wconf 86' lang='lat' dir='ltr'><strong>inserviant</strong></span> <span class='ocrx_word' id='word_1_241' title='bbox 1050 2658 1155 2722; x_wconf 88' lang='lat' dir='ltr'><strong>haec:</strong></span> <span class='ocrx_word' id='word_1_242' title='bbox 1192 2656 1254 2741; x_wconf 85' lang='lat' dir='ltr'><strong>(r.)</strong></span> 
     </span>
     <span class='ocr_line' id='line_1_28' title="bbox 136 2751 1256 2836; baseline -0.002 -18"><span class='ocrx_word' id='word_1_243' title='bbox 136 2751 237 2836; x_wconf 85' lang='lat' dir='ltr'><strong>Quod</strong></span> <span class='ocrx_word' id='word_1_244' title='bbox 256 2755 416 2818; x_wconf 88' lang='lat' dir='ltr'><strong>voluntas</strong></span> <span class='ocrx_word' id='word_1_245' title='bbox 440 2753 514 2817; x_wconf 89' lang='lat' dir='ltr'><strong>sola</strong></span> <span class='ocrx_word' id='word_1_246' title='bbox 535 2775 581 2817; x_wconf 86' lang='lat' dir='ltr'><strong>ex</strong></span> <span class='ocrx_word' id='word_1_247' title='bbox 612 2775 649 2817; x_wconf 91' lang='lat' dir='ltr'><strong>se</strong></span> <span class='ocrx_word' id='word_1_248' title='bbox 673 2754 757 2817; x_wconf 92' lang='lat' dir='ltr'><strong>nihil</strong></span> <span class='ocrx_word' id='word_1_249' title='bbox 779 2763 874 2835; x_wconf 87' lang='lat' dir='ltr'><strong>agat,</strong></span> <span class='ocrx_word' id='word_1_250' title='bbox 894 2755 956 2817; x_wconf 90' lang='lat' dir='ltr'><strong>sed</strong></span> <span class='ocrx_word' id='word_1_251' title='bbox 986 2754 1078 2836; x_wconf 88' lang='lat' dir='ltr'><strong>quod</strong></span> <span class='ocrx_word' id='word_1_252' title='bbox 1097 2751 1256 2836; x_wconf 89' lang='lat' dir='ltr'><strong>quicquid</strong></span> 
     </span>
     <span class='ocr_line' id='line_1_29' title="bbox 135 2847 1256 2931; baseline -0.003 -18"><span class='ocrx_word' id='word_1_253' title='bbox 135 2851 208 2931; x_wconf 88' lang='lat' dir='ltr'><strong>agit</strong></span> <span class='ocrx_word' id='word_1_254' title='bbox 230 2867 291 2930; x_wconf 88' lang='lat' dir='ltr'><strong>per</strong></span> <span class='ocrx_word' id='word_1_255' title='bbox 309 2847 524 2913; x_wconf 75' lang='lat' dir='ltr'><strong>intelledtum</strong></span> <span class='ocrx_word' id='word_1_256' title='bbox 543 2858 638 2930; x_wconf 90' lang='lat' dir='ltr'><strong>agat.</strong></span> <span class='ocrx_word' id='word_1_257' title='bbox 686 2847 747 2931; x_wconf 88' lang='lat'><strong>(2.)</strong></span> <span class='ocrx_word' id='word_1_258' title='bbox 772 2847 933 2912; x_wconf 86' lang='lat' dir='ltr'><strong>Vicissim</strong></span> <span class='ocrx_word' id='word_1_259' title='bbox 953 2849 1069 2923; x_wconf 90' lang='lat' dir='ltr'><strong>etiarn,</strong></span> <span class='ocrx_word' id='word_1_260' title='bbox 1089 2849 1181 2930; x_wconf 86' lang='lat' dir='ltr'><strong>quod</strong></span> <span class='ocrx_word' id='word_1_261' title='bbox 1205 2848 1256 2911; x_wconf 89' lang='lat' dir='ltr'><strong>in·</strong></span> 
     </span>
     <span class='ocr_line' id='line_1_30' title="bbox 135 2941 1256 3026; baseline -0.002 -18"><span class='ocrx_word' id='word_1_262' title='bbox 135 2941 295 3008; x_wconf 69' lang='lat' dir='ltr'><strong>reuectus</strong></span> <span class='ocrx_word' id='word_1_263' title='bbox 310 2944 403 3007; x_wconf 82' lang='lat' dir='ltr'><strong>solus</strong></span> <span class='ocrx_word' id='word_1_264' title='bbox 421 2965 467 3008; x_wconf 91' lang='lat' dir='ltr'><strong>ex</strong></span> <span class='ocrx_word' id='word_1_265' title='bbox 487 2964 523 3006; x_wconf 90' lang='lat' dir='ltr'><strong>se</strong></span> <span class='ocrx_word' id='word_1_266' title='bbox 543 2942 626 3006; x_wconf 90' lang='lat' dir='ltr'><strong>nihil</strong></span> <span class='ocrx_word' id='word_1_267' title='bbox 645 2953 739 3024; x_wconf 89' lang='lat' dir='ltr'><strong>agat,</strong></span> <span class='ocrx_word' id='word_1_268' title='bbox 756 2943 817 3006; x_wconf 88' lang='lat' dir='ltr'><strong>sed</strong></span> <span class='ocrx_word' id='word_1_269' title='bbox 833 2943 925 3024; x_wconf 91' lang='lat' dir='ltr'><strong>quod</strong></span> <span class='ocrx_word' id='word_1_270' title='bbox 942 2943 1099 3026; x_wconf 89' lang='lat' dir='ltr'><strong>quicquid</strong></span> <span class='ocrx_word' id='word_1_271' title='bbox 1117 2942 1192 3023; x_wconf 86' lang='lat' dir='ltr'><strong>agit</strong></span> <span class='ocrx_word' id='word_1_272' title='bbox 1210 2962 1256 3006; x_wconf 87' lang='lat' dir='ltr'><strong>ex</strong></span> 
     </span>
     <span class='ocr_line' id='line_1_31' title="bbox 135 3035 1256 3121; baseline -0.001 -19"><span class='ocrx_word' id='word_1_273' title='bbox 135 3038 314 3102; x_wconf 80' lang='lat' dir='ltr'><strong>voluntate</strong></span> <span class='ocrx_word' id='word_1_274' title='bbox 331 3048 423 3120; x_wconf 87' lang='lat' dir='ltr'><strong>agat.</strong></span> <span class='ocrx_word' id='word_1_275' title='bbox 471 3036 531 3121; x_wconf 86' lang='lat'><strong>(3.)</strong></span> <span class='ocrx_word' id='word_1_276' title='bbox 556 3037 658 3120; x_wconf 85' lang='lat' dir='ltr'><strong>Quod</strong></span> <span class='ocrx_word' id='word_1_277' title='bbox 671 3037 832 3101; x_wconf 88' lang='lat' dir='ltr'><strong>voluntas</strong></span> <span class='ocrx_word' id='word_1_278' title='bbox 848 3039 881 3101; x_wconf 93' lang='lat' dir='ltr'><strong>in</strong></span> <span class='ocrx_word' id='word_1_279' title='bbox 897 3035 1113 3101; x_wconf 72' lang='lat' dir='ltr'><strong>intellectum</strong></span> <span class='ocrx_word' id='word_1_280' title='bbox 1126 3037 1256 3112; x_wconf 87' lang='lat' dir='ltr'><strong>influat,</strong></span> 
     </span>
     <span class='ocr_line' id='line_1_32' title="bbox 136 3125 1257 3215; baseline -0.001 -18"><span class='ocrx_word' id='word_1_281' title='bbox 136 3152 203 3198; x_wconf 91' lang='lat' dir='ltr'><strong>non</strong></span> <span class='ocrx_word' id='word_1_282' title='bbox 222 3144 338 3198; x_wconf 82' lang='lat' dir='ltr'><strong>autem</strong></span> <span class='ocrx_word' id='word_1_283' title='bbox 357 3131 553 3197; x_wconf 71' lang='lat' dir='ltr'><strong>intellectus</strong></span> <span class='ocrx_word' id='word_1_284' title='bbox 572 3135 605 3196; x_wconf 93' lang='lat' dir='ltr'><strong>in</strong></span> <span class='ocrx_word' id='word_1_285' title='bbox 624 3125 851 3208; x_wconf 84' lang='lat' dir='ltr'><strong>voluntatem,</strong></span> <span class='ocrx_word' id='word_1_286' title='bbox 869 3133 930 3196; x_wconf 85' lang='lat' dir='ltr'><strong>sed</strong></span> <span class='ocrx_word' id='word_1_287' title='bbox 949 3134 1040 3215; x_wconf 90' lang='lat' dir='ltr'><strong>quod</strong></span> <span class='ocrx_word' id='word_1_288' title='bbox 1059 3130 1257 3197; x_wconf 73' lang='lat' dir='ltr'><strong>intellectus</strong></span> 
     </span>
     <span class='ocr_line' id='line_1_33' title="bbox 137 3227 1257 3311; baseline -0.004 -18"><span class='ocrx_word' id='word_1_289' title='bbox 137 3227 260 3293; x_wconf 87' lang='lat' dir='ltr'><strong>doceat</strong></span> <span class='ocrx_word' id='word_1_290' title='bbox 280 3228 359 3311; x_wconf 90' lang='lat' dir='ltr'><strong>quid</strong></span> <span class='ocrx_word' id='word_1_291' title='bbox 378 3229 504 3293; x_wconf 89' lang='lat' dir='ltr'><strong>bonum</strong></span> <span class='ocrx_word' id='word_1_292' title='bbox 524 3239 560 3292; x_wconf 90' lang='lat' dir='ltr'><strong>et</strong></span> <span class='ocrx_word' id='word_1_293' title='bbox 579 3229 706 3291; x_wconf 90' lang='lat' dir='ltr'><strong>malum</strong></span> <span class='ocrx_word' id='word_1_294' title='bbox 725 3237 790 3303; x_wconf 90' lang='lat' dir='ltr'><strong>est,</strong></span> <span class='ocrx_word' id='word_1_295' title='bbox 810 3238 847 3292; x_wconf 89' lang='lat' dir='ltr'><strong>et</strong></span> <span class='ocrx_word' id='word_1_296' title='bbox 865 3227 1024 3291; x_wconf 85' lang='lat' dir='ltr'><strong>consulat</strong></span> <span class='ocrx_word' id='word_1_297' title='bbox 1042 3227 1257 3290; x_wconf 88' lang='lat' dir='ltr'><strong>voluntatem</strong></span> 
     </span>
     <span class='ocr_line' id='line_1_34' title="bbox 138 3320 1257 3405; baseline -0.004 -17"><span class='ocrx_word' id='word_1_298' title='bbox 138 3334 173 3389; x_wconf 88' lang='lat' dir='ltr'><strong>ut</strong></span> <span class='ocrx_word' id='word_1_299' title='bbox 195 3339 242 3388; x_wconf 85' lang='lat' dir='ltr'><strong>ex</strong></span> <span class='ocrx_word' id='word_1_300' title='bbox 270 3323 402 3387; x_wconf 89' lang='lat' dir='ltr'><strong>duobus</strong></span> <span class='ocrx_word' id='word_1_301' title='bbox 424 3323 491 3385; x_wconf 91' lang='lat' dir='ltr'><strong>illis</strong></span> <span class='ocrx_word' id='word_1_302' title='bbox 514 3323 621 3404; x_wconf 88' lang='lat' dir='ltr'><strong>eligat</strong></span> <span class='ocrx_word' id='word_1_303' title='bbox 651 3335 687 3387; x_wconf 93' lang='lat' dir='ltr'><strong>et</strong></span> <span class='ocrx_word' id='word_1_304' title='bbox 716 3323 819 3386; x_wconf 86' lang='lat' dir='ltr'><strong>iaciat</strong></span> <span class='ocrx_word' id='word_1_305' title='bbox 842 3323 934 3405; x_wconf 91' lang='lat' dir='ltr'><strong>quod</strong></span> <span class='ocrx_word' id='word_1_306' title='bbox 958 3322 1076 3403; x_wconf 90' lang='lat' dir='ltr'><strong>placiti</strong></span> <span class='ocrx_word' id='word_1_307' title='bbox 1099 3320 1170 3403; x_wconf 88' lang='lat' dir='ltr'><strong>ejus</strong></span> <span class='ocrx_word' id='word_1_308' title='bbox 1192 3329 1257 3384; x_wconf 89' lang='lat' dir='ltr'><strong>est.</strong></span> 
     </span>
     <span class='ocr_line' id='line_1_35' title="bbox 140 3416 1258 3503; baseline -0.004 -20"><span class='ocrx_word' id='word_1_309' title='bbox 140 3418 199 3503; x_wconf 86' lang='lat'>(4.)</span> <span class='ocrx_word' id='word_1_310' title='bbox 224 3417 326 3500; x_wconf 86' lang='lat' dir='ltr'><strong>Quod</strong></span> <span class='ocrx_word' id='word_1_311' title='bbox 347 3426 425 3499; x_wconf 91' lang='lat' dir='ltr'><strong>post</strong></span> <span class='ocrx_word' id='word_1_312' title='bbox 443 3419 528 3482; x_wconf 90' lang='lat' dir='ltr'><strong>haec</strong></span> <span class='ocrx_word' id='word_1_313' title='bbox 545 3417 605 3482; x_wconf 88' lang='lat' dir='ltr'><strong>fiat</strong></span> <span class='ocrx_word' id='word_1_314' title='bbox 621 3416 815 3501; x_wconf 68' lang='lat' dir='ltr'><strong>conjunctio</strong></span> <span class='ocrx_word' id='word_1_315' title='bbox 831 3416 956 3499; x_wconf 89' lang='lat' dir='ltr'><strong>dupla;</strong></span> <span class='ocrx_word' id='word_1_316' title='bbox 979 3436 1046 3479; x_wconf 93' lang='lat' dir='ltr'><strong>una</strong></span> <span class='ocrx_word' id='word_1_317' title='bbox 1064 3417 1097 3480; x_wconf 90' lang='lat' dir='ltr'><strong>in</strong></span> <span class='ocrx_word' id='word_1_318' title='bbox 1113 3434 1180 3498; x_wconf 86' lang='lat' dir='ltr'><strong>qua</strong></span> <span class='ocrx_word' id='word_1_319' title='bbox 1194 3434 1258 3479; x_wconf 87' lang='lat' dir='ltr'><strong>vo·</strong></span> 
     </span>
     <span class='ocr_line' id='line_1_36' title="bbox 138 3510 1259 3595; baseline -0.004 -16"><span class='ocrx_word' id='word_1_320' title='bbox 138 3514 252 3580; x_wconf 89' lang='lat' dir='ltr'><strong>luntas</strong></span> <span class='ocrx_word' id='word_1_321' title='bbox 270 3514 315 3577; x_wconf 91' lang='lat' dir='ltr'><strong>ab</strong></span> <span class='ocrx_word' id='word_1_322' title='bbox 329 3514 419 3576; x_wconf 87' lang='lat' dir='ltr'><strong>intra</strong></span> <span class='ocrx_word' id='word_1_323' title='bbox 434 3514 507 3595; x_wconf 91' lang='lat' dir='ltr'><strong>agit</strong></span> <span class='ocrx_word' id='word_1_324' title='bbox 526 3524 562 3577; x_wconf 93' lang='lat' dir='ltr'><strong>et</strong></span> <span class='ocrx_word' id='word_1_325' title='bbox 581 3511 777 3578; x_wconf 73' lang='lat' dir='ltr'><strong>intelledlus</strong></span> <span class='ocrx_word' id='word_1_326' title='bbox 796 3513 839 3576; x_wconf 94' lang='lat' dir='ltr'><strong>ab</strong></span> <span class='ocrx_word' id='word_1_327' title='bbox 855 3522 977 3590; x_wconf 88' lang='lat' dir='ltr'><strong>extra;</strong></span> <span class='ocrx_word' id='word_1_328' title='bbox 1001 3510 1121 3584; x_wconf 88' lang='lat' dir='ltr'><strong>altera,</strong></span> <span class='ocrx_word' id='word_1_329' title='bbox 1138 3511 1172 3572; x_wconf 94' lang='lat' dir='ltr'><strong>in</strong></span> <span class='ocrx_word' id='word_1_330' title='bbox 1190 3530 1259 3593; x_wconf 86' lang='lat' dir='ltr'><strong>qua</strong></span> 
     </span>
     <span class='ocr_line' id='line_1_37' title="bbox 138 3604 1258 3689; baseline -0.005 -16"><span class='ocrx_word' id='word_1_331' title='bbox 138 3607 334 3675; x_wconf 72' lang='lat' dir='ltr'><strong>intellectus</strong></span> <span class='ocrx_word' id='word_1_332' title='bbox 356 3608 401 3671; x_wconf 91' lang='lat' dir='ltr'><strong>ab</strong></span> <span class='ocrx_word' id='word_1_333' title='bbox 423 3608 514 3671; x_wconf 89' lang='lat' dir='ltr'><strong>intra</strong></span> <span class='ocrx_word' id='word_1_334' title='bbox 536 3609 620 3689; x_wconf 88' lang='lat' dir='ltr'><strong>agit,</strong></span> <span class='ocrx_word' id='word_1_335' title='bbox 646 3618 681 3672; x_wconf 90' lang='lat' dir='ltr'><strong>et</strong></span> <span class='ocrx_word' id='word_1_336' title='bbox 704 3608 865 3671; x_wconf 86' lang='lat' dir='ltr'><strong>voluntas</strong></span> <span class='ocrx_word' id='word_1_337' title='bbox 894 3607 938 3670; x_wconf 91' lang='lat' dir='ltr'><strong>ab</strong></span> <span class='ocrx_word' id='word_1_338' title='bbox 961 3617 1081 3670; x_wconf 84' lang='lat' dir='ltr'><strong>extra:</strong></span> <span class='ocrx_word' id='word_1_339' title='bbox 1116 3606 1165 3668; x_wconf 92' lang='lat' dir='ltr'><strong>ita</strong></span> <span class='ocrx_word' id='word_1_340' title='bbox 1187 3604 1258 3668; x_wconf 87' lang='lat' dir='ltr'><strong>dis·</strong></span> 
     </span>
     <span class='ocr_line' id='line_1_38' title="bbox 138 3698 1260 3788; baseline -0.006 -18"><span class='ocrx_word' id='word_1_341' title='bbox 138 3706 340 3788; x_wconf 88' lang='lat' dir='ltr'><strong>tinguuntur</strong></span> <span class='ocrx_word' id='word_1_342' title='bbox 361 3702 528 3768; x_wconf 89' lang='lat' dir='ltr'><strong>adulteria</strong></span> <span class='ocrx_word' id='word_1_343' title='bbox 550 3704 703 3779; x_wconf 86' lang='lat' dir='ltr'><strong>rationis,</strong></span> <span class='ocrx_word' id='word_1_344' title='bbox 723 3704 766 3766; x_wconf 92' lang='lat' dir='ltr'><strong>de</strong></span> <span class='ocrx_word' id='word_1_345' title='bbox 789 3702 910 3784; x_wconf 88' lang='lat' dir='ltr'><strong>quibus</strong></span> <span class='ocrx_word' id='word_1_346' title='bbox 932 3701 998 3775; x_wconf 89' lang='lat' dir='ltr'><strong>hic,</strong></span> <span class='ocrx_word' id='word_1_347' title='bbox 1018 3700 1062 3764; x_wconf 90' lang='lat' dir='ltr'><strong>ab</strong></span> <span class='ocrx_word' id='word_1_348' title='bbox 1083 3698 1260 3764; x_wconf 86' lang='lat' dir='ltr'><strong>adulteriis</strong></span> 
     </span>
     <span class='ocr_line' id='line_1_39' title="bbox 139 3796 1259 3880; baseline -0.004 -17"><span class='ocrx_word' id='word_1_349' title='bbox 139 3800 339 3871; x_wconf 85' lang='lat' dir='ltr'><strong>voluntatis,</strong></span> <span class='ocrx_word' id='word_1_350' title='bbox 359 3799 403 3862; x_wconf 91' lang='lat' dir='ltr'><strong>de</strong></span> <span class='ocrx_word' id='word_1_351' title='bbox 426 3798 548 3880; x_wconf 90' lang='lat' dir='ltr'><strong>quibus</strong></span> <span class='ocrx_word' id='word_1_352' title='bbox 566 3800 739 3880; x_wconf 89' lang='lat' dir='ltr'><strong>sequitur:</strong></span> <span class='ocrx_word' id='word_1_353' title='bbox 767 3799 1035 3878; x_wconf 87' lang='lat' dir='ltr'><strong>distinguuntur,</strong></span> <span class='ocrx_word' id='word_1_354' title='bbox 1054 3796 1133 3877; x_wconf 87' lang='lat' dir='ltr'><strong>quia</strong></span> <span class='ocrx_word' id='word_1_355' title='bbox 1155 3813 1259 3858; x_wconf 90' lang='lat' dir='ltr'><strong>unum</strong></span> 
     </span>
     <span class='ocr_line' id='line_1_40' title="bbox 141 3890 1260 3977; baseline -0.007 -18"><span class='ocrx_word' id='word_1_356' title='bbox 141 3905 193 3959; x_wconf 82' lang='lat' dir='ltr'><strong>cst</strong></span> <span class='ocrx_word' id='word_1_357' title='bbox 223 3894 361 3977; x_wconf 84' lang='lat' dir='ltr'><strong>gravius</strong></span> <span class='ocrx_word' id='word_1_358' title='bbox 383 3892 514 3969; x_wconf 89' lang='lat' dir='ltr'><strong>alter0;</strong></span> <span class='ocrx_word' id='word_1_359' title='bbox 553 3903 607 3957; x_wconf 90' lang='lat' dir='ltr'><strong>est</strong></span> <span class='ocrx_word' id='word_1_360' title='bbox 637 3895 728 3956; x_wconf 90' lang='lat' dir='ltr'><strong>enim</strong></span> <span class='ocrx_word' id='word_1_361' title='bbox 750 3893 954 3956; x_wconf 89' lang='lat' dir='ltr'><strong>adulterium</strong></span> <span class='ocrx_word' id='word_1_362' title='bbox 978 3891 1120 3955; x_wconf 90' lang='lat' dir='ltr'><strong>rationis</strong></span> <span class='ocrx_word' id='word_1_363' title='bbox 1148 3890 1260 3952; x_wconf 91' lang='lat' dir='ltr'><strong>minus</strong></span> 
     </span>
     <span class='ocr_line' id='line_1_41' title="bbox 141 3985 1259 4072; baseline -0.006 -18"><span class='ocrx_word' id='word_1_364' title='bbox 141 4007 247 4072; x_wconf 87' lang='lat' dir='ltr'><strong>grave</strong></span> <span class='ocrx_word' id='word_1_365' title='bbox 277 4007 378 4072; x_wconf 89' lang='lat' dir='ltr'><strong>quam</strong></span> <span class='ocrx_word' id='word_1_366' title='bbox 407 3988 612 4052; x_wconf 89' lang='lat' dir='ltr'><strong>adulterium</strong></span> <span class='ocrx_word' id='word_1_367' title='bbox 636 3988 845 4052; x_wconf 86' lang='lat' dir='ltr'><strong>voluntatis:</strong></span> <span class='ocrx_word' id='word_1_368' title='bbox 883 4006 986 4050; x_wconf 88' lang='lat' dir='ltr'><strong>causa</strong></span> <span class='ocrx_word' id='word_1_369' title='bbox 1019 3996 1083 4060; x_wconf 87' lang='lat' dir='ltr'><strong>est,</strong></span> <span class='ocrx_word' id='word_1_370' title='bbox 1113 3986 1193 4068; x_wconf 90' lang='lat' dir='ltr'><strong>quia</strong></span> <span class='ocrx_word' id='word_1_371' title='bbox 1224 3985 1259 4048; x_wconf 91' lang='lat' dir='ltr'><strong>in</strong></span> 
     </span>
     <span class='ocr_line' id='line_1_42' title="bbox 142 4080 1262 4166; baseline -0.003 -17"><span class='ocrx_word' id='word_1_372' title='bbox 142 4085 311 4151; x_wconf 84' lang='lat' dir='ltr'><strong>adulterio</strong></span> <span class='ocrx_word' id='word_1_373' title='bbox 330 4084 473 4148; x_wconf 85' lang='lat' dir='ltr'><strong>rationis</strong></span> <span class='ocrx_word' id='word_1_374' title='bbox 493 4085 564 4166; x_wconf 89' lang='lat' dir='ltr'><strong>agit</strong></span> <span class='ocrx_word' id='word_1_375' title='bbox 584 4080 781 4148; x_wconf 73' lang='lat' dir='ltr'><strong>intellectus</strong></span> <span class='ocrx_word' id='word_1_376' title='bbox 798 4082 843 4147; x_wconf 93' lang='lat' dir='ltr'><strong>ab</strong></span> <span class='ocrx_word' id='word_1_377' title='bbox 861 4082 961 4158; x_wconf 89' lang='lat' dir='ltr'><strong>intra,</strong></span> <span class='ocrx_word' id='word_1_378' title='bbox 978 4092 1014 4147; x_wconf 86' lang='lat' dir='ltr'><strong>et</strong></span> <span class='ocrx_word' id='word_1_379' title='bbox 1032 4081 1194 4146; x_wconf 86' lang='lat' dir='ltr'><strong>voluntas</strong></span> <span class='ocrx_word' id='word_1_380' title='bbox 1216 4081 1262 4146; x_wconf 90' lang='lat' dir='ltr'><strong>ab</strong></span> 
     </span>
    </p>
   </div>
   <div class='ocr_carea' id='block_1_4' title="bbox 0 0 1417 5026">
    <p class='ocr_par' dir='ltr' id='par_1_4' title="bbox 0 0 1417 5026">
     <span class='ocr_line' id='line_1_43' title="bbox 0 0 1417 5026; baseline 0 0"><span class='ocrx_word' id='word_1_381' title='bbox 0 0 1417 5026; x_wconf 95' lang='lat' dir='ltr'><strong> </strong></span> 
     </span>
    </p>
   </div>
  </div>
 </body>
</html>
