2782 5026
136 456 199 524 312
482 451 667 504 nements
688 450 920 502 sacreum

135 636 203 700 tur,
219 624 300 688 dum
318 621 405 699 finis,
420 622 477 707 qui
496 632 550 687 est
568 642 665 686 amor
680 622 895 704 procreandi,
911 614 1055 684 incohat
1068 640 1161 684 mm
1174 640 1233 703 pn

134 722 358 804 gressionern.
404 716 509 801 Quod
531 729 614 783 tunc
636 719 682 780 ab
703 738 811 780 uxore
834 730 956 799 storge
979 717 1234 780 transferaturis

135 818 308 890 maritum,
328 824 365 878 et
383 833 518 896 quoque
535 813 628 896 quod
643 823 726 876 tunc
744 832 841 875 amor
860 813 1076 893 procreandi,
1095 814 1151 894 qui
1165 809 1234 892 spui

135 913 297 977 seminam
316 929 420 973 unum
438 909 520 973 facit
538 928 615 972 cum
634 928 749 971 amore
768 907 952 989 conjugiali
970 907 1054 988 ejus,
1073 922 1113 970 ut
1129 905 1236 970 diem

135 1017 202 1083 est,
222 1026 291 1070 non
310 1004 429 1068 similis
447 1005 504 1078 sit,
520 1024 566 1067 ex
586 1003 737 1085 pluribus
755 1004 889 1066 indiciis
908 1014 1020 1085 patet.

201 1114 307 1184 404.
330 1099 420 1182 (xv.)
446 1098 544 1177 Quod
553 1119 650 1162 amor
659 1097 861 1183 consicgrirlr's
876 1119 951 1160 cum
963 1120 1080 1160 amm
1089 1099 1240 1177 infanta!

135 1196 232 1278 apud
244 1203 404 1276 parentes
425 1198 645 1279 conjungatur
668 1201 734 1274 per
753 1213 876 1255 causas
897 1193 1098 1274 spirituales
1125 1204 1158 1255 et
1181 1185 1246 1254 ide

135 1288 496 1353 naturales-Causae
512 1288 706 1369 spirituales
720 1298 812 1359 sunt,
828 1299 867 1350 ut
885 1288 1137 1370 multiplicetur
1151 1293 1253 1370 geru*

134 1387 332 1459 humanum,
355 1396 393 1448 et
421 1404 467 1448 ex
497 1384 563 1446 hoc
592 1381 820 1465 amplificetur
841 1383 976 1445 caelum
998 1376 1265 1464 angelicum&

135 1482 185 1544 sic
208 1490 394 1543 nascantur
421 1480 479 1562 qui
508 1477 591 1542 sient
620 1478 746 1560 angeli,
776 1479 1006 1541 inservientes
1035 1479 1188 1542 Domino
1212 1456 1277 1575 a}

133 1575 326 1639 faciendum
342 1594 422 1638 usus
439 1574 473 1636 in
489 1573 597 1647 caelo,
614 1584 650 1637 et
669 1593 730 1655 per
745 1575 1040 1637 consociationem
1055 1595 1135 1637 curn
1150 1574 1289 1637 lions*

135 1671 234 1734 nibus
256 1671 361 1734 etiarn
384 1670 418 1732 in
441 1670 568 1745 terris3
598 1669 777 1749 unicuique
798 1669 890 1730 enim
910 1669 1043 1732 homini
1065 1691 1087 1731 a
1111 1658 1290 1733 Domiffl¹

134 1766 297 1830 associati
320 1777 401 1829 sunt
422 1764 551 1845 angeli,
570 1784 647 1826 curn
666 1765 789 1846 quibus
810 1777 865 1826 est
888 1765 971 1828 talis
992 1765 1203 1846 conjunffio,
1221 1760 1290 1828 ὦ

133 1861 163 1924 si
177 1860 399 1929 auferrentur,
416 1868 596 1922 momento
611 1859 831 1923 occumberet
847 1859 963 1921 homo.
1008 1859 1145 1924 Causae
1160 1860 1290 1925 nat&

133 1954 222 2020 rales
245 1952 493 2036 conjunctionis
515 1954 658 2017 duorum
678 1954 812 2017 illorum
832 1973 987 2018 amorum
1006 1969 1099 2031 sunt,
1119 1968 1159 2020 ut
1180 1957 1290 2022 na!

134 2062 257 2114 cantur
274 2052 331 2133 qui
353 2052 387 2113 in
405 2050 631 2113 societatibus
649 2050 806 2112 humanis
824 2049 937 2113 serant
955 2071 1049 2123 usus,
1067 2073 1111 2115 ac
1133 2064 1174 2117 ut
1194 2040 1290 2116 5113

134 2147 398 2227 incorporentur
419 2155 458 2208 ut
481 2144 645 2207 membra.
691 2142 795 2224 Quod
821 2145 887 2207 hae
910 2147 1090 2209 naturales
1113 2159 1152 2212 et
1181 2150 1290 2212 illa-2

133 2239 331 2322 spirituales
352 2259 476 2303 causae
498 2241 625 2302 amoris
647 2239 814 2302 infantum
842 2250 878 2303 et
907 2243 1036 2303 amoris
1059 2230 1290 2325 coniugialia?

133 2336 214 2409 sint,
231 2336 338 2399 etiam
355 2335 419 2416 ipsi
434 2334 599 2415 conjuges
614 2336 772 2416 cogitant
789 2344 825 2397 et
843 2336 1052 2418 quandoque
1067 2336 1290 2404 declaranrl

133 2430 294 2505 dicendo,
313 2430 404 2512 quod
427 2439 482 2493 tot
505 2429 641 2510 angelis
658 2440 741 2511 quot
766 2431 946 2510 prognatis
968 2430 1290 2512 locupletaverint¹

133 2525 279 2600 caelum,
291 2535 328 2589 et
343 2525 435 2608 quod
450 2525 654 2587 societatem
671 2534 726 2587 tot
742 2525 906 2586 ministris
917 2538 1003 2608 quot
1019 2526 1140 2591 liberis
1154 2530 1290 2612 insigae‘

133 2619 291 2684 niverint.

196 2728 301 2799 4⁰5.
324 2711 426 2796 (xvi.)
452 2712 550 2791 Quod
563 2735 660 2776 amar
675 2714 843 2793 infantum
860 2714 951 2778 alrirs
971 2715 1022 2777 sit
1040 2718 1142 2798 apud
1149 2720 1290 2802 Μήτι-ν

129 2830 195 2892 ges
216 2807 423 2889 spirituales,
446 2817 480 2870 et
503 2808 593 2870 alius
615 2808 711 2888 apud
732 2810 1069 2893 naturales-Apud
1092 2814 1290 2896 conjugesa

133 2903 327 2986 spirituales
349 2914 403 2966 est
426 2922 523 2964 amor
546 2902 712 2965 infantum
736 2905 849 2986 quoad
872 2909 1113 2986 apparentiam
1140 2910 1290 2972 similis=

133 2999 240 3062 amori
262 2997 430 3061 infantum
453 2998 542 3080 apud
565 2998 729 3079 conjuges
747 2999 933 3073 naturales,
953 3001 1016 3062 sed
1038 3015 1094 3064 est
1117 3004 1259 3067 interior
1285 3016 1290 3024 '

133 3105 169 3158 et
191 3093 271 3156 inde
294 3094 453 3167 tenerior,
472 3094 550 3175 quia
572 3113 667 3156 amor
690 3093 748 3156 ille
770 3096 892 3158 existit
914 3116 961 3158 ex
988 3097 1204 3173 innocentia,
1221 3110 1258 3163 et

133 3208 180 3252 ex
206 3187 277 3269 ejus
300 3190 458 3269 propiore
481 3190 691 3269 receptione,
715 3200 752 3253 et
782 3191 830 3252 sic
854 3193 1090 3273 praesentiore
1114 3213 1257 3276 percep-

132 3284 227 3348 tione
255 3283 344 3364 apud
374 3303 422 3358 se,
446 3303 524 3346 nam
555 3284 749 3365 spirituales
778 3297 915 3348 tantum
938 3287 1137 3368 spirituales
1165 3302 1257 3365 sunt,

132 3391 297 3462 quantum
313 3399 360 3441 ex
376 3379 574 3443 innocentia
586 3380 726 3443 ducunt.
770 3379 822 3445 At
835 3402 917 3443 vero
932 3393 1051 3463 patres
1062 3394 1100 3446 et
1116 3396 1257 3461 matres,

132 3484 316 3556 postquam
329 3474 521 3538 libaverunt
534 3474 753 3538 dulcedinem
766 3476 984 3539 innocentiae
1000 3478 1092 3559 apud
1108 3499 1193 3543 suos
1206 3482 1257 3544 in-

131 3568 253 3642 fantes,
276 3581 395 3634 amant
419 3570 546 3632 liberos
568 3590 649 3632 suos
671 3590 808 3652 prorsus
830 3570 931 3634 aliter
952 3592 1055 3653 quarn
1081 3585 1202 3654 patres
1223 3585 1258 3639 et

132 3675 261 3726 matres
271 3665 446 3728 naturales
459 3686 468 3743 ;
487 3665 682 3747 spirituales
693 3677 812 3730 amant
825 3666 952 3729 liberos
963 3689 1008 3729 ex
1021 3669 1260 3751 intelligentia

131 3758 300 3839 spirituali
318 3768 354 3822 et
373 3760 446 3823 vita
461 3759 581 3822 morali
597 3760 743 3832 illorum,
760 3762 810 3823 ita
828 3760 906 3823 illos
924 3781 969 3822 ex
988 3763 1116 3826 timore
1136 3764 1205 3828 Dei
1222 3775 1260 3829 et

131 3872 177 3916 ex
194 3854 324 3935 pietate
337 3851 461 3917 attuali
477 3875 536 3918 seu
549 3856 652 3926 vitae,
666 3866 702 3919 et
719 3855 817 3917 simul
834 3875 880 3918 ex
896 3853 1076 3919 affeetione
1091 3872 1129 3922 et
1146 3859 1259 3942 appli-

130 3950 266 4012 catione
285 3950 329 4012 ad
352 3970 431 4013 usus
448 3951 609 4013 societati
626 3952 861 4023 inservientes,
880 3951 930 4013 ita
951 3971 997 4012 ex
1016 3953 1205 4017 virtutibus
1222 3965 1260 4019 et

129 4042 231 4106 bonis
250 4045 411 4117 moribus,
431 4046 522 4125 apud
545 4045 643 4122 illos;
673 4066 719 4108 ex
742 4045 864 4107 horum
882 4065 999 4108 amore
1019 4049 1261 4130 principaliter

129 4137 197 4201 illis
206 4141 431 4203 necessitates
442 4142 651 4222 prospiciunt
663 4151 700 4204 et
711 4142 994 4217 subministrant3
1013 4161 1120 4224 quare
1132 4147 1162 4207 si
1174 4145 1262 4210 talia

129 4235 164 4297 in
181 4234 246 4296 illis
264 4255 332 4298 non
345 4236 475 4309 vident,
492 4235 690 4304 abalienant
705 4238 855 4299 animum
872 4238 917 4299 ab
931 4236 1009 4310 illis,
1026 4249 1065 4301 et
1081 4239 1196 4303 solum
1211 4261 1261 4305 ex

129 4329 249 4392 debito
261 4351 322 4413 pro
335 4331 401 4393 illis
412 4331 538 4414 aliquid
552 4342 671 4413 agunt.
712 4332 817 4413 Apud
832 4344 948 4413 patres
959 4344 996 4395 et
1008 4344 1141 4398 matres
1155 4347 1261 4400 natu·

130 4424 230 4502 rales,
244 4437 297 4489 est
316 4446 412 4490 amor
427 4427 596 4490 infantum
615 4427 752 4510 quidem
772 4428 877 4492 etiam
896 4448 942 4491 ex
961 4428 1179 4508 innocentia,
1195 4432 1260 4498 sed
