2850 5026
229 456 291 535 258
578 468 759 518 DELICIAE
781 468 1009 519 SAPIENTIAE

228 650 259 694 et
273 649 341 709 post
354 639 410 695 hos
421 640 541 710 reliqui:
559 650 590 694 et
603 656 671 694 cum
682 640 792 711 egressi
802 650 880 702 sunt,
891 640 1073 695 secedebant
1082 640 1120 694 ad
1134 641 1229 695 latera
1238 641 1343 696 circuni

228 721 361 780 domum,
377 719 428 773 ubi
443 730 530 774 erant
544 721 713 774 ambulacra
728 718 940 774 circumcintla
954 719 1099 782 arbustis;
1123 730 1155 774 et
1172 721 1213 774 ibi
1228 737 1345 792 congre·

228 799 290 869 gati
304 798 481 852 dividebant
494 815 525 853 se
539 799 568 852 in
579 799 702 870 exiguas
715 810 837 861 turmas,
850 798 978 853 totidem
992 799 1144 854 consortia
1155 799 1301 870 juvenum
1312 801 1345 854 de

229 879 316 932 rebus
341 877 506 948 sapientiae
525 877 789 941 confabulantium,
809 879 839 933 in
858 895 984 950 quorum
1004 879 1174 949 unoquovis
1192 889 1258 934 erat
1276 896 1347 934 unus

229 957 348 1028 sapiens
360 973 397 1011 ex
410 957 572 1011 orchestra.

285 1035 341 1090 His
360 1037 558 1091 ediversorio
577 1052 595 1090 a
614 1053 662 1091 me
677 1036 757 1097 visis,
771 1034 866 1090 ladius
879 1053 944 1090 sum
964 1036 993 1090 in
1013 1036 1129 1107 spiritu,
1142 1052 1178 1092 ac
1198 1037 1228 1090 in
1248 1037 1346 1108 spiritu

229 1114 308 1170 exivi
322 1115 359 1169 ad
372 1116 445 1176 illos,
456 1125 487 1169 et
499 1116 610 1170 accessi
626 1117 663 1170 ad
677 1116 953 1178 arebldidascalum,
964 1116 1015 1187 qui
1031 1132 1127 1186 nuper
1142 1116 1300 1187 problema
1313 1117 1347 1170 de

228 1194 329 1248 anima
342 1206 546 1264 proposuerat.

285 1273 344 1327 llic
359 1289 429 1328 curn
445 1291 492 1328 me
508 1274 592 1335 vidit,
605 1273 689 1335 dixit,
703 1272 802 1345 “Quis
814 1273 870 1328 es?
889 1274 1012 1328 miratus
1025 1290 1091 1333 sum
1107 1290 1176 1328 cum
1192 1275 1257 1329 vidi
1273 1285 1304 1329 te
1322 1275 1347 1327 in

229 1351 278 1406 via
299 1353 502 1414 accedentem,
518 1354 599 1424 quod
619 1369 699 1407 nunc
721 1353 861 1407 incideris
884 1354 913 1406 in
935 1352 1130 1423 conspetlum
1147 1370 1258 1415 meum,
1275 1369 1349 1407 nunc

228 1430 375 1486 excideris
387 1447 425 1486 ex
437 1431 497 1494 illo,
511 1449 564 1487 seu
577 1432 658 1503 quod
678 1449 758 1486 nunc
772 1433 844 1486 mihi
860 1433 940 1487 visus
955 1433 1004 1494 sis,
1018 1443 1049 1486 et
1064 1433 1165 1487 subito
1182 1448 1243 1487 non
1257 1433 1349 1493 visus:

228 1520 310 1565 certe
324 1527 384 1565 non
400 1527 432 1566 es
448 1511 477 1565 in
494 1523 575 1565 statu
588 1513 668 1566 vitae
681 1511 888 1566 nostratium.”

284 1591 332 1643 Ad
357 1590 431 1645 haec
452 1590 609 1645 subridens
625 1591 774 1661 respondi,
791 1600 808 1620 “
817 1591 884 1645 Non
907 1608 973 1645 sum
990 1590 1082 1652 ludio,
1098 1607 1154 1645 nec
1169 1602 1350 1650 vertumnus,

230 1669 283 1722 sed
299 1685 365 1723 sum
381 1670 521 1731 alternus,
536 1687 616 1725 nune
633 1670 662 1723 in
679 1671 746 1724 luce
758 1681 866 1733 vestra,
879 1681 910 1725 et
926 1686 1006 1725 nunc
1022 1671 1052 1725 in
1068 1672 1174 1724 umbra
1187 1682 1297 1732 vestra,
1313 1671 1351 1723 ita

231 1749 404 1819 peregrinus
417 1760 448 1803 et
460 1766 580 1820 quoque
594 1748 760 1820 indigena.”

285 1828 334 1881 Ad
354 1828 428 1882 haee
445 1829 698 1883 archididascalus
716 1828 833 1899 aspexit
851 1844 907 1891 me,
923 1839 954 1883 et
972 1828 1058 1891 dixit,
1073 1828 1246 1900 “Loqueris
1257 1829 1350 1883 aliena

230 1917 261 1960 et
274 1907 365 1969 mira:
384 1907 433 1961 dic
448 1907 522 1961 mihi
534 1908 602 1979 quis
614 1908 674 1962 es.”

286 1986 324 2040 Et
337 1987 407 2049 dixi,
422 1986 521 2041 “Sum
538 1987 567 2040 in
584 1987 698 2040 mundo
714 1987 820 2056 inquo
833 2002 888 2041 vos
901 1985 1008 2048 fuistis,
1024 1996 1055 2041 et
1070 2003 1087 2041 e
1101 2002 1163 2056 quo
1177 2003 1232 2042 vos
1247 1987 1350 2042 exivis-

231 2066 278 2126 tis,
288 2065 340 2136 qui
354 2075 478 2120 vocatur
488 2066 619 2120 mundus
630 2066 781 2127 naturalis,
792 2077 823 2120 et
836 2082 955 2136 quoque
966 2083 1031 2120 sum
1047 2066 1077 2120 in
1091 2067 1207 2120 mundo
1220 2067 1251 2120 in
1264 2082 1349 2136 quem

233 2162 287 2200 vos
306 2145 438 2207 venistis,
452 2154 483 2199 et
502 2145 532 2199 in
549 2161 611 2215 quo
630 2145 711 2205 estis,
724 2146 775 2215 qui
791 2156 920 2199 vocatur
935 2146 1064 2200 mundus
1079 2145 1260 2215 spiritualis:
1286 2147 1350 2200 inde

231 2235 278 2279 est
291 2226 372 2296 quod
386 2225 442 2279 sim
459 2225 488 2278 in
504 2235 585 2279 statu
600 2225 735 2286 naturali,
749 2235 780 2278 et
797 2224 885 2279 simul
902 2225 930 2278 in
947 2236 1028 2279 statu
1043 2226 1207 2295 spirituali;
1227 2225 1257 2279 in
1274 2235 1350 2281 statu

232 2305 358 2359 naturali
372 2321 440 2358 eum
456 2304 627 2360 hominibus
640 2303 763 2364 telluris,
777 2315 808 2358 et
821 2304 850 2358 in
864 2315 945 2358 statu
959 2304 1105 2373 spirituali
1118 2320 1187 2359 cum
1198 2304 1305 2371 vobis:
1322 2315 1350 2359 et

229 2384 355 2453 quando
371 2382 400 2436 in
416 2394 496 2437 statu
511 2383 638 2437 naturali
653 2400 727 2444 sum,
742 2399 802 2437 non
816 2383 922 2437 videor
934 2384 1028 2445 vobis,
1042 2394 1073 2437 at
1087 2384 1210 2453 quando
1227 2385 1257 2438 in
1273 2394 1350 2440 statu

230 2462 388 2533 spirituali,
405 2463 524 2525 videor:
548 2463 629 2532 quod
645 2463 714 2517 talis
733 2463 797 2523 sim,
813 2463 918 2516 datum
937 2473 984 2517 est
1002 2479 1020 2516 a
1037 2461 1178 2518 Domino.
1216 2463 1294 2526 Tibi,
1309 2464 1351 2518 vir

232 2542 387 2603 illustrate,
402 2554 506 2595 notum
527 2552 573 2596 est
590 2544 671 2611 quod
686 2542 778 2596 homo
791 2541 895 2595 mundi
909 2542 1052 2596 naturalis
1066 2559 1126 2596 non
1139 2543 1244 2598 videat
1258 2542 1349 2598 horni-

233 2637 300 2675 nem
321 2621 425 2674 mundi
445 2621 615 2690 spiritualis,
635 2637 691 2675 nec
709 2621 859 2682 vicissim;
883 2637 976 2691 quare
994 2638 1063 2676 cum
1085 2621 1195 2677 immisi
1214 2623 1348 2692 spiritum

232 2717 332 2754 meum
348 2700 376 2753 in
392 2715 507 2769 corpus,
520 2716 580 2753 non
593 2701 648 2754 tibi
659 2701 740 2755 visus
750 2717 832 2755 sum:
850 2702 903 2755 sed
913 2718 981 2755 cum
994 2701 1079 2756 emisi
1094 2701 1177 2755 illum
1190 2718 1209 2757 e
1220 2718 1349 2773 corpore,

232 2780 314 2833 visus
327 2795 402 2832 sum.
441 2777 576 2832 Docuisti
590 2780 680 2832 etiam
698 2781 727 2833 in
744 2780 816 2833 ludo
831 2781 1031 2851 gymnasiaco,
1044 2783 1125 2850 quod
1138 2797 1195 2836 vos
1210 2782 1277 2836 sitis
1291 2781 1350 2836 ani·

233 2873 306 2918 mae,
323 2867 353 2911 et
375 2858 455 2927 quod
475 2858 591 2912 animae
607 2859 729 2912 videant
744 2859 866 2922 animas,
880 2860 952 2929 quia
970 2870 1041 2914 sunt
1060 2859 1174 2914 lormae
1191 2860 1350 2921 humanae:

233 2947 264 2990 et
279 2936 369 2997 nosti,
385 2937 467 3006 quod
484 2953 544 2990 non
560 2937 695 2992 videritis
709 2955 764 2992 vos
783 2955 835 2992 seu
855 2939 970 2994 animas
985 2950 1098 2993 vestras
1118 2939 1147 2993 in
1167 2941 1277 2995 vestris
1291 2956 1350 2994 cor·

232 3015 363 3083 poribus,
377 3030 444 3068 cum
461 3013 558 3068 fuistis
575 3015 604 3068 in
622 3016 735 3069 mundo
752 3017 898 3079 naturali;
916 3027 947 3070 at
963 3017 1021 3072 hoc
1035 3017 1138 3073 existit
1153 3027 1277 3089 propter
1295 3018 1350 3072 dis·

232 3093 344 3148 crimen
358 3094 439 3163 quod
453 3106 498 3147 est
512 3094 590 3148 inter
601 3094 755 3164 spirituale
768 3107 800 3149 et
813 3096 976 3150 naturale.”

288 3171 342 3226 ille
363 3189 432 3226 cum
455 3173 570 3228 audivit
591 3175 751 3228 discrimen
775 3175 852 3229 inter
872 3176 1026 3245 spirituale
1051 3185 1081 3230 et
1106 3176 1251 3239 naturale,
1270 3177 1349 3233 dixit.

232 3249 337 3322 “Quid
353 3252 534 3307 discrimen?
556 3264 641 3308 estne
661 3255 689 3307 id
707 3255 784 3308 sicut
801 3254 878 3309 inter
894 3272 1000 3325 purum
1017 3256 1112 3326 magis
1125 3266 1157 3309 et
1173 3255 1292 3312 minus?
1314 3256 1351 3309 lta

230 3332 303 3402 quid
318 3331 470 3400 spirituale
485 3333 540 3386 nisi
555 3333 656 3402 purius
670 3335 805 3387 naturale
816 3333 846 3388 ?'’

287 3411 324 3464 Et
339 3412 487 3480 respondi,
505 3420 520 3440 ‘¹
531 3411 698 3467 Discrimen
715 3429 775 3466 non
792 3413 852 3467 tale
868 3421 921 3473 est,
938 3413 990 3467 sed
1011 3423 1057 3468 est
1076 3413 1163 3484 quale
1180 3414 1259 3469 inter
1275 3415 1351 3485 prius

231 3501 262 3544 et
281 3491 438 3560 posterius,
455 3491 533 3546 inter
550 3508 627 3562 quae
648 3492 725 3546 ratio
741 3493 826 3546 finita
845 3509 905 3546 non
924 3493 1030 3555 datur:
1056 3504 1102 3548 est
1120 3494 1200 3548 enim
1221 3495 1304 3565 prius
1323 3494 1349 3546 in

232 3570 401 3640 posteriori,
413 3582 446 3624 ut
459 3587 549 3625 causa
562 3572 592 3625 in
602 3588 658 3626 suo
668 3570 784 3633 elledlu,
794 3588 828 3626 ac
842 3571 990 3641 posterius
999 3582 1045 3627 est
1058 3589 1095 3627 ex
1108 3574 1207 3643 priori.
1221 3584 1256 3628 ut
1266 3573 1350 3628 effec-

231 3661 280 3704 tus
293 3666 330 3703 ex
343 3666 398 3704 sua
410 3666 514 3713 causa;
534 3651 603 3705 inde
614 3662 660 3705 est
672 3651 753 3721 quod
767 3668 860 3704 unum
875 3668 935 3706 non
949 3663 1092 3721 appareat
1104 3652 1219 3707 alteri.''

286 3729 334 3783 Ad
349 3729 423 3783 haec
436 3731 512 3784 dixit
525 3730 785 3791 archididascalus,
801 3738 816 3758 ‘⁸
827 3731 991 3786 Meditatus
1004 3741 1034 3785 et
1048 3732 1217 3786 ruminatus
1233 3748 1299 3786 sum
1315 3733 1351 3786 de

231 3810 289 3865 hoc
302 3809 482 3870 discrimine,
496 3811 548 3864 sed
561 3810 621 3863 huc
634 3826 727 3880 usque
742 3810 771 3863 in
785 3826 910 3870 vanum:
929 3811 1044 3865 utinam
1060 3811 1089 3864 id
1104 3812 1293 3881 percepero.”

287 3888 325 3943 Et
339 3888 409 3950 dixi,
421 3896 436 3916 ‘⁸
448 3888 516 3943 Non
530 3890 622 3943 modo
633 3889 793 3943 discrimen
809 3890 887 3944 inter
899 3890 1054 3959 spirituale
1067 3901 1099 3944 et
1112 3891 1249 3945 naturale
1260 3889 1352 3961 percl-

232 3971 303 4042 pies,
317 3970 369 4024 sed
383 3969 473 4023 etiam
483 3968 625 4025 videbis.''
652 3970 689 4023 Et
699 3981 770 4024 tunc
784 3970 845 4024 dixi
856 3971 946 4024 haec:
965 3971 1036 4024 “Tu
1047 3987 1079 4025 es
1095 3970 1124 4024 in
1140 3980 1220 4026 statu
1234 3972 1351 4043 spiritu·

232 4050 270 4104 ali
284 4051 355 4104 dum
369 4049 447 4119 apud
462 4060 538 4110 tuos,
548 4059 580 4102 at
593 4048 622 4101 in
638 4059 717 4102 statu
733 4049 859 4103 naturali
872 4050 950 4119 apud
968 4067 1030 4112 me,
1049 4051 1179 4120 loqueris
1189 4052 1269 4106 enlm
1283 4067 1348 4106 cum

232 4129 292 4183 tuis
305 4129 407 4199 lingua
419 4127 573 4198 spirituali,
586 4144 663 4197 quae
676 4139 722 4181 est
736 4128 905 4183 communis
920 4129 1002 4183 omni
1018 4130 1133 4200 spiritui
1147 4140 1179 4184 et
1192 4131 1310 4201 angelo,
1322 4139 1352 4187 at

232 4224 299 4262 curn
310 4224 357 4262 me
367 4208 497 4278 loqueris
506 4207 607 4277 lingua
616 4208 860 4269 meavernacula;
876 4224 943 4262 nam
955 4209 1052 4263 omnis
1062 4208 1182 4278 spiritus
1190 4219 1221 4264 et
1230 4210 1351 4280 angelus

233 4289 360 4358 loquens
372 4303 440 4341 cum
455 4287 576 4340 homine
590 4285 725 4355 loquitur
736 4287 802 4356 ejus
812 4287 943 4357 linguam
958 4288 1116 4357 propriam,
1131 4289 1172 4341 ita
1184 4304 1252 4342 curn
1267 4289 1350 4345 Gallo

233 4367 386 4427 Gallicam,
399 4383 467 4420 cum
488 4365 589 4436 Anglo
607 4364 774 4434 Anglicam,
787 4381 855 4419 cum
876 4366 990 4421 Graeco
1003 4366 1234 4428 Graecamcum
1255 4369 1350 4422 Arabe

234 4446 446 4509 Arabicum,et
458 4446 502 4501 sic
511 4459 621 4516 porro:
638 4454 673 4497 ut
688 4443 789 4514 itaque
802 4445 878 4500 scias
890 4445 1049 4500 discrimen
1065 4446 1147 4502 inter.
1156 4447 1314 4519 spirituale¹
1321 4457 1350 4501 et
