2782 5026
130 452 193 530 278
472 462 656 513 omem
677 461 914 512 sarm-rme

128 656 209 698 suas
226 654 333 707 escas,
352 654 449 697 suam
467 645 625 705 matrem,
643 654 725 696 suos
742 634 874 696 amicos
892 644 929 697 et
948 634 1114 708 inimicos,
1129 643 1160 697 et
1173 650 1222 694 non

128 733 188 793 diu
211 743 301 811 post,
320 741 446 793 norunt
463 750 599 801 sexum,
617 741 654 793 et
676 731 792 791 sciunt
809 750 939 802 amare,
959 741 996 792 et
1018 750 1147 812 quoque
1161 727 1223 791 edu·

130 845 209 888 care
232 824 357 906 proles.
399 823 502 887 Solus
523 825 629 886 homo
651 844 729 887 tum
751 835 856 886 natus
878 836 946 895 est,
970 824 1055 887 nibil
1084 825 1150 887 tale
1168 823 1224 890 scil

130 920 214 982 nihil
229 921 320 982 enim
335 919 498 981 scientiae
513 920 564 980 illi
578 930 766 981 tornatum
778 931 853 993 est;
872 921 982 982 modo
992 931 1046 982 est
1062 920 1226 983 facultaset

128 1015 310 1077 inclinatio
325 1015 511 1094 recipiendi
527 1014 587 1076 illa
603 1034 691 1095 quae
709 1015 877 1077 scientiae
896 1025 933 1077 et
952 1016 1080 1077 amoris
1097 1025 1187 1089 sunt;
1202 1018 1228 1072 et

129 1111 160 1172 si
188 1110 272 1171 baec
301 1109 348 1170 ab
374 1109 450 1171 aliis
478 1129 548 1171 non
573 1110 707 1189 recipit,
726 1121 845 1171 manet
875 1110 978 1172 vilior
1002 1109 1134 1172 bestia:
1160 1101 1231 1190 quod

129 1207 236 1268 homo
258 1203 338 1266 talis
359 1215 521 1266 nascatur
542 1214 685 1284 propter
706 1203 810 1265 tinem
834 1215 873 1266 ut
900 1204 986 1266 nihil
1015 1206 1081 1267 sibi
1111 1205 1238 1267 tribuat·

129 1300 193 1361 sed
213 1299 300 1369 aliis,
323 1309 360 1360 et
387 1299 530 1361 tandem
551 1318 654 1360 omne
676 1300 868 1378 sapientiae
890 1311 928 1361 et
949 1299 1024 1378 ejus
1046 1302 1169 1362 amoris
1187 1284 1253 1360 sol'l

131 1393 218 1463 Deo,
236 1411 277 1454 ac
301 1403 338 1453 ut
360 1393 439 1455 inde
458 1394 567 1472 possit
585 1395 703 1473 imago
721 1393 787 1455 Dei
804 1393 888 1466 fieri,
907 1394 1068 1456 videatur
1086 1393 1270 1457 Memora‘

130 1486 199 1549 bile
223 1485 272 1566 (n.
299 1487 468 1566 132-136).
512 1486 569 1548 Ex
592 1487 646 1549 bis
667 1488 832 1568 sequitur,
851 1489 946 1568 quod
967 1487 1088 1562 homo,
1108 1490 1165 1571 qui
1184 1469 1296 1551 roff

129 1601 192 1663 per
208 1581 296 1643 alios
313 1582 379 1642 scit
397 1581 489 1661 quod
508 1580 677 1642 Dominus
699 1583 734 1643 in
752 1583 918 1644 mundum
937 1585 1086 1657 venerit,
1106 1594 1144 1646 et
1166 1532 1299 1666 quod

129 1678 176 1739 sit
195 1677 299 1747 Deus,
318 1687 354 1738 et
372 1677 478 1738 modo
495 1676 608 1738 hausit
626 1677 758 1757 aliquas
775 1679 998 1758 cognitiones
1016 1680 1061 1741 de
1079 1680 1247 1760 religione.
1265 1685 1299 1723 Α

129 1783 167 1835 et
189 1772 233 1833 de
252 1771 384 1852 legibus
402 1791 482 1832 suae
500 1772 660 1851 regionis,
680 1791 750 1833 non
772 1773 808 1833 in
830 1773 934 1853 culpa
956 1774 1016 1846 sit,
1036 1775 1066 1836 si
1088 1794 1160 1837 non
1182 1774 1251 1855 plus

130 1868 264 1948 cogitat
282 1867 325 1928 de
337 1885 452 1928 amore
464 1864 658 1946 conjugiali,
668 1886 771 1947 quam
787 1868 830 1928 de
846 1887 966 1931 amore
981 1889 1099 1938 sexus,
1114 1881 1152 1932 et
1167 1869 1252 1952 quod

129 1963 251 2026 credat
265 1980 415 2023 amorem
429 1961 684 2041 polygamicum
700 1983 777 2025 esse
792 1962 905 2024 solum
918 1961 1172 2044 conjugialem:
1196 1963 1255 2027 hos

130 2057 298 2120 Dominus
320 2057 354 2116 in
377 2055 511 2117 illorum
534 2056 731 2135 ignorantia
752 2057 859 2128 ducit,
884 2067 920 2119 et
953 2057 1082 2120 Divino
1104 2060 1256 2141 auspicio

129 2151 351 2233 providenter
377 2150 423 2211 ab
450 2151 679 2230 imputatione
700 2162 817 2213 reatus
842 2152 985 2214 abducit
1015 2152 1096 2215 illos
1125 2156 1185 2235 qui
1212 2173 1256 2216 ex

129 2246 296 2327 religione
311 2244 443 2325 fugiunt
459 2244 550 2306 mala
566 2254 602 2306 ut
619 2237 775 2326 pec‘eata,
788 2256 931 2327 propter
945 2245 1050 2308 finem
1067 2256 1105 2310 ut
1122 2249 1258 2310 salven·

130 2353 185 2404 tur
198 2363 207 2416 ;
231 2341 458 2421 unusquisque
473 2340 563 2400 enim
580 2338 685 2401 bomo
697 2342 850 2402 nascitur
863 2341 909 2401 ad
925 2340 1074 2413 caelum,
1088 2352 1126 2405 et
1147 2342 1259 2405 nullus

129 2438 175 2500 ad
192 2435 379 2511 infernum
401 2444 438 2496 et
455 2435 597 2516 quisque
614 2435 649 2496 in
667 2435 802 2497 caelum
820 2438 916 2498 venit
933 2456 956 2498 a
977 2436 1147 2512 Domino,
1166 2449 1203 2500 et
1225 2439 1259 2500 in

129 2530 296 2595 infernum
314 2549 334 2591 a
353 2549 401 2590 se.

193 2639 287 2706 351.
312 2622 401 2704 (xv.)
428 2621 525 2698 Quod
541 2644 585 2684 ex
605 2622 661 2685 Iris
683 2623 746 2696 illi,
766 2624 905 2686 tametsi
915 2624 1103 2705 polygam’,
1123 2625 1260 2689 salom·

129 2731 198 2794 tur,
217 2718 278 2801 qui
295 2727 477 2800 agnoscunt
498 2717 614 2790 Deum,
633 2728 666 2780 et
692 2740 736 2780 ex
763 2719 924 2799 unguine
939 2721 1062 2782 mitum
1079 2722 1261 2784 secundum

130 2815 219 2895 leges
229 2814 387 2896 Jirstr'tiae
406 2810 705 2875 civiles-Omnes
728 2814 761 2875 in
784 2815 944 2876 universo
967 2825 1139 2878 terrarum
1162 2816 1258 2889 orbe,

130 2910 188 2992 qui
213 2918 407 2988 agnoscunt
425 2907 549 2980 Deum,
567 2918 602 2970 et
632 2909 753 2971 vivunt
771 2910 960 2970 secundum
984 2908 1083 2988 leges
1102 2909 1259 2990 justitiae

129 3005 249 3068 civiles
270 3025 316 3066 ex
339 3003 515 3083 religione,
534 3003 733 3065 salvantur:
755 3023 817 3084 per
837 3002 934 3083 leges
949 3003 1107 3083 justitiae
1125 3005 1258 3077 civiles,

130 3100 370 3180 intelliguntur
381 3107 575 3179 praecepta,
588 3098 702 3178 qualia
716 3109 797 3160 sunt
814 3098 849 3159 in
864 3097 1047 3179 decalogo,
1060 3120 1152 3181 quae
1165 3111 1258 3173 sunt,

130 3196 222 3280 quod
246 3214 315 3256 non
334 3192 569 3264 occidendum,
590 3212 658 3254 non
687 3192 950 3263 moechandum,
971 3213 1040 3255 non
1060 3192 1257 3267 furandum,

130 3311 200 3354 non
218 3290 302 3353 salse
327 3287 549 3363 testandum;
572 3287 657 3349 haec
676 3298 861 3369 praecepta
878 3298 959 3350 sunt
985 3286 1085 3368 leges
1099 3287 1258 3368 justitiae

129 3386 248 3451 civiles
278 3386 311 3446 in
341 3383 498 3445 omnibus
520 3383 636 3463 regnis
665 3393 787 3455 terrae,
807 3403 886 3444 nam
909 3384 983 3444 sine
1012 3383 1080 3445 illis
1109 3403 1257 3465 regnum

130 3502 200 3546 non
223 3480 435 3543 subsisteret.
480 3475 548 3540 Sed
579 3478 739 3540 vivuntur
766 3498 789 3540 a
817 3477 1021 3559 quibusdam
1051 3498 1099 3539 ex
1129 3479 1258 3542 timore

129 3594 315 3661 poenarum
339 3573 436 3654 legis,
456 3593 483 3634 a·
498 3573 700 3653 quibusdam
723 3593 770 3633 ex
793 3570 991 3633 obedientia
1014 3572 1117 3645 civili,
1137 3593 1160 3635 a
1182 3575 1256 3657 qui·

129 3673 274 3736 busdam
286 3670 389 3732 etiam
406 3689 452 3730 ex
467 3667 652 3748 religione;
675 3676 710 3729 et
727 3666 786 3739 illi,
798 3687 820 3728 a
834 3666 956 3746 quibus
971 3667 1133 3728 vivuntur
1149 3670 1256 3732 etiam

130 3791 176 3833 ex
194 3767 372 3848 religione,
388 3765 586 3826 salvantur:
610 3782 713 3825 causa
731 3772 798 3834 est,
814 3761 893 3842 quia
911 3764 994 3823 tun'c
1015 3761 1112 3823 Deus
1130 3763 1165 3824 in
1190 3763 1256 3826 illis

128 3874 204 3942 est;
227 3874 262 3927 et
278 3862 394 3935 bomo,
411 3861 445 3922 in
464 3879 535 3942 quo
551 3869 604 3921 est
626 3857 732 3931 Deus,
748 3856 912 3919 salvatur.
956 3854 1043 3936 Quis
1059 3877 1130 3919 non
1147 3859 1254 3932 videt,

129 3962 222 4045 quod
244 3958 336 4040 apud
358 3955 445 4019 filios
468 3954 613 4027 Israelis,
637 3964 821 4034 postquam
844 3973 891 4015 ex
918 3951 1087 4032 Aegypto
1111 3952 1256 4033 prosedii

129 4067 221 4130 sunt,
245 4056 335 4117 inter
357 4052 453 4132 leges
482 4049 616 4112 illorum
639 4048 775 4121 suerint,
798 4047 891 4130 quod
922 4066 992 4109 non
1023 4047 1254 4111 occidendum

129 4154 186 4226 sit,
207 4170 276 4214 non
307 4146 570 4218 moechandum,
594 4164 664 4207 non
693 4143 884 4215 furandum,
909 4162 978 4204 non
1006 4140 1094 4206 salse
1117 4153 1255 4206 testan-

130 4249 222 4322 dum,
250 4245 410 4329 quoniam
444 4241 639 4305 communio
675 4259 735 4302 seu
771 4239 921 4301 societas
953 4236 1091 4299 illorum
1124 4238 1256 4320 absque

130 4343 197 4406 illis
226 4341 359 4422 legibus
384 4358 452 4401 non
475 4338 645 4419 potuisset
667 4332 876 4398 subsistere?
906 4342 943 4395 et
965 4341 1084 4394 tamen
1108 4333 1255 4396 eaedem

130 4437 226 4521 leges
255 4458 276 4500 a
303 4433 458 4519 Jehovah
477 4432 554 4495 Deo
582 4451 682 4512 super
704 4441 823 4494 monte
846 4427 940 4492 Sinai
969 4445 1048 4490 cum
1077 4428 1255 4508 stupendo
