2782 5026
136 435 202 498 214
478 430 660 483 DELICIAE
683 430 912 482 sarlatense

133 619 152 659 a
165 601 299 665 meridie,
312 611 344 658 et
355 603 438 673 quod
451 611 671 672 congregarent
681 618 713 658 se
725 618 795 657 cum
810 601 889 657 binis
901 601 1071 658 turturibus
1084 603 1114 658 in
1124 603 1228 660 oriente.

133 694 165 739 et
180 683 269 738 simul
284 682 422 737 volarent
439 682 478 737 ad
498 683 651 752 quoddam
667 681 804 737 eminens
819 682 964 752 palatium
980 682 1030 746 ibi,
1045 684 1156 741 circum
1169 675 1230 754 quod

132 772 218 818 erant
226 763 319 823 oleae.
331 761 447 832 palmae
456 772 487 816 et
500 761 570 832 lagi.
608 760 642 815 in
654 761 768 832 palatio
777 771 863 816 erant
875 772 937 817 tres
946 762 1038 818 series
1051 762 1235 821 tenesmum

134 859 193 897 una
205 858 294 912 supra
303 842 444 904 alteram:
461 852 574 897 etcum
588 841 712 904 adverti,
720 842 782 897 vidi
795 858 909 913 cygnos
924 842 1060 899 involare
1073 844 1103 898 in
1116 843 1242 916 platina

133 938 186 992 per
198 921 345 976 fenestras
357 932 476 992 apertas
490 921 520 975 in
535 921 564 975 in
581 922 684 976 infima
695 922 779 984 serie,
795 937 867 977 aves
880 922 1084 992 paradisiacas
1095 940 1147 995 per
1160 923 1247 979 len&

131 1011 194 1056 tras
212 1011 333 1071 apertas
358 1001 388 1055 in
411 1001 511 1056 media
528 1001 613 1064 serie,
631 1011 663 1056 et
681 1011 814 1056 turtures
832 1016 886 1073 per
909 1001 1060 1058 fenestras
1084 1013 1199 1074 apertas
1227 985 1258 1040 ᾖ

131 1096 272 1153 suprema
283 1080 368 1135 serie.

187 1159 255 1215 Hoc
267 1160 342 1222 viso,
354 1159 473 1215 adstitit
483 1159 616 1230 angelus,
628 1168 660 1216 et
673 1158 758 1222 dixit,
771 1165 787 1188 ⁴⁴
799 1158 947 1231 intelligis
960 1159 1027 1216 visa
1040 1160 1129 1217 illal'·

187 1237 225 1293 Et
238 1239 388 1308 respondi,
402 1239 552 1309 “Aliquid
566 1239 698 1310 parum.”

186 1316 279 1379 Dixit,
288 1319 370 1388 quod
384 1318 528 1389 palatium
542 1318 615 1373 illud
629 1327 835 1388 repraesentet
845 1317 1051 1374 habitationes
1063 1319 1176 1375 amoris
1188 1308 1288 1375 ουρ

130 1397 258 1468 jugialis,
271 1397 375 1468 quales
387 1407 459 1452 sunt
472 1397 502 1451 in
517 1397 667 1452 mentibus
681 1397 837 1458 humanis:
855 1397 937 1467 quod
947 1413 1090 1469 suprema
1103 1416 1172 1469 pars
1184 1400 1255 1471 eju
1266 1385 1294 1428 ²·

132 1476 162 1529 in
181 1492 272 1547 quam
291 1493 323 1532 se
343 1488 519 1547 receperunt
534 1486 676 1538 turtures,
693 1487 898 1547 repraesentet
914 1493 1086 1549 supremam
1103 1463 1295 1550 regionefl

131 1556 251 1618 mentis,
263 1556 315 1610 ubi
331 1555 447 1610 habitat
458 1571 544 1611 amor
555 1556 734 1627 coniugialia
746 1556 776 1612 in
789 1573 890 1611 amore
903 1557 976 1611 boni
991 1573 1060 1611 cum
1073 1574 1131 1613 sua
1142 1547 1295 1629 sapies,

130 1635 189 1697 tia:
214 1636 313 1690 media
328 1651 405 1705 pars,
422 1635 452 1690 in
470 1651 561 1706 qnam
574 1653 607 1691 se
623 1646 799 1706 receperunt
814 1651 885 1690 aves
899 1637 1113 1706 paradisiacae,
1130 1627 1295 1692 media(J

131 1715 293 1786 regionem,
307 1715 358 1769 ubi
371 1714 488 1770 habitat
500 1731 585 1770 amor
594 1715 773 1786 conjugialis
785 1715 815 1768 in
829 1731 932 1771 amore
943 1716 1006 1770 veri
1020 1732 1090 1770 curn
1103 1734 1160 1772 sua
1174 1696 1290 1772 intel

131 1795 270 1866 ligentia;
288 1811 323 1848 ac
333 1793 437 1851 infima
446 1811 522 1865 pars,
534 1794 665 1866 inquam
677 1811 710 1850 se
723 1805 900 1865 receperunt
910 1796 1007 1866 cygni,
1017 1795 1153 1850 infimam
1165 1798 1295 1869 regicr

131 1894 199 1932 nem
211 1877 329 1939 mentis,
338 1877 389 1931 ubi
403 1877 519 1932 habitat
529 1893 614 1932 amor
621 1877 800 1948 coniugialis
813 1877 843 1930 in
855 1891 959 1931 amore
971 1876 1045 1946 justi
1058 1887 1091 1932 et
1105 1877 1180 1933 redii
1191 1881 1295 1935 curt

130 1972 185 2012 sua
199 1956 341 2019 scientim
366 1956 448 2011 “tria
463 1956 545 2027 paria
557 1956 662 2011 alitum
675 1956 766 2011 etiarn
782 1954 953 2026 significant
966 1956 1025 2018 illa,
1038 1972 1094 2027 par
1106 1960 1295 2013 turtururt

129 2052 263 2091 amorem
276 2036 477 2108 coniugialem
492 2051 649 2106 supremae
664 2034 804 2106 regionis,
817 2051 873 2105 par
886 2035 986 2089 avium
1002 2036 1295 2105 pandisiammra

129 2131 263 2171 amorem
276 2114 476 2187 conjugialem
487 2115 603 2170 mediae
613 2114 752 2186 regionis,
760 2124 791 2168 et
805 2130 857 2185 par
866 2130 1030 2185 cygnorum
1040 2131 1178 2171 amorem
1189 2133 1295 2191 oonae

128 2196 271 2266 jugialern
292 2195 411 2249 infimae
430 2194 575 2265 regionis;
596 2193 706 2248 similia
720 2192 892 2264 significant
910 2193 969 2247 tria
986 2209 1099 2264 genera
1117 2196 1295 2251 arboreus

129 2274 241 2330 circum
257 2274 337 2329 circa
356 2273 509 2345 palatium,
522 2273 616 2333 oleae,
630 2273 755 2343 palmae,
771 2282 802 2327 et
820 2271 889 2344 lagi.
927 2271 992 2327 Nos
1007 2273 1037 2327 in
1053 2275 1141 2329 caelo
1155 2291 1295 2345 supreae

130 2371 211 2409 marn
227 2355 380 2425 regionem
396 2353 506 2408 mentis
520 2368 664 2408 vocamus
678 2352 848 2415 caelestem,
865 2351 993 2406 mediam
1009 2353 1212 2423 spiritualem,
1223 2360 1295 2412 οὔ

130 2434 263 2489 infimam
277 2434 459 2494 naturalem:
477 2448 513 2488 ac
526 2431 708 2502 percipimus
721 2432 786 2486 illas
798 2431 876 2485 sicut
889 2431 1096 2489 habitationes
1110 2432 1142 2488 in
1156 2433 1295 2498 domo.

130 2529 219 2568 unam
232 2529 322 2583 supra
334 2512 467 2573 alteram,
480 2522 512 2566 et
524 2527 667 2566 ascensus
679 2511 717 2566 ab
729 2527 790 2564 una
803 2510 833 2564 in
846 2510 972 2565 alteram
988 2526 1042 2581 per
1052 2513 1168 2583 gradus
1181 2513 1295 2569 sicuffi

130 2609 183 2663 per
199 2592 310 2654 scalas:
337 2603 368 2647 et
388 2592 417 2645 in
437 2592 603 2661 unaquavis
622 2603 707 2661 parte
726 2591 804 2644 sicut
823 2591 884 2645 duo
901 2591 1065 2653 conclavia,
1085 2608 1182 2646 unum
1203 2602 1295 2663 pm

128 2688 240 2735 amore,
253 2673 380 2726 alterum
395 2687 449 2741 pro
462 2671 617 2739 sapientia,
631 2681 662 2724 et
674 2670 808 2725 anterius
820 2671 898 2725 sicut
911 2670 1092 2733 cubiculum,
1106 2672 1158 2725 ubi
1171 2680 1295 2727 amor*

128 2768 197 2807 cum
216 2767 272 2807 sua
289 2751 445 2821 sapientia,
464 2761 516 2804 aut
535 2751 646 2804 bonum
666 2765 735 2803 cum
754 2765 810 2805 suo
828 2766 908 2811 vero,
924 2760 977 2804 aut
995 2750 1078 2820 quod
1099 2749 1191 2812 idern,
1206 2743 1295 2806 ub?

128 2832 270 2886 voluntas
288 2847 356 2885 cum
371 2846 428 2885 suo
447 2827 610 2889 intelleftu.
628 2829 658 2884 in
677 2839 746 2883 toro
760 2845 793 2883 se
808 2829 999 2890 consociant;
1025 2829 1054 2882 in
1072 2829 1127 2885 illo
1143 2831 1295 2902 palatio·

128 2921 249 2966 exstant
260 2909 339 2966 sicut
351 2909 483 2981 effigiata
495 2909 597 2964 omnia
609 2925 717 2963 arcana
729 2908 839 2963 amoris
852 2908 1058 2978 conjugialis.''

184 2988 241 3044 His
254 2989 373 3052 auditis,
383 3005 527 3043 accensus
540 2988 690 3043 desiderio
699 2988 820 3042 videndi
837 2988 917 3048 illud.
929 2987 1064 3057 quaesivi
1078 3004 1152 3043 num
1165 2988 1254 3045 alicui
1275 2983 1295 3035 ι’

129 3069 218 3124 detur
230 3069 340 3123 intrare
353 3079 384 3123 et
396 3068 498 3123 videre
512 3068 593 3128 illud,
607 3068 677 3138 quia
692 3078 738 3122 cst
751 3068 894 3138 palatium
909 3067 1211 3141 repraesentativum.

185 3148 361 3219 Respondit,
377 3149 459 3218 quod
479 3164 540 3202 non
559 3148 625 3202 aliis
644 3163 734 3217 quam
753 3147 804 3217 qui
825 3147 958 3219 incaelo
976 3146 1069 3201 tertio
1087 3148 1255 3217 suntquis
1276 3180 1295 3193 -

130 3227 188 3282 illis
200 3244 290 3282 omne
303 3228 591 3298 repraesentativum
604 3227 715 3282 amoris
728 3237 759 3281 et
773 3227 939 3297 sapientiae
954 3226 989 3281 lit
1002 3227 1097 3289 reale;
1120 3228 1183 3281 “ab
1197 3227 1255 3283 illis

128 3307 231 3363 audivi
246 3323 323 3378 quae
338 3308 393 3362 tibi
408 3308 505 3369 retuli,
522 3317 553 3361 et
571 3323 692 3378 quoque
708 3306 775 3367 hoc,
791 3308 872 3376 quod
888 3322 973 3361 amor
987 3322 1057 3361 vere
1072 3306 1254 3378 conjugialis

129 3386 247 3442 habitet
259 3387 289 3441 in
302 3403 443 3457 suprema
456 3387 577 3458 regione
596 3387 627 3440 in
643 3386 744 3440 medio
757 3385 867 3440 amoris
881 3385 986 3446 mutui,
1000 3385 1030 3439 in
1044 3385 1182 3442 thalamo
1201 3403 1253 3443 seu

128 3466 263 3522 conclavi
276 3467 450 3529 voluntatis,
463 3477 494 3521 et
506 3482 626 3537 quoque
642 3466 672 3519 in
687 3465 788 3519 medio
801 3465 1026 3535 perceptionum
1040 3464 1209 3535 sapientiae
1224 3465 1254 3533 in

127 3547 263 3601 thalamo
275 3563 328 3601 seu
340 3546 475 3601 conclavi
490 3544 666 3607 intellectus,
679 3555 711 3599 et
723 3546 804 3614 quod
818 3544 1030 3600 consocientur
1041 3554 1111 3600 toro
1125 3545 1156 3600 in
1172 3544 1255 3601 cubi·

128 3626 197 3681 culo
210 3627 292 3697 quod
306 3637 475 3681 antrorsum
489 3637 544 3687 est,
557 3635 588 3679 et
605 3625 635 3679 in
648 3625 791 3680 oriente.”

183 3705 221 3759 Et
233 3707 376 3776 quaesivi,
390 3705 476 3762 “Cur
488 3706 550 3759 duo
562 3705 687 3759 thalami
695 3702 726 3759 ?''

182 3784 276 3848 Dixit,
292 3786 373 3856 quod
390 3785 515 3839 maritus
529 3784 569 3840 sit
588 3785 618 3838 in
634 3784 768 3839 thalamo
785 3781 962 3845 intelledlus,
977 3793 1008 3837 et
1022 3783 1106 3853 quod
1122 3799 1201 3839 uxor
1215 3781 1255 3839 sit

128 3865 160 3923 in
173 3865 308 3920 thalamo
320 3864 495 3920 voluntatis.

183 3945 221 4001 Et
236 3945 379 4017 quaesivi,
396 3943 497 4000 “Cum
513 3959 598 3999 amor
612 3942 791 4015 conjugialis
807 3942 847 3997 ibi
864 3942 988 4005 habitat,
1001 3939 1054 3996 ubi
1069 3952 1146 3999 tunc
1161 3941 1254 4016 lrigus

128 4023 336 4095 conjugiale?''

183 4103 360 4173 Respondit,
370 4102 551 4174 quodetiam
566 4101 596 4157 in
609 4101 888 4173 supremaregione,
898 4100 951 4156 sed
961 4099 1060 4156 solum
1074 4101 1105 4155 in
1118 4100 1255 4156 thalamo

129 4182 307 4245 intelledlus,
318 4182 420 4237 clauso
429 4182 563 4237 thalamo
571 4181 736 4236 voluntatis
747 4180 802 4244 ibi;
816 4188 831 4210 ‘⁶
840 4179 1009 4236 intelledius
1018 4180 1101 4235 enim
1111 4196 1182 4236 cum
1192 4181 1255 4237 suis

128 4263 216 4324 veris,
237 4273 345 4333 potest,
365 4263 485 4333 quoties
503 4262 595 4323 lubet,
615 4261 776 4316 ascendere
801 4277 855 4332 per
877 4260 987 4316 scalam
1006 4260 1198 4317 cochlearem
1224 4262 1253 4316 in

129 4358 300 4412 supremam
316 4343 468 4412 regionem
489 4342 519 4395 in
538 4358 624 4396 suum
644 4341 819 4401 thalamum,
839 4341 892 4396 sed
911 4340 935 4396 si
955 4340 1098 4397 voluntas
1116 4357 1185 4396 cum
1207 4341 1252 4398 sui

130 4421 240 4476 amoris
253 4422 333 4477 bono
349 4438 409 4475 non
423 4421 513 4477 simul
529 4421 559 4475 in
574 4421 749 4476 consocium
762 4421 928 4475 thalamum
943 4420 1089 4483 ascendit,
1103 4420 1255 4478 clauditur
