2782 5026
375 268 426 319 un
449 267 583 320 suone
605 266 926 333 conmotam-n.
946 253 998 316 26.
1205 269 1246 336 27

177 441 296 556 gnatum
307 440 436 489 animalia
448 441 517 490 circa
529 440 667 490 Thronum
682 437 760 505 [(cap.
775 439 809 488 iv.
822 434 859 502 6)]
872 453 878 497 ς

200 508 324 556 uodecim
336 506 420 555 millia
432 503 533 555 eledlos
545 521 578 555 ex
592 505 741 569 unaquavis
753 506 823 554 tribu
837 501 916 569 [(cap.
929 505 973 555 vii.
986 500 1056 569 4-8)]
1069 519 1076 563 ;

177 572 303 622 Locustas
318 573 497 621 ascendentes
509 587 542 620 ex
554 573 654 634 abysso
668 568 747 635 [leap.
762 571 796 619 ix.
810 582 832 630 3,
845 567 899 634 7)];

177 637 329 688 Draconem
344 647 372 686 et
384 638 442 699 ejus
454 651 575 700 pugnam
587 652 647 686 curn
663 637 795 686 Michaele
809 633 887 700 [(cap.
900 636 943 685 xii.
959 632 995 699 7)]
1008 649 1013 689 :

176 703 315 753 Mulierem
330 704 479 765 parientem
493 703 575 751 filium
586 702 744 761 masculum,
754 717 785 750 ac
795 701 942 764 fugientem
953 701 981 749 in
991 702 1125 750 desertum
1137 711 1247 765 propter

252 769 400 818 draconem
415 766 493 833 [(cap.
506 769 550 817 xii.
567 781 588 827 ι,
601 780 624 825 2,
638 779 660 828 5,
672 764 726 830 6)];

176 833 247 884 Duas
262 834 373 893 bestias,
387 848 469 883 unam
484 833 675 883 ascendentem
690 847 723 882 ex
737 832 813 891 mari,
825 831 938 882 alteram
951 845 965 880 e
978 841 1049 881 terra
1062 828 1142 896 [(cap.
1155 832 1208 883 xlii.
1223 845 1245 893 1,

255 912 283 947 11
322 913 329 955 ;

175 896 316 1015 Muliere)di
329 965 468 1014 sedentem
481 979 562 1026 super
573 964 660 1013 bestia
672 964 798 1013 coccinea
811 959 890 1027 [(eap.
903 962 967 1013 xvii.
980 959 1035 1026 3)];

174 1026 325 1079 Draconem
339 1027 455 1092 ejedium
469 1030 495 1078 in
511 1040 636 1092 stagnum
652 1030 722 1092 ignis
735 1039 761 1077 et
774 1028 908 1090 sulphuris
922 1025 1002 1093 [(cap.
1014 1043 1058 1078 xx.
1073 1041 1095 1089 3,
1111 1023 1180 1092 10)];

174 1094 277 1158 Equum
291 1095 391 1153 album.
404 1105 431 1144 et
443 1109 537 1144 cenam
551 1110 677 1157 magnam
694 1092 773 1158 [(cap.
786 1095 840 1142 xix.
855 1106 892 1151 11,
908 1090 977 1156 17)];

174 1159 286 1211 Caelum
305 1174 406 1209 novum
424 1171 451 1209 et
463 1171 562 1209 terram
581 1175 687 1218 novam,
706 1175 737 1209 ac
755 1156 876 1209 sanciam
897 1158 1116 1222 Hierosolymam
1134 1160 1245 1210 descen·

253 1226 372 1284 dentem,
387 1222 574 1287 l¹ldescriptam
591 1226 679 1289 quoad
698 1235 798 1288 portas,
810 1239 915 1273 murum
931 1235 958 1274 et
972 1225 1052 1288 hujus
1068 1225 1245 1275 fundamenta

255 1286 334 1356 [(cap.
348 1291 400 1340 xxi.
415 1304 436 1349 1,
449 1304 472 1348 a,
489 1302 526 1349 12,
541 1303 578 1350 1⁴.
594 1286 712 1354 17-ao)];

172 1356 242 1407 Tum
264 1357 376 1406 fluvium
399 1371 484 1419 aquae
502 1358 581 1416 vitae,
596 1367 624 1406 et
645 1358 756 1406 arbores
773 1355 846 1405 vitae
871 1354 1001 1404 facientes
1019 1353 1122 1405 studius
1144 1357 1243 1419 quovis

253 1436 347 1471 mense
362 1419 440 1486 [(cap.
450 1423 512 1471 xxii.
525 1435 545 1481 1,
555 1419 592 1486 2)]
603 1437 609 1482 ;

126 1565 257 1636 praeter
280 1555 387 1636 plura,
408 1574 494 1636 quae
513 1556 627 1617 omnia
642 1554 716 1616 visa
734 1563 813 1618 sunt
835 1553 995 1634 Johanni,
1015 1573 1054 1617 ac
1071 1554 1143 1617 visa
1162 1554 1243 1617 dum

126 1650 234 1731 quoad
253 1651 408 1730 spiritum
424 1649 485 1712 suit
506 1651 539 1711 in
551 1650 679 1712 mundo
697 1648 864 1729 spirituali
882 1658 918 1712 et
937 1648 1093 1712 incaelo.
1140 1649 1241 1712 Prae·

126 1753 176 1807 ter
186 1765 273 1826 quae
285 1746 357 1807 visa
369 1755 448 1807 sunt
461 1744 627 1825 apostolis
641 1754 719 1825 post
733 1741 1013 1807 resurrediionem
1028 1744 1165 1807 Domini
1178 1764 1186 1821 ;
1205 1754 1242 1808 et

127 1859 208 1920 quae
220 1838 344 1903 deinde
358 1838 470 1911 Petro,
484 1839 561 1901 Ati.
574 1839 605 1901 Α
607 1848 695 1920 post.
709 1840 754 1902 xi.
768 1859 776 1916 ;
800 1849 874 1901 tum
888 1859 973 1920 quae
987 1840 1058 1901 visa
1073 1849 1109 1902 et
1125 1840 1242 1902 audita

128 1933 237 1997 Paulo.
262 1934 444 1998 Praeterea
454 1954 539 2016 quae
553 1934 747 2014 prophetis:
762 1944 799 1995 ut
810 1933 992 2008 Ezechieli,
1002 1934 1092 2015 quod
1106 1935 1240 2010 viderit,

172 2069 292 2133 Quatuor
304 2069 432 2118 animalia
444 2084 512 2132 quae
524 2068 632 2118 cherubi
644 2064 757 2133 ([Erek.]
773 2083 830 2132 cap.
843 2069 859 2118 i.
872 2078 898 2118 ct
910 2084 968 2131 cap.
980 2069 1031 2128 x.);

173 2136 368 2263 Ωιιοόῶἷνιζίιῖι
380 2135 573 2261 :gmplgssmt
590 2148 689 2183 novam
708 2143 816 2193 terram,
830 2144 857 2184 et
874 2136 1000 2197 angelum
1018 2135 1174 2184 metientem
1194 2134 1241 2185 illa

173 2266 249 2331 Quod
262 2263 393 2315 abdudlus
408 2265 635 2328 Hierosolymam.
646 2275 673 2314 et
685 2265 783 2315 viderit
795 2264 831 2314 ibi
842 2265 1058 2315 abominationes
1070 2281 1076 2325 ;
1094 2275 1121 2315 et
1133 2281 1240 2330 quoque

251 2331 280 2380 in
295 2331 471 2390 Chaldaeam,
482 2331 510 2379 in
523 2331 705 2394 captivitatem
718 2331 786 2396 (cap.
800 2331 854 2381 viil.
866 2341 894 2380 et
907 2346 964 2394 cap.
976 2331 1030 2392 xi).

134 2440 238 2510 Simile
257 2443 384 2508 facium
404 2456 457 2509 cst
474 2464 550 2508 cum
569 2444 740 2520 Sachama,

174 2566 248 2629 Quod
263 2567 360 2615 viderit
375 2567 462 2615 virum
478 2567 643 2630 equitantem
656 2569 726 2616 inter
739 2576 841 2630 myrtos
855 2564 967 2632 ([Sach.]
981 2582 1037 2629 cap.
1051 2568 1067 2617 i.
1082 2568 1104 2626 8,
1118 2567 1184 2631 seq.)
1196 2583 1203 2626 ;

175 2631 249 2697 Quod
268 2633 367 2681 viderit
384 2641 499 2694 quatuor
512 2646 621 2690 cornua,
636 2642 662 2681 et
679 2632 742 2681 dein
759 2634 853 2692 virum,
867 2633 894 2682 in
912 2634 990 2696 cujus
1008 2648 1090 2683 manu
1104 2634 1239 2684 funiculus

251 2712 394 2746 mensurae
407 2698 474 2759 (cap.
486 2697 522 2746 iii.
536 2709 557 2756 1,
570 2697 652 2760 seq.);

198 2764 250 2812 uod
264 2763 360 2812 viderit
372 2763 571 2821 candelabrum,
586 2773 612 2811 et
625 2764 691 2811 duas
704 2762 779 2812 oleas
791 2762 859 2826 (cap.
869 2764 904 2814 iv.
919 2777 940 2819 1.
953 2763 1035 2828 seq.);

213 2830 248 2878 od
261 2829 358 2877 viderit
370 2829 496 2877 volumen
509 2828 614 2884 volans,
626 2837 653 2877 et
664 2829 761 2890 epham
774 2828 840 2890 (cap.
854 2844 879 2878 v.
890 2842 912 2888 1,
925 2831 966 2889 6);
1079 2870 1083 2877 ,

175 2891 251 2957 Quod
264 2895 361 2943 viderit
373 2904 488 2956 quatuor
499 2908 593 2943 currus
602 2903 733 2942 exeuntes
749 2894 819 2944 inter
829 2895 898 2945 duos
911 2906 1026 2954 montes,
1036 2905 1063 2945 et
1075 2911 1159 2960 equos
1172 2894 1239 2960 (cap.

251 2961 288 3009 vi.
303 2972 324 3019 1,
336 2961 410 3023 sed).

136 3064 250 3137 Pariter
268 3094 346 3137 cum
365 3072 514 3151 Daniele,

172 3193 249 3308 guod
259 3194 356 3243 viderit
366 3202 481 3273 quatuor
488 3196 589 3273 bestias
599 3196 777 3275 ascendentes
787 3211 801 3245 e
812 3198 878 3246 mari
887 3194 993 3263 ([Dan.]
1005 3213 1061 3260 cap.
1072 3199 1115 3248 vii.
1126 3211 1147 3256 1,
1157 3198 1223 3262 seq.)
1233 3213 1239 3256 ;

195 3275 239 3309 um
253 3274 358 3322 pugnas
370 3269 462 3309 arietis
475 3270 501 3309 et
513 3261 577 3309 hirci
590 3263 657 3323 (cap.
670 3277 725 3311 vui.
741 3275 761 3321 1,
774 3264 855 3326 seq.);

174 3324 506 3453 Qwffifffsngelum
525 3326 687 3384 Gabrielem.
706 3338 733 3377 ct
751 3329 822 3392 quod
839 3328 924 3377 multa
941 3328 1045 3378 locutus
1064 3329 1099 3378 sit
1116 3344 1176 3378 eum
1192 3331 1239 3379 illo

135 3497 224 3582 [Turn
244 3505 407 3588 quoque]

173 3617 248 3683 Quod
265 3634 332 3682 puer
348 3619 448 3669 Elisaei
462 3622 556 3670 viderit
571 3637 664 3671 currus
679 3633 705 3672 et
720 3638 804 3686 equos
817 3625 912 3686 igneos
925 3625 1023 3673 circum
1041 3624 1193 3674 Elisaeum:
1212 3632 1240 3674 et

250 3686 322 3749 quod
337 3685 399 3734 illos
409 3686 505 3735 viderit
516 3702 576 3736 cum
589 3689 674 3751 aperti
687 3699 750 3738 sunt
762 3689 821 3752 ejus
833 3691 902 3739 oculi
915 3688 953 3754 ([2
963 3692 1024 3754 ch.
1035 3692 1069 3739 vi.
1080 3687 1141 3754 15]).

132 3812 179 3922 lix
195 3820 248 3884 his
271 3832 307 3884 et
327 3820 477 3902 pluribus
496 3822 569 3886 aliis
589 3825 622 3886 in
643 3823 771 3900 Verb0,
793 3836 943 3901 constat,
964 3827 1054 3909 quod
1075 3826 1133 3889 illa
1152 3847 1239 3910 quae

131 3929 157 3985 m
184 3917 311 3979 mundo
335 3917 501 3998 spirituali
523 3921 691 3994 existunt,
716 3922 933 4002 apparuerint
957 3922 1072 3985 multis
1096 3932 1176 3987 ante
1204 3933 1239 3987 et

132 4018 199 4084 post
222 4008 363 4074 DomIni
386 4012 593 4077 adventum:
628 4016 706 4097 quid
735 4017 865 4092 mirum,
891 4019 981 4099 quod
1008 4018 1112 4080 etiam
1137 4038 1238 4094 nunc,

131 4101 303 4258 chhoante
324 4105 481 4184 ecclesia,
502 4130 561 4173 seu
584 4111 817 4175 descendente
836 4112 935 4176 Nova
955 4113 1198 4195 Hierosolyma
1219 4133 1240 4176 a

159 4202 268 4266 omino
285 4223 304 4265 e
324 4199 444 4265 caelo?
