2782 5026
136 437 198 487 122
477 436 662 488 Dfflfflss
682 438 915 490 samm

195 622 291 692 ¹⁴7·
320 607 409 691 (vii)
433 605 532 684 &A
547 608 690 671 cosmas
711 610 863 692 conjugii
878 610 1011 674 exirm
1029 622 1104 694 per
1124 614 1255 680 totalem

131 700 370 767 abutum
383 703 622 766 scortarem
636 724 681 765 et
696 704 865 785 religione,
882 725 989 769 causa
1005 720 1064 771 est
1083 711 1166 791 quia
1183 731 1255 774 cas-

131 798 216 861 titas
235 810 292 862 est
309 800 457 863 remotio
473 800 705 875 incastitaris;
727 819 849 861 norma
863 802 1069 866 universalis
1083 816 1153 881 est,
1168 806 1257 888 quod

131 904 299 974 quantum
320 894 397 975 quis
418 904 574 956 removet
596 893 738 967 malum,
756 905 895 957 tantum
916 896 1021 960 detur
1037 901 1144 979 copia
1167 901 1256 964 bono

132 998 172 1050 ut
187 988 372 1064 succedat;
392 998 430 1051 et
445 1007 559 1068 porro,
574 999 740 1069 quantum
755 989 838 1051 odio
852 990 1001 1054 habetur
1016 994 1163 1068 malum,
1180 1006 1256 1059 tan·

133 1092 208 1145 tum
226 1096 362 1146 ametur
378 1084 528 1159 bonum;
551 1095 588 1147 et
604 1103 742 1164 quoque
762 1085 838 1146 vice
856 1105 978 1162 versa;
1000 1101 1258 1172 consequenter

131 1178 225 1260 quod
246 1189 412 1260 quantum
434 1179 615 1241 abdicatur
635 1180 815 1251 scortatio,
838 1190 976 1243 tantum
997 1185 1151 1247 castitas
1173 1205 1256 1248 con-

128 1271 214 1353 jugii
231 1273 348 1336 intret.
392 1272 495 1354 Quod
512 1293 610 1335 amor
626 1273 830 1354 coniugialis
852 1277 1042 1339 secundum
1062 1280 1257 1344 abdicatio·

131 1386 212 1431 nem
235 1370 485 1432 scortationum
514 1366 711 1448 purificetur
735 1378 773 1431 et
798 1365 1017 1443 reftificetur,
1040 1374 1190 1456 quisque
1211 1396 1257 1438 ex

131 1465 305 1527 communi
323 1464 556 1545 perceptione,
574 1462 763 1524 dummodo
780 1463 906 1527 dicitur
923 1476 960 1527 et
975 1467 1129 1543 auditur,
1149 1470 1256 1545 videt,

130 1557 183 1621 ita
203 1568 288 1621 ante
309 1556 612 1634 confirmationem
636 1558 700 1619 sed
721 1558 801 1639 quia
822 1578 893 1621 non
914 1562 1076 1623 omnibus
1098 1575 1157 1627 est
1181 1584 1257 1645 per·

129 1654 246 1734 ceptio
263 1653 466 1725 communis,
485 1653 632 1715 interest
650 1662 689 1715 ut
707 1653 742 1714 id
763 1654 870 1715 etiam
893 1675 955 1736 per
968 1655 1258 1722 confirmationes

129 1745 339 1810 illustretur:
374 1745 654 1809 confirmationes
681 1756 774 1818 sunt,
803 1748 897 1828 quod
924 1767 1023 1811 amor
1049 1751 1258 1832 conjugialis

129 1840 267 1922 frigeat,
286 1852 325 1905 ut
343 1842 489 1923 primum
506 1841 682 1913 dividitur,
700 1861 742 1904 ac
764 1841 985 1922 frigescentia
1006 1843 1095 1907 haec
1114 1846 1201 1910 lacit
1220 1857 1257 1911 ut

129 1948 263 2020 pereat,
286 1936 382 2001 calor
403 1937 495 1999 enim
517 1937 645 1999 amoris
667 1936 791 1999 incasti
813 1938 1008 2018 exstinguit
1034 1940 1156 2020 illum;
1189 1963 1257 2008 non

129 2032 223 2095 enim
240 2032 315 2096 dari
337 2042 483 2113 possunt
504 2031 575 2092 duo
595 2029 731 2094 calores
752 2033 908 2112 oppositi
929 2034 1042 2107 simul,
1062 2037 1147 2118 quin
1171 2059 1257 2103 unus

128 2126 262 2208 rejiciat
290 2125 450 2200 alterurn,
478 2136 514 2189 et
541 2125 638 2188 illum
666 2146 729 2188 sua
756 2128 918 2209 potentia
945 2129 1056 2191 orbet.
1104 2129 1258 2212 Quando

127 2224 248 2305 itaque
265 2222 361 2287 calor
378 2222 505 2284 amoris
522 2220 726 2302 coniugialis
743 2234 901 2284 removet
918 2233 955 2284 et
971 2223 1082 2303 rejicit
1101 2227 1257 2292 calorem

128 2320 256 2382 amoris
273 2317 483 2390 scortatorii,
502 2315 622 2397 incipit
640 2335 738 2379 amor
754 2315 957 2397 coniugialis
971 2337 1120 2382 amoene
1143 2322 1257 2386 cales-

128 2433 218 2487 cere,
237 2424 274 2478 et
296 2433 343 2476 ex
364 2432 469 2475 sensu
491 2409 689 2474 deliciarum
711 2429 848 2473 suarum
870 2412 1064 2491 germinare
1092 2424 1130 2478 et
1158 2417 1257 2481 efflo-

127 2529 275 2581 rescere,
295 2509 386 2571 sicut
408 2507 600 2588 pomarium
618 2515 655 2568 et
676 2516 831 2567 rosetum
854 2516 1011 2587 tempore
1028 2510 1145 2587 veris;
1170 2511 1256 2576 haec

128 2625 174 2667 ex
191 2605 321 2668 vernali
338 2603 504 2685 temperie
520 2600 606 2663 lucis
621 2611 658 2662 et
673 2600 798 2662 caloris
812 2621 833 2662 e
848 2601 923 2664 sole
938 2602 1056 2665 mundi
1073 2607 1256 2681 naturalis,

127 2699 190 2763 illa
214 2711 333 2764 autem
359 2719 406 2762 ex
433 2695 565 2760 vernali
590 2695 759 2777 temperie
786 2694 872 2758 lucis
897 2706 935 2759 et
960 2696 1087 2759 caloris
1109 2720 1159 2763 ex
1181 2702 1256 2766 sole

128 2796 246 2858 mundi
264 2792 460 2876 spiritualis.

193 2888 292 2971 148.
318 2887 434 2952 Cuivis
456 2885 587 2949 homini
605 2905 652 2948 ex
670 2885 847 2950 creatione
869 2894 905 2948 et
928 2886 1007 2949 inde
1026 2906 1047 2948 a
1066 2889 1257 2955 nativitate

129 2993 185 3049 est
203 2984 344 3046 insitum
362 2980 557 3062 conjugiale
574 2981 747 3044 internum
766 2991 803 3044 et
825 2979 1019 3061 coniugiale
1040 2992 1256 3062 externum

129 3078 302 3141 internum
321 3087 376 3141 est
395 3074 584 3157 spirituale,
604 3085 641 3137 et
663 3086 847 3138 externum
869 3087 924 3138 est
944 3075 1122 3153 naturale;
1147 3077 1258 3142 homo

129 3171 163 3234 in
182 3171 248 3236 hoc
267 3173 362 3236 venit
385 3173 541 3253 primum,
558 3178 595 3232 et
614 3169 702 3232 sicut
721 3167 760 3232 fit
777 3169 962 3251 spiritualis
979 3172 1074 3233 venit
1097 3171 1133 3233 in
1157 3172 1256 3236 illud.

130 3263 166 3328 Si
187 3267 305 3348 itaque
327 3269 361 3330 in
384 3265 568 3347 conjugiali
590 3274 740 3327 externo
762 3284 825 3327 seu
846 3263 992 3327 naturali
1014 3277 1148 3340 manet,
1169 3277 1254 3331 tunc

130 3361 312 3425 obvelatur
333 3362 528 3443 conjugiale
550 3361 722 3423 internum
745 3380 805 3422 seu
828 3360 1015 3442 spirituale,
1039 3380 1148 3442 usque
1171 3363 1255 3426 dum

130 3476 200 3519 non
219 3457 285 3521 scit
308 3456 435 3541 aliquid
457 3457 501 3519 de
519 3475 573 3530 eo,
593 3455 700 3517 immo
721 3475 828 3536 usque
850 3455 931 3516 dum
954 3464 1058 3517 vocat
1081 3455 1116 3517 id
1140 3457 1254 3519 inani·

129 3559 241 3615 tatem
264 3551 381 3630 ideae;
405 3562 441 3615 at
463 3570 546 3613 vero
568 3551 596 3612 si
619 3549 724 3612 homo
746 3547 785 3612 fit
808 3549 1003 3631 spiritualis,
1022 3559 1106 3613 tunc
1129 3551 1254 3634 incipit

129 3645 256 3728 aliquid
276 3648 362 3710 scire
381 3648 424 3709 de
442 3667 496 3719 eo,
516 3655 639 3727 postea
657 3643 784 3726 aliquid
802 3645 975 3725 percipere
992 3645 1036 3707 de
1055 3645 1149 3726 quali
1168 3647 1254 3728 ejus,

128 3750 166 3804 et
188 3743 382 3805 successive
403 3742 531 3804 sentire
554 3759 711 3813 amoena,
726 3738 887 3819 jucunda,
911 3749 948 3803 et
971 3738 1136 3803 deliciosa
1158 3740 1254 3822 ejus;

128 3846 166 3900 et
184 3837 272 3899 sicut
291 3835 375 3900 haec
395 3836 489 3910 fiunt,
509 3836 558 3898 ita
577 3833 754 3897 obvelatio
772 3834 862 3896 inter
879 3844 1061 3897 externum
1081 3845 1118 3897 et
1142 3836 1254 3900 inter·

130 3950 222 4005 num,
239 3932 282 3994 de
298 3951 365 4014 qua
380 3951 493 4012 supra,
507 3930 626 4011 incipit
641 3929 825 4000 attenuari,
841 3928 921 3991 dein
937 3930 1032 4010 quasi
1049 3928 1253 4010 liquescere,

129 4046 170 4090 ac
201 4025 323 4090 ultimo
352 4025 478 4089 resolvi
506 4034 542 4087 et
572 4023 738 4104 dissipari.
784 4021 897 4103 Quum
930 4022 997 4086 hoc
1026 4019 1153 4086 saftum
1182 4036 1253 4096 est.

130 4131 248 4185 manet
275 4121 413 4203 quidem
436 4118 628 4200 conjugiale
654 4127 850 4191 externum,
873 4117 934 4180 sed
960 4117 1031 4199 jugi
1058 4119 1255 4200 castigatur

130 4226 167 4280 et
186 4215 382 4298 purificatur
400 4235 420 4279 e
438 4216 506 4277 suis
522 4214 672 4277 faecibus
695 4213 739 4276 ab
757 4213 912 4288 interno;
936 4222 972 4276 et
987 4213 1052 4275 hoc
1069 4233 1112 4275 eo
1131 4234 1253 4296 usque,

131 4312 212 4375 dum
242 4321 426 4375 externum
456 4308 495 4373 fit
524 4310 613 4372 sicut
643 4308 745 4371 iacies
775 4308 912 4380 interni,
942 4327 982 4370 ac
1013 4307 1120 4370 trahit
1151 4328 1253 4374 suum

127 4406 314 4490 jucundum
344 4427 390 4469 ex
419 4404 524 4468 beato
546 4404 639 4489 quod
671 4413 726 4468 est
755 4404 789 4467 in
818 4405 965 4477 interno,
989 4412 1024 4466 et
1054 4403 1154 4466 simul
1178 4404 1254 4486 ejus
