2782 5026
186 456 249 509 222
536 453 718 505 DELlClAE
741 454 968 505 sntmnnnn

186 628 273 692 sicut
288 625 428 704 ardere;
452 635 487 691 et
500 626 578 711 quia
597 627 699 690 ardor
710 626 768 692 ille
783 627 913 692 inducit
926 626 1087 693 timorem
1100 649 1164 712 pro
1179 625 1295 711 iactura

186 722 331 798 illarum,
351 723 430 786 ideo
446 732 526 786 sunt
546 722 784 787 simulationes
802 723 1014 806 conjugiales
1032 724 1102 787 illis
1121 726 1300 788 necessita·

186 825 251 890 tes,
271 837 358 900 quae
377 817 540 900 imprimis
559 828 651 894 sunt,
670 838 758 902 quae
783 816 832 901 (in
852 818 1005 883 articulis
1023 820 1209 901 arv-xvii.)
1228 817 1310 883 infra

186 910 389 989 afferuntur3
424 911 575 995 reliquae
597 931 721 977 causae
743 931 820 976 cum
843 912 896 975 his
918 924 1144 978 enumeratae
1167 912 1318 997 possunt

186 990 313 1089 aliquid
341 1025 523 1070 commune
555 1007 683 1072 habere
716 1026 792 1071 cum
826 1009 938 1071 causis
970 1009 1062 1091 apud
1095 1010 1325 1091 spiritualem

185 1102 372 1177 hominem,
393 1102 436 1165 de
454 1103 575 1184 quibus
594 1123 695 1185 supra
710 1102 756 1185 (n.
771 1102 861 1186 280),
876 1104 936 1166 sed
956 1105 1061 1168 modo
1077 1105 1106 1167 si
1126 1103 1336 1187 prudentia

185 1198 275 1281 apud
296 1197 488 1261 naturalem
507 1197 682 1261 hominem
702 1199 792 1281 sapit
811 1218 856 1261 ex
876 1198 1121 1280 intelligentia.

249 1293 344 1359 282.
377 1289 455 1374 (xi.)
482 1288 580 1368 Quod
593 1293 664 1355 sint
679 1301 827 1373 propter
842 1292 1094 1368 emendationes,
1115 1303 1150 1357 et
1167 1302 1350 1376 propter

185 1385 658 1467 accommodationes—Quod
695 1384 932 1450 simulationes
964 1386 1192 1470 conjugiales‚
1226 1398 1352 1473 quac

185 1491 265 1545 sunt
281 1481 504 1563 apparentiae
519 1482 645 1543 amoris
662 1489 699 1543 et
715 1482 888 1546 amicitiae
903 1483 993 1546 inter
1005 1482 1172 1565 conjuges
1189 1485 1363 1548 animi5

185 1576 403 1648 dissidentes,
423 1576 493 1639 sint
517 1584 659 1657 propter
681 1575 972 1650 emendationem,
992 1585 1047 1640 est
1066 1579 1147 1660 quia
1169 1580 1357 1661 spiritu‘

184 1670 247 1734 alis
273 1671 377 1734 homo
403 1670 540 1735 foedere
567 1669 810 1733 matrimoniali
833 1670 1014 1753 copulatus
1040 1691 1118 1735 cum
1148 1673 1356 1739 naturali·

185 1765 267 1829 nihil
290 1765 382 1828 aliud
406 1766 555 1830 intendit
577 1783 680 1848 quam
703 1766 982 1829 emendationem
1006 1767 1123 1843 vitae;
1149 1770 1246 1851 quod
1270 1769 1366 1833 ab

183 1861 243 1924 illo
262 1859 300 1925 tit
320 1880 380 1941 per
395 1880 571 1923 sermones
590 1861 780 1942 sapientiae
799 1870 835 1924 et
850 1860 1058 1942 elegantiae,
1076 1872 1112 1925 et
1133 1883 1196 1944 per
1215 1865 1351 1928 favoe

184 1978 238 2020 res
256 1957 359 2038 genio
378 1955 518 2019 alterius
537 1956 825 2034 adblandientes;
848 1958 932 2021 atsi
955 1956 1040 2020 haec
1064 1978 1155 2022 vane
1178 1961 1215 2023 in
1240 1961 1352 2042 eju-5·

183 2072 281 2115 aures
297 2062 332 2115 et
349 2071 460 2114 mores
477 2051 614 2124 cadunt,
629 2052 779 2115 intendit
794 2053 1148 2128 accommodationes,
1167 2067 1352 2139 propter

183 2147 483 2211 conservationem
500 2146 627 2209 ordinis
643 2147 676 2208 in
689 2147 789 2209 rebus
805 2147 1016 2221 domesticis,
1031 2159 1176 2231 propter
1188 2160 1349 2214 mutua·

183 2243 320 2317 auxilia,
341 2252 376 2305 et
397 2251 536 2324 propter
552 2242 699 2304 infantes
717 2252 753 2305 et
770 2241 907 2316 liberos,
921 2252 956 2306 et
971 2244 1094 2307 similia
1109 2244 1201 2323 alia;
1228 2265 1331 2309 nan)

182 2335 274 2400 dicia
293 2348 328 2401 et
347 2335 435 2410 atta,
456 2358 542 2419 quae
562 2357 582 2398 a
599 2336 764 2417 spirituali
788 2337 927 2400 homine
946 2339 1152 2420 procedunt,
1171 2342 1342 2422 sapiunt

183 2454 227 2496 ex
240 2433 373 2514 justitia
389 2443 424 2496 et
439 2432 576 2513 judicio,
591 2442 628 2494 ut
642 2452 742 2514 supra
757 2431 803 2513 (n.
818 2432 895 2515 280)
910 2442 1084 2496 ostensum
1098 2445 1164 2498 est.
1200 2434 1327 2519 Apud

182 2528 346 2609 conjuges
368 2537 496 2601 autem,
521 2548 566 2590 ex
590 2527 710 2609 quibus
734 2546 802 2589 non
826 2547 912 2589 unus
935 2537 989 2591 est
1015 2528 1220 2609 spiritualis,
1247 2530 1327 2595 seri

182 2626 285 2688 ambo
304 2634 383 2687 sunt
404 2623 589 2696 naturales,
610 2622 721 2684 simile
740 2633 857 2704 potest
874 2623 956 2695 dari,
975 2624 1035 2686 sed
1055 2634 1200 2705 propter
1219 2626 1327 2689 alioss

181 2719 285 2782 fines:
310 2720 336 2782 si
356 2729 493 2802 propter
510 2718 787 2780 emendationem
805 2728 839 2781 et
859 2719 1235 2796 accommodationem,
1253 2731 1323 2785 est:

182 2813 256 2877 finis
268 2813 323 2877 vel
341 2823 377 2875 ut
394 2812 482 2876 alter
493 2813 669 2893 redigatur
681 2813 724 2874 ad
738 2811 994 2876 similitudinem
1007 2832 1144 2876 suorum
1159 2834 1313 2890 morum.

181 2931 220 2975 ac
235 2921 271 2974 ut
289 2910 357 2972 suis
370 2909 545 2971 desideriis
559 2909 809 2982 subordinetur,
823 2909 878 2971 vel
894 2917 1035 2991 propter
1047 2908 1162 2992 aliqua
1178 2910 1306 2988 officia,

182 3017 218 3070 ut
237 3005 321 3069 fiant
341 3005 561 3068 inservientia
577 3006 655 3077 suis,
672 3003 727 3067 vel
744 3014 886 3086 propter
902 3022 1022 3086 pacem
1042 3005 1131 3067 intra
1149 3006 1304 3083 domurn,

181 3110 239 3165 aut
261 3101 387 3163 famam
410 3109 511 3163 extra
534 3099 684 3172 domum,
705 3098 759 3162 vel
784 3108 925 3181 propter
947 3098 1081 3162 favores
1100 3111 1263 3181 speratos
1286 3124 1307 3165 a

180 3194 337 3277 conjuge,
362 3203 420 3257 aut
449 3195 493 3257 ab
516 3192 586 3275 ejus
613 3195 761 3275 agnatis,
783 3204 919 3276 praeter
945 3192 1029 3256 fines
1053 3193 1158 3272 alios;
1183 3197 1246 3259 sed
1270 3197 1304 3260 hi

180 3292 269 3375 apud
293 3290 460 3375 quosdam
484 3300 563 3353 sunt
587 3310 632 3352 ex
660 3289 841 3372 prudentia
867 3289 1009 3353 rationis
1038 3289 1186 3367 illorum,
1211 3296 1304 3376 apud

180 3387 347 3471 quosdam
367 3407 412 3448 ex
432 3385 599 3449 civilitate
623 3386 751 3459 nativa,
772 3385 862 3467 apud
886 3385 1052 3468 quosdam
1076 3406 1123 3449 ex
1142 3385 1305 3466 jucundis

179 3482 405 3563 cupiditatum
438 3501 459 3543 a
489 3481 673 3543 nativitate
708 3479 932 3554 familiarium,
963 3499 1105 3562 quarum
1132 3480 1304 3561 jadiuram

179 3579 291 3653 timet,
317 3586 452 3660 praeter
482 3577 606 3658 plures,
630 3576 820 3659 exquibus
850 3576 1018 3656 assumpti
1049 3575 1185 3640 favores
1212 3580 1303 3642 sicut

179 3675 303 3738 amoris
320 3671 521 3754 coniugialis
540 3671 624 3734 frunt
642 3672 717 3754 plus
736 3681 795 3735 aut
815 3672 925 3734 minus
944 3670 1156 3734 simulatorii.
1204 3673 1304 3737 Dan·

180 3781 235 3835 tur
254 3771 360 3834 etiam
383 3769 517 3832 favores
537 3768 625 3830 sicut
648 3767 773 3829 amoris
796 3765 998 3848 conjugialis
1021 3776 1124 3829 extra
1146 3767 1303 3844 domum,

179 3876 215 3930 et
235 3866 318 3929 nulli
334 3866 423 3928 intra
440 3864 590 3938 domum,
608 3863 668 3926 sed
687 3853 722 3924 hi
743 3882 802 3942 pro
819 3860 885 3925 fine
901 3858 1058 3944 spediant
1073 3861 1200 3925 famam
1218 3866 1304 3928 utri·

179 3983 296 4044 usque,
316 3970 352 4024 et
372 3960 483 4021 sinon
504 3959 603 4033 hanc,
624 3967 703 4020 sunt
723 3955 849 4020 lusorii.

242 4055 340 4138 283.
372 4053 462 4136 (xii.)
490 4052 587 4130 Quod
608 4053 679 4117 sint
698 4062 841 4135 propter
861 4050 1009 4115 ordinem
1037 4051 1246 4117 servandum
1267 4053 1307 4117 in

178 4149 277 4214 rebus
296 4148 482 4213 domesticis
490 4170 506 4222 ,·
528 4158 559 4210 et
570 4158 712 4229 propter
727 4157 877 4210 mutuum
891 4145 1303 4231 auxilinm-Unaquae-

179 4246 229 4308 vis
245 4245 377 4318 domus,
395 4246 450 4308 ubi
471 4244 573 4307 etiam
593 4243 700 4319 liberi,
717 4244 837 4307 horum
856 4239 1089 4317 instructores,
1106 4251 1143 4305 et
1159 4243 1303 4308 domes·

181 4342 240 4405 tici
259 4341 326 4414 alii,
347 4352 401 4404 est
421 4361 487 4403 una
507 4342 655 4404 societas
679 4339 855 4402 aemulans
879 4357 1061 4419 magnam;
1085 4336 1172 4401 haec
1193 4340 1302 4403 etiarn

180 4457 226 4501 ex
245 4436 321 4512 illis,
341 4436 429 4500 sicut
447 4453 629 4500 commune
648 4455 693 4498 ex
717 4435 880 4517 partibus,
900 4433 1083 4512 coexistit;
1108 4442 1144 4496 et
1163 4454 1303 4516 quoque
