2782 5026
135 429 180 513 96
485 441 668 493 DELICIAE
692 440 919 493 snrruurmu

135 614 165 669 in
186 611 298 685 petius,
315 613 365 669 ubi
387 612 421 668 fit
439 613 597 684 jucundus,
613 623 644 667 et
664 623 792 668 vocatur
809 628 895 668 amor
914 609 1083 684 petloralis,
1102 612 1156 685 qui
1181 612 1212 667 in
1232 626 1265 669 se

133 692 287 765 apellatus
300 704 346 748 est
359 694 465 764 plenus
475 694 615 754 amicitia,
626 704 657 747 et
671 693 777 762 plenus
785 691 970 747 confidentia
981 709 1019 746 ex
1033 693 1125 763 piena
1136 694 1265 772 inclina:

133 775 217 829 tione
235 773 274 827 ad
296 783 451 836 mutuum:
470 783 502 826 et
520 773 601 842 quod
622 773 671 827 ille
691 773 762 826 dum
782 771 955 842 pertransiit
973 769 1080 842 petius
1103 772 1158 827 fiat
1179 789 1265 827 amor

133 853 275 924 genialis:
294 854 368 907 haec
390 862 422 907 et
440 852 550 907 similia
570 868 638 905 cum
660 851 794 922 ephebus
813 851 1050 921 cogitationibus
1071 852 1137 907 suis
1157 852 1262 914 volvit,

133 933 215 1003 quod
235 930 307 987 iacit
325 947 395 986 cum
414 947 452 985 ex
470 947 542 986 sexu
562 931 618 986 sibi
638 941 796 1001 praeoptat
814 946 912 991 unam,
927 931 1100 984 accendunt
1119 931 1150 985 in
1170 932 1260 986 corde

134 1012 234 1082 ignem
247 1011 357 1066 amoris
366 1011 553 1082 conjugialis,
563 1010 614 1081 qui
630 1011 714 1081 ignis,
724 1010 795 1080 quia
804 1020 850 1065 est
863 1009 1032 1079 primitivus
1046 1010 1128 1065 illius
1140 1011 1260 1072 amoris,

133 1101 180 1146 est
192 1090 279 1162 origo
291 1091 365 1161 ejus.
402 1090 557 1161 Originem
570 1090 693 1144 virtutis
708 1106 761 1144 seu
777 1088 931 1159 potentiae
944 1104 1005 1143 non
1018 1088 1110 1143 aliam
1123 1090 1260 1161 agnosci-

134 1187 208 1233 mus,
220 1186 311 1241 quam
328 1171 427 1241 ipsum
443 1170 527 1225 illum
543 1186 686 1231 amorem,
702 1179 773 1224 sunt
789 1169 869 1223 enirn
886 1168 1034 1222 individui
1051 1168 1193 1231 comites,
1207 1169 1258 1225 sed

132 1267 228 1322 usque
237 1251 321 1313 tales,
332 1261 366 1304 ut
376 1251 556 1321 quandoque
569 1266 647 1304 unus
661 1249 828 1319 praecedat.
838 1258 870 1303 et
879 1248 1062 1319 quandoque
1074 1249 1169 1312 alter;
1189 1249 1258 1303 dum

132 1346 219 1384 amor
236 1330 396 1401 praecedit,
412 1345 447 1384 ac
461 1330 558 1384 virtus
577 1345 629 1383 seu
649 1328 786 1399 potentia
800 1328 885 1382 illurn
903 1327 1047 1397 sequitur,
1063 1337 1113 1381 est
1132 1338 1259 1399 uterque

133 1410 250 1471 nobilis,
264 1410 335 1479 quia
353 1410 489 1479 potentia
508 1419 581 1463 ωηο
596 1419 642 1463 est
660 1408 757 1462 virtus
775 1407 886 1462 amoris
903 1406 1099 1477 coniugialia:
1118 1417 1151 1461 at
1166 1407 1192 1462 si
1208 1423 1260 1478 po·

132 1489 228 1544 tentia
246 1489 399 1558 praecedit
417 1497 449 1542 et
467 1503 552 1542 amor
566 1488 710 1558 sequitur,
726 1498 799 1542 ωηο
817 1497 864 1541 est
882 1497 1008 1556 uterque
1023 1486 1177 1556 ignobilis,
1190 1486 1259 1557 quia

133 1584 218 1623 amor
230 1579 302 1622 tunc
314 1578 361 1623 est
374 1569 527 1638 potentiae
540 1568 683 1630 carnalis:
702 1584 758 1621 nos
771 1566 871 1637 itaque
883 1582 921 1621 ex
933 1565 1047 1626 ordine,
1059 1566 1089 1618 in
1101 1582 1164 1636 quo
1176 1582 1260 1621 amor

132 1648 289 1702 deseendit
304 1658 357 1702 aut
371 1647 515 1707 ascendit,
529 1657 560 1701 et
578 1647 621 1701 sic
639 1662 657 1700 a
675 1662 729 1700 sua
744 1646 858 1718 origine
874 1647 911 1699 ad
928 1654 1039 1699 metam
1057 1646 1258 1716 progreditur,

132 1728 307 1799 qualitatem
321 1728 476 1797 utriusque
489 1726 685 1797 judicamus.”
724 1725 781 1781 His
793 1725 962 1795 subscripta
973 1737 1020 1780 est
1033 1725 1138 1780 littera
1151 1733 1168 1754 ‘⁴
1178 1725 1234 1780 DJ·

185 1818 265 1865 11².
294 1807 409 1862 Ultimo
422 1822 473 1861 seu
484 1824 557 1860 nono
566 1805 689 1861 sustulit
702 1806 892 1867 chartam,ex
904 1820 963 1876 qua
972 1805 1047 1875 legit
1056 1804 1150 1860 haec:
1169 1805 1258 1859 “Nos

132 1886 292 1957 populares
304 1903 341 1941 ex
354 1897 458 1940 nostro
468 1886 600 1946 comitio,
611 1885 759 1955 judicium
773 1885 810 1939 ad
821 1885 896 1939 duas
907 1884 973 1939 illas
982 1900 1019 1938 ex
1032 1884 1201 1953 propositis
1213 1899 1258 1938 ree

132 1965 332 2025 adhibuimus,
346 1966 382 2019 ad
397 1965 543 2035 originem
557 1965 668 2019 amoris
680 1964 867 2035 coniugialia
880 1974 911 2017 et
923 1964 960 2017 ad
975 1962 1124 2033 originem
1136 1963 1257 2018 virtutis

132 2061 185 2100 seu
199 2045 352 2115 potentiae
366 2045 438 2115 ejus.
476 2043 552 2099 Cum
568 2044 749 2114 agitavimus
764 2042 946 2098 subtilitates
962 2043 999 2096 de
1012 2042 1133 2112 origine
1145 2043 1258 2097 amoris

131 2124 317 2196 conjugialis,
333 2125 370 2178 ad
390 2125 563 2179 evitandum
584 2126 703 2178 umbras
724 2124 754 2178 in
773 2123 948 2184 rationibus,
964 2122 1160 2177 distinximus
1181 2123 1260 2178 inter

131 2220 265 2258 amorem
279 2219 368 2258 sexus
382 2203 577 2273 spiritualem,
591 2202 765 2264 naturalem,
779 2212 810 2257 et
825 2202 990 2263 camalem;
1009 2212 1042 2254 et
1055 2218 1110 2271 per
1122 2218 1257 2257 amorem

131 2299 219 2338 sexus
234 2283 419 2354 spiritualem
437 2283 631 2353 intelligimus
649 2298 781 2337 amorem
798 2297 868 2336 vere
887 2281 1100 2351 conjugialem.
1117 2281 1191 2352 quia
1209 2280 1258 2336 hic

131 2374 177 2417 est
190 2362 365 2432 spiritualis:
385 2372 416 2417 et
430 2379 482 2432 per
491 2377 624 2416 amorem
635 2377 723 2416 sexus
737 2361 902 2415 naturalem
917 2360 1114 2431 intelligimus
1122 2376 1257 2416 amorem

132 2442 361 2514 polygamicum,
380 2442 451 2512 quia
469 2441 518 2495 hie
538 2451 585 2495 est
605 2439 764 2502 naturalis;
786 2451 818 2494 et
838 2455 891 2509 per
909 2454 1041 2494 amorem
1063 2453 1155 2494 sexus
1176 2455 1258 2494 mere

131 2522 279 2576 carnalem
294 2521 488 2588 intelligimus
502 2536 635 2574 amorem
652 2519 870 2579 scortatorium.
884 2518 954 2589 quia
969 2518 1019 2571 liic
1032 2528 1080 2572 est
1094 2534 1179 2573 mere
1193 2534 1258 2573 oar·

132 2602 215 2655 nalis.
253 2599 328 2656 Cum
347 2600 579 2669 introspeximus
595 2599 707 2653 nostris
726 2599 846 2668 judiciis
866 2599 894 2651 in
914 2613 1047 2651 amorem
1062 2613 1134 2652 vere
1149 2599 1257 2668 conju·

130 2681 247 2751 gialem,
267 2679 472 2750 perspeximus
490 2679 571 2748 quod
591 2678 640 2732 hie
658 2694 744 2732 amor
761 2679 859 2732 solum
881 2677 959 2731 inter
976 2692 1069 2730 unum
1090 2693 1206 2733 marem
1226 2689 1258 2732 et

132 2775 220 2813 unam
234 2758 375 2813 feminam
390 2759 486 2819 detur,
499 2769 530 2811 et
542 2758 623 2828 quod
639 2758 680 2812 sit
695 2774 733 2811 ex
748 2757 900 2811 creatione
913 2754 1058 2818 caelestis,
1073 2755 1209 2818 intimus,
1222 2773 1257 2811 ac

130 2839 231 2892 anima
242 2847 274 2893 et
289 2847 373 2907 pater
386 2838 520 2891 omnium
537 2839 683 2891 bonorum
697 2853 841 2897 amorum,
856 2836 1016 2907 inspiratus
1030 2834 1135 2904 primis
1149 2851 1257 2905 paren·

131 2918 219 2977 tibus,
233 2927 263 2971 et
277 2917 456 2985 inspirabilis
470 2915 666 2977 Christianis:
685 2928 731 2970 est
747 2916 837 2970 etiam
858 2916 901 2969 ita
914 2913 1134 2982 conjuntlivus,
1148 2926 1186 2969 ut
1205 2931 1258 2985 per

132 2990 214 3042 iilum
225 2990 301 3042 duae
312 3001 428 3043 mentes
439 2990 554 3059 possint
566 2990 628 3045 fieri
642 3006 702 3044 una
715 3007 806 3051 mens,
817 3006 852 3045 ac
865 2991 926 3044 duo
937 2989 1074 3044 homines
1084 2991 1164 3044 sicut
1175 3008 1255 3045 unus

131 3066 232 3127 homo,
245 3067 327 3136 quod
342 3067 518 3138 intelligitur
531 3084 584 3137 per
596 3067 658 3122 fieri
673 3084 732 3121 una
744 3084 823 3122 caro.
860 3067 950 3138 Quod
965 3067 1014 3122 ille
1026 3084 1114 3122 amor
1127 3069 1256 3139 inspira·

129 3155 179 3200 tus
192 3145 232 3200 sit
244 3161 263 3199 a
274 3146 434 3209 creatione,
449 3157 531 3216 patet
545 3148 574 3200 in
590 3147 680 3201 Libro
693 3147 861 3202 Creationis
874 3164 911 3202 ex
925 3148 987 3201 his:

175 3268 182 3289 ⁸
192 3264 223 3310 Et
231 3263 266 3308 vir
274 3264 422 3383 derelinrpugt
434 3271 560 3384 patrem)et
573 3272 681 3317 matrem,
689 3273 712 3311 et
723 3265 861 3311 adhaerebit
873 3264 940 3310 uxori
951 3277 1017 3318 suae,
1028 3271 1052 3310 et
1062 3271 1133 3310 erunt
1143 3264 1169 3311 in
1181 3279 1256 3313 unam

251 3338 348 3370 samem
412 3340 448 3371 en.
460 3339 482 3371 u.
496 3341 525 3383 24
538 3360 545 3372 .

130 3449 219 3523 Quod
232 3450 273 3506 sit
286 3449 465 3520 inspirabilis
479 3449 666 3512 Christianis,
681 3460 764 3521 patet
777 3467 814 3506 ex
827 3451 891 3506 his:

173 3553 246 3615 Jesus
258 3553 324 3604 dixit,
335 3554 439 3598 ‘Annon
451 3553 546 3611 legistis,
558 3555 625 3612 quod
636 3555 692 3611 ipse
703 3554 744 3612 qui
755 3553 809 3599 iecit
825 3554 857 3599 ab
867 3553 942 3604 initio,
954 3553 1087 3599 masculum
1098 3559 1123 3600 et
1136 3553 1254 3602 seminam

250 3613 304 3659 iecit
316 3616 375 3660 eos?
405 3615 436 3659 Et
447 3615 513 3666 dixit,
527 3615 655 3675 Propterea
667 3616 761 3660 deseret
777 3615 851 3660 homo
867 3623 958 3672 patrem
974 3623 998 3660 et
1008 3623 1117 3666 matrem,
1129 3623 1153 3661 et
1164 3617 1256 3663 adbae-

250 3675 310 3719 rebit
322 3675 390 3719 uxori
407 3689 471 3727 sune,
484 3682 506 3719 et
518 3683 587 3720 erunt
598 3677 648 3720 duo
664 3676 687 3720 in
699 3689 795 3720 carnem
812 3688 899 3729 unam;
919 3687 994 3733 quare
1009 3687 1058 3719 non
1074 3677 1182 3734 amplius
1197 3684 1255 3723 sunt

249 3735 300 3780 duo
310 3737 353 3780 sed
364 3749 414 3781 una
423 3735 492 3782 caro'
506 3735 606 3794 (Malta.
618 3735 666 3782 xix.
678 3736 748 3795 4-6):

129 3862 202 3919 haec
217 3863 255 3917 de
273 3862 389 3933 origine
407 3862 518 3917 amoris
536 3861 722 3933 conjugiaiis.
760 3861 915 3933 Originem
935 3871 1035 3916 autem
1055 3860 1179 3918 virtutis
1199 3879 1253 3919 seu

99 3957 103 3967 ·
129 3943 282 4013 potentiae
297 3942 408 3996 amoris
423 3958 492 3996 vere
508 3941 686 4011 conjugiaiis
705 3956 886 4011 auguramur
900 3942 980 3996 exire
998 3957 1037 3995 ex
1050 3941 1253 3998 similitudine

129 4020 285 4080 mentium,
295 4030 326 4074 et
336 4019 549 4081 unanimitate;
568 4035 636 4073 cum
647 4019 727 4073 enim
739 4019 815 4072 duae
828 4029 945 4073 mentes
955 4018 1166 4089 conjugialiter
1177 4029 1254 4076 sunt

128 4097 315 4170 conjunctae,
328 4098 529 4169 cogitationes
549 4098 667 4152 iliorum
687 4108 761 4152 tunc
779 4098 976 4167 spiritualiter
989 4113 1022 4152 se
1040 4106 1149 4153 mutuo
1163 4115 1254 4155 oscu-

129 4179 235 4240 lantur,
246 4190 277 4234 et
289 4180 346 4234 hae
360 4180 507 4249 inspirant
520 4179 637 4250 corpori
650 4195 735 4234 suam
746 4178 888 4234 virtutem
901 4194 953 4233 seu
967 4177 1163 4249 potentiam.”
1194 4179 1253 4236 His

129 4260 297 4329 subscripta
308 4269 354 4314 est
366 4259 467 4312 littera
480 4267 496 4287 ‘¹
505 4256 553 4312 S.''

134 4380 135 4383 ,
182 4351 263 4409 113.
288 4337 445 4393 Steterunt
461 4348 530 4408 post
544 4337 710 4392 tabulatum
724 4337 887 4407 oblongum
908 4335 937 4390 in
954 4334 1067 4406 palatio
1082 4346 1155 4392 ante
1170 4335 1251 4394 iores

130 4416 262 4475 ereetum
275 4417 461 4490 alienigenae
477 4433 514 4473 ex
530 4417 640 4479 Africa,
653 4416 705 4489 qui
720 4416 758 4472 ad
775 4417 931 4488 indigenas
950 4415 1086 4485 Europae
1101 4415 1250 4474 clamave-
