2782 5026
289 188 340 239 ns
362 186 498 239 anons
521 185 883 239 monstrosam-u.
898 171 972 255 436.
1131 189 1191 257 333

50 362 242 429 hominem
261 372 298 429 et
322 382 392 427 non
411 362 540 441 virum;
572 371 608 426 et
631 361 725 448 quod
743 381 840 427 amor
862 359 1066 444 conjugialis
1088 358 1193 424 saciat

50 459 245 525 hominem
268 457 345 541 plus
363 467 398 522 et
417 458 493 540 plus
511 457 688 521 hominem
707 466 744 521 et
764 458 884 520 virum.

126 570 233 641 434.
265 552 344 637 (ix.)
377 551 476 631 Quod
508 554 558 616 sit
590 552 739 634 sphaera
772 552 897 616 amaris
928 550 1131 625 scortatorii,
1161 560 1197 616 et

45 651 217 733 sphaera
235 649 366 714 amorra
381 646 731 736 conjugialis.-Quid
754 648 962 730 intelligitur
984 668 1044 730 per
1067 646 1191 729 sphae-

43 767 130 822 ras,
145 755 183 810 et
199 745 293 829 quod
305 744 514 827 multiplices
527 745 605 819 sint,
619 755 655 808 et
672 745 763 827 quod
779 743 860 807 illae
872 765 960 827 quae
972 754 1053 808 sunt
1066 745 1193 808 amoris

44 854 97 908 et
119 842 326 924 sapientiae,
347 840 538 921 procedant
557 860 578 903 a
601 839 763 915 Domino,
784 849 820 904 et
843 861 904 923 per
922 840 1039 905 caelos
1058 841 1194 922 angeli·

44 932 126 1005 cos
146 937 364 1003 descendant
386 937 420 998 in
440 935 616 1009 mundum,
637 944 673 999 et
696 935 786 999 bunc
807 936 999 1019 pervadant
1020 956 1125 1020 usque
1148 936 1196 1000 ad

48 1035 191 1099 ultima
213 1033 295 1115 ejus,
316 1052 417 1114 supra
438 1029 485 1112 (n.
510 1028 696 1113 aaa-llus,
716 1042 753 1096 et
776 1052 808 1095 n.
830 1031 991 1114 386-397)
1013 1044 1194 1098 ostensum

42 1141 133 1196 est.
182 1128 284 1211 Quod
315 1146 384 1190 non
414 1127 516 1191 detur
544 1127 578 1189 in
609 1128 768 1191 universo
791 1126 930 1209 aliquid,
955 1128 1010 1191 cui
1039 1148 1109 1192 non
1139 1138 1195 1194 est

44 1243 166 1290 suum
184 1222 392 1307 oppositum,
405 1222 564 1285 videatur
580 1243 681 1305 supra
695 1221 742 1305 (n.
757 1238 799 1301 42
805 1221 836 1305 5)
851 1243 859 1299 ;
883 1244 929 1286 ex
946 1223 1012 1288 hoc
1029 1225 1193 1307 sequitur,

44 1320 161 1405 quod
185 1320 264 1402 quia
286 1319 389 1382 datur
411 1317 558 1400 sphaera
579 1318 706 1380 amoris
729 1314 943 1399 coniugialia,
964 1318 1070 1383 etiam
1093 1320 1195 1384 detur

45 1416 217 1500 sphaera
236 1414 266 1478 ei
286 1413 459 1496 opposita,
480 1433 567 1495 quae
587 1423 732 1476 vocatur
751 1413 898 1494 sphaera
916 1415 1043 1477 amoris
1058 1425 1193 1479 scorta·

46 1511 171 1575 torii:
203 1518 283 1572 sunt
307 1509 398 1570 enirn
422 1507 502 1571 illae
525 1507 693 1589 sphaerae
715 1508 780 1571 sibi
808 1509 1002 1590 oppositae,
1027 1510 1115 1575 sicut
1139 1518 1195 1574 est

45 1624 165 1669 amor
184 1602 344 1667 adulterii
363 1603 542 1684 oppositus
566 1603 673 1665 amori
696 1601 865 1684 conjugii;
897 1603 941 1667 de
963 1620 1031 1686 qua
1053 1607 1194 1688 opposl·

46 1703 165 1765 tione
185 1700 218 1762 in
238 1698 527 1781 praecedentibus
545 1696 643 1778 hujus
662 1698 785 1778 capitis
804 1694 917 1761 adium
937 1709 1002 1764 est.
1139 1783 1141 1787 ι

130 1808 232 1877 433.
258 1791 325 1877 (x.)
352 1792 449 1870 Quod
462 1791 609 1873 sphaera
627 1792 756 1855 amoris
771 1794 967 1857 scortatorr'i
977 1796 1136 1859 ascendat
1152 1817 1196 1860 ex

48 1890 212 1970 infimo,
240 1898 274 1950 et
297 1887 388 1969 quod
413 1887 561 1968 sphaera
589 1887 718 1950 amaris
744 1888 940 1972 cavasagralis
970 1890 1148 1954 descendat
1176 1912 1196 1956 e
1251 1890 1255 1901 '

48 1983 315 2066 caela-Quod
329 1983 475 2065 sphaera
488 1983 613 2046 amoris
627 1981 831 2064 conjugialis
843 1984 1035 2048 descendat
1052 1986 1194 2062 ecaelo,

51 2081 100 2144 in
126 2080 245 2144 citatis
269 2079 355 2142 locis
377 2099 467 2142 nunc
492 2100 593 2162 supra
619 2078 666 2161 (n.
688 2077 768 2161 434)
794 2089 973 2143 ostensum
997 2091 1073 2159 est;
1101 2083 1195 2164 quod

52 2185 187 2239 autem
207 2174 353 2257 sphaera
371 2175 498 2237 amoris
514 2175 710 2239 scortatorii
726 2176 894 2239 ascendat
915 2196 960 2238 ex
980 2176 1122 2251 inferno,
1140 2186 1195 2242 est

55 2270 148 2354 quia
165 2270 219 2333 hic
236 2289 332 2332 amor
348 2278 401 2333 est
420 2270 499 2332 inde
514 2268 561 2352 (n.
577 2269 678 2352 429):
703 2271 859 2334 ascendit
879 2269 939 2347 illa
953 2271 1099 2353 sphaera
1115 2273 1196 2337 inde

57 2384 115 2428 ex
133 2365 328 2439 immundis,
348 2365 382 2427 in
402 2385 488 2447 quae
507 2375 686 2428 vertuntur
702 2364 850 2445 jucunda
869 2365 1029 2429 adulterii
1048 2366 1195 2445 illorum,

60 2460 126 2542 qui
150 2479 197 2521 ex
224 2468 369 2541 utroque
392 2479 479 2522 sexu
502 2460 548 2522 ibi
571 2469 652 2523 sunt
678 2458 736 2542 (de
759 2460 881 2542 quibus
900 2461 1058 2525 videatur
1081 2482 1194 2545 supra,
1246 2498 1251 2503 ·

64 2573 103 2616 ¹¹·
122 2568 198 2633 430,
217 2553 308 2636 aad·

135 2647 239 2730 436.
264 2646 343 2730 (xl.)
370 2646 467 2726 Quod
490 2647 587 2713 binae
611 2650 692 2714 illae
716 2648 883 2732 sphaerae
910 2649 980 2715 sibi
1002 2649 1134 2715 abvr'ent
1161 2652 1197 2716 ia

67 2753 210 2826 utraque
225 2743 354 2818 mundo,
368 2743 431 2807 sed
442 2763 504 2807 non
519 2765 555 2808 se
569 2747 885 2831 conjungant-Per
898 2757 1080 2830 utrumque
1097 2766 1197 2811 mun·

71 2839 153 2903 dum
178 2837 385 2921 intelligitur
409 2840 555 2903 mundus
578 2841 763 2923 spiritualis
785 2851 821 2905 et
850 2842 996 2905 mundus
1019 2841 1197 2906 naturalis.-

72 2933 113 2997 ln
137 2935 267 2997 mundo
285 2936 453 3016 spirituali
472 2935 614 3000 obviant
634 2937 699 3001 sibi
722 2938 889 3019 sphaerae
909 2937 987 3001 illae
1011 2939 1044 3001 in
1068 2938 1198 3002 mundo

74 3029 264 3111 spirituum,
285 3032 364 3113 quia
382 3030 436 3094 hic
460 3040 514 3094 est
534 3032 665 3094 medius
684 3032 774 3096 inter
792 3031 925 3096 caelum
949 3041 984 3097 et
1008 3033 1198 3110 infernum

74 3133 109 3187 at
130 3125 164 3188 in
185 3125 312 3188 mundo
331 3126 476 3189 naturali
495 3127 638 3190 obviant
656 3127 720 3191 sibi
742 3129 775 3190 in
799 3129 903 3210 plano
925 3128 1087 3192 rationali
1104 3127 1196 3211 apud

74 3219 262 3292 hominem,
279 3222 371 3304 quod
394 3223 500 3286 etiam
519 3233 574 3287 est
598 3223 746 3286 medium
770 3224 861 3288 inter
878 3223 1013 3288 caelum
1037 3234 1073 3289 et
1097 3224 1198 3287 inler-

77 3335 176 3394 num;
199 3315 309 3382 influit
330 3319 420 3382 enim
445 3319 477 3381 in
501 3317 585 3382 illud
609 3340 628 3382 e
652 3320 816 3400 superiori
839 3319 1034 3401 conjugium
1058 3319 1138 3383 boni
1162 3328 1200 3383 et

76 3410 163 3489 veri3
188 3431 229 3476 ac
245 3409 354 3476 influit
371 3415 404 3476 in
421 3412 505 3476 illud
522 3415 565 3477 ab
582 3415 728 3479 inferiori
741 3414 937 3497 conjugium
954 3415 1035 3477 mali
1051 3423 1087 3478 et
1102 3413 1199 3491 salsi3

76 3505 139 3569 hoc
156 3504 267 3571 influit
286 3527 347 3592 per
362 3509 536 3584 mundum,
551 3509 635 3573 illud
648 3521 765 3574 autern
781 3531 842 3593 per
854 3509 1008 3574 caelum:
1033 3509 1112 3572 inde
1131 3517 1198 3584 est,

74 3602 166 3684 quod
189 3600 359 3667 rationale
382 3605 568 3669 humanum
591 3627 627 3670 se
647 3616 782 3670 vertere
802 3607 912 3687 possit
931 3605 976 3669 ad
999 3603 1200 3668 utramlibet

74 3707 222 3780 partem,
243 3709 279 3763 et
295 3700 448 3783 recipere
467 3698 653 3780 influxum;
681 3701 709 3764 si
733 3701 777 3765 ad
796 3702 936 3777 bonum,
957 3700 1079 3782 recipit
1102 3698 1199 3763 illum

75 3814 94 3857 e
117 3795 293 3876 superiori,
313 3805 349 3859 et
373 3806 455 3861 tunc
475 3796 641 3861 formatur
658 3796 827 3861 rationale
847 3796 918 3879 ejus
941 3797 1017 3880 plus
1036 3792 1100 3860 ¹¹¹et
1123 3793 1201 3877 plus

74 3889 118 3953 ad
142 3891 377 3972 receptionem
400 3893 507 3970 caeli;
542 3903 578 3957 at
603 3894 630 3955 si
654 3913 690 3956 se
721 3892 823 3956 vertit
847 3893 891 3957 ad
914 3891 1054 3967 malurn,
1078 3890 1201 3972 recipit

75 3983 242 4049 influxum
269 3986 363 4050 illum
397 3989 442 4051 ab
468 3987 627 4063 inferiori,
656 3999 691 4054 et
726 3997 808 4053 tunc
839 3988 1004 4053 formatur
1031 3988 1201 4053 rationale

75 4081 148 4165 ejus
181 4080 257 4166 plus
286 4092 322 4146 et
353 4082 430 4166 plus
461 4084 505 4166 ad
535 4084 769 4167 receptionem
792 4084 922 4149 inferni.
969 4084 1073 4167 Quod
1099 4084 1202 4148 binae

76 4177 157 4242 illae
176 4177 342 4261 sphaerae
361 4199 397 4242 se
417 4198 486 4242 non
505 4179 727 4262 conjungant,
745 4190 799 4246 est
815 4181 894 4263 quia
909 4181 1090 4264 oppositae
1109 4187 1201 4256 sunt,
