2850 5026
152 446 215 513 324
468 439 716 494 vouunrnass
739 440 925 493 susumus

150 751 541 874 volullulfis
586 752 887 872 INSANIAE
931 754 1011 870 DE
1048 751 1269 873 AMORE

496 903 927 1026 SCORTATORIO.

625 1379 792 1465 [xvr11.]

149 1559 209 1628 Du
248 1557 507 1628 orrosrnons
543 1559 700 1625 Auonrs
734 1572 993 1625 sconrrrortn
1029 1573 1080 1626 ur
1117 1559 1271 1629 Auortrs

580 1667 840 1734 couJumnrns.

210 1852 309 1925 423.
331 1838 393 1904 *In
416 1837 534 1904 limine
557 1838 635 1914 hoc,
661 1839 771 1922 primo
793 1837 1015 1922 aperiendum
1038 1847 1106 1916 est,
1130 1839 1214 1924 quid
1239 1838 1272 1902 in

148 1932 214 1999 hoc
247 1935 361 2017 capite
391 1953 452 2018 per
481 1952 636 1998 amorem
660 1934 905 1998 scortatorium
928 1932 1149 2016 intelligitur.
1194 1933 1272 1999 Non

149 2029 355 2108 intelligitur
377 2048 474 2094 amor
499 2029 750 2104 fornicatorius,
774 2030 832 2112 qui
862 2029 1039 2111 praecedit
1062 2028 1272 2111 conjugium,

149 2146 212 2189 nec
232 2126 288 2208 qui
311 2126 464 2208 sequitur
482 2125 568 2189 illud
592 2135 671 2207 post
695 2135 844 2188 mortem
860 2124 1037 2206 conjugis;
1061 2143 1125 2188 nec
1145 2144 1273 2188 concu-

148 2220 298 2291 binatus.
316 2221 372 2302 qui
391 2241 437 2284 ex
456 2221 567 2284 causis
587 2221 763 2302 legitimis,
780 2218 892 2301 justis,
912 2229 948 2282 et
968 2219 1123 2294 sonticis,
1144 2219 1273 2297 initur3

149 2335 211 2378 nec
230 2314 471 2398 intelliguntur
487 2336 616 2398 genera
633 2316 729 2378 mitia
747 2313 919 2388 adulterii,
933 2332 997 2377 nec
1013 2332 1143 2395 genera
1156 2313 1274 2395 gravia

149 2412 231 2494 ejus,
252 2432 272 2474 a
301 2412 422 2494 quibus
446 2412 551 2475 homo
578 2408 757 2474 adiualiter
776 2410 958 2493 resipiscit,
979 2427 1058 2472 nam
1088 2407 1176 2472 haec
1205 2428 1273 2471 non

149 2508 311 2590 opposita
327 2505 423 2579 fiunt,
441 2517 476 2569 et
497 2508 556 2570 illa
576 2526 644 2569 non
665 2508 826 2589 opposita
842 2513 922 2569 sunt
941 2505 1049 2568 amori
1065 2504 1272 2587 conjugIali;

148 2603 239 2685 quod
264 2621 332 2664 non
356 2603 517 2682 opposita
541 2604 620 2676 sint,
641 2602 812 2664 videbitur
835 2602 868 2664 in
893 2599 1127 2682 sequentibus,
1152 2601 1210 2664 ubi
1232 2600 1273 2662 de

149 2698 339 2779 unoquovis
376 2698 596 2776 transigetur.
642 2696 709 2760 Sed
747 2717 807 2778 per
841 2715 993 2758 amorem
1027 2696 1272 2759 scortatorium

148 2793 347 2874 oppositum
363 2792 470 2853 amori
490 2791 672 2873 conjugiali
692 2792 745 2854 hic
766 2792 972 2872 intelligitur
987 2810 1084 2853 amor
1100 2789 1271 2864 adulterii,

147 2888 229 2949 dum
249 2887 327 2949 talis
346 2897 400 2949 est
420 2896 456 2949 ut
477 2907 544 2949 non
564 2896 740 2967 reputetur
760 2909 821 2970 pro
840 2896 997 2969 peccato,
1016 2906 1078 2949 nec
1100 2907 1162 2968 pro
1182 2885 1272 2949 malo

148 2992 183 3045 et
203 2982 388 3044 inhonesto
403 2991 526 3043 contra
545 2983 725 3056 rationem,
744 2983 804 3045 sed
825 3002 886 3064 pro
906 2982 1002 3045 licito
1021 3001 1098 3044 cum
1118 2982 1271 3044 ratione:

147 3077 201 3139 hic
219 3096 314 3139 amor
330 3077 556 3139 scortatorius
571 3096 722 3139 amorem
736 3076 965 3158 conjugialem
983 3095 1051 3138 non
1068 3077 1174 3138 modo
1190 3096 1273 3139 eun·

148 3172 227 3233 dem
244 3191 360 3233 secum
376 3171 466 3243 facit,
478 3172 538 3233 sed
556 3173 660 3234 etiam
679 3172 890 3253 pessumdat,
905 3171 1064 3243 destruit,
1078 3179 1113 3233 et
1130 3170 1272 3233 tandem

149 3276 303 3329 nauseat.
350 3266 401 3327 De
433 3265 529 3348 hujus
556 3268 682 3330 amoris
713 3268 932 3349 oppositione
966 3276 1088 3329 contra
1118 3286 1272 3330 amorem

149 3360 377 3442 conjugialem
394 3362 427 3423 in
448 3360 512 3424 hoc
532 3364 646 3444 capite
666 3364 800 3443 agitur;
825 3363 916 3445 quod
937 3381 1005 3423 non
1026 3362 1069 3424 de
1088 3360 1168 3434 alio,
1189 3383 1272 3425 con·

149 3467 241 3520 stare
266 3467 383 3539 potest
407 3477 452 3519 ex
476 3459 700 3539 sequentibus
723 3458 765 3519 de
792 3457 1048 3532 Fornicatione,
1068 3456 1112 3519 de
1136 3456 1273 3520 Concu-

148 3552 279 3622 binatu,
300 3561 335 3614 et
356 3552 398 3613 de
417 3552 519 3613 variis
538 3554 722 3633 generibus
741 3551 911 3615 adulterii.

214 3645 281 3709 Sed
301 3646 476 3728 oppositio
495 3646 565 3721 illa,
587 3657 623 3709 ut
647 3666 762 3710 coram
782 3648 855 3709 visu
879 3645 1039 3709 rationali
1062 3653 1194 3728 pateat,
1211 3645 1272 3709 de·

149 3743 375 3806 monstranda
395 3753 448 3806 est
469 3743 502 3804 in
522 3742 585 3804 hac
606 3743 692 3805 serie
705 3763 758 3803 :—

327 3875 370 3945 (i.)
399 3875 484 3945 Quod
493 3891 549 3928 non
561 3878 675 3928 scrutur
687 3875 784 3944 qualis
795 3881 837 3928 es!
848 3892 932 3928 amor
940 3875 1137 3935 scortatorius,
1146 3875 1211 3928 nisi
1218 3874 1273 3928 scr·-

467 3952 519 3998 tur
531 3947 628 4014 qualis
639 3953 680 3999 est
692 3963 776 3999 amor
787 3947 972 4016 conjugrulis.

316 4017 369 4086 (ii.)
399 4016 482 4085 Quod
491 4034 574 4069 amor
585 4019 776 4070 scortatorius
787 4019 827 4068 sit
839 4018 984 4085 oppositus
995 4014 1273 4086 amorr'conjugr'alr'.

303 4089 369 4159 (iii.)
397 4087 483 4158 Quod
492 4104 575 4139 amor
586 4090 775 4140 scortatorius
786 4090 825 4140 sit
837 4089 982 4156 oppositus
993 4088 1093 4139 amore·
1101 4087 1273 4156 conjugr'ali,

466 4160 541 4211 sicut
555 4159 705 4211 naturalis
717 4158 798 4211 homo
816 4162 848 4210 in
866 4174 896 4211 se
912 4158 1053 4228 spellatus
1069 4162 1111 4210 est
1128 4159 1273 4227 oppositus

467 4229 626 4296 spirituali
635 4228 756 4283 homini.

174 4429 191 4466 ⁸
209 4429 290 4478 Novi
309 4427 522 4477 tinitonis-Ab
533 4425 642 4473 nouere
651 4425 690 4474 hie
700 4427 866 4487 paragraphus
875 4426 949 4487 signis
959 4426 1078 4473 citationis
1087 4426 1194 4473 inclusus
1203 4431 1247 4474 et.
