2782 5026
378 109 431 160 DE
452 108 586 160 AMORE
608 106 925 175 commuta-N.
946 108 996 174 3²·
1217 107 1265 175 '3¹

125 279 186 345 illi
200 282 379 364 apparet,
397 279 474 363 quia
496 299 566 344 non
593 285 712 361 potest
735 277 889 343 conferre
912 286 1045 342 statum
1068 295 1165 340 suum
1188 295 1266 341 cum

140 376 235 460 priori
256 396 327 439 suo
348 374 508 449 naturali,
528 374 616 437 hunc
636 374 728 437 enim
747 374 855 447 exuit,
875 382 911 436 et
930 373 965 436 in
984 371 1045 436 illo
1063 382 1139 450 est;
1162 391 1267 454 quare

141 473 273 554 saepius
293 471 413 534 audivi
432 470 510 534 illos
529 471 696 544 dicentes,
713 469 803 551 quod
828 489 897 531 non
921 469 1032 532 sciant
1051 466 1150 531 aliter
1164 485 1266 550 quam

141 567 228 650 quod
246 568 285 629 in
305 566 411 648 priori
431 565 558 628 mundo
577 565 657 640 sint,
674 583 751 627 cum
768 562 844 627 solo
863 564 1067 637 discrimine,
1086 563 1177 644 quod
1196 582 1266 625 non

141 662 281 724 videant
302 659 451 742 amplius
470 658 548 722 illos
570 679 656 742 quos
679 659 713 721 in
735 658 795 722 illo
819 658 947 721 mundo
966 657 1184 739 reliquerant,
1205 658 1266 722 sed

142 755 230 839 quod
249 754 397 817 videant
416 753 494 816 illos
510 755 565 835 qui
585 775 630 817 ex
647 752 707 816 illo
723 753 851 816 mundo
869 753 1048 816 abiverant
1068 773 1127 816 seu
1146 749 1265 815 obive-

141 858 240 912 rant:
262 868 383 912 verum
396 868 498 911 causa
511 848 601 930 quod
618 847 682 910 hos
698 867 787 911 nunc
804 848 956 920 videant,
970 856 1006 910 et
1022 867 1091 909 non
1107 845 1196 920 illos,
1211 856 1265 910 est

142 944 218 1026 quia
234 963 306 1008 non
326 943 483 1007 homines
498 942 674 1006 naturales
697 952 788 1017 sunt,
809 943 870 1007 sed
893 941 1087 1024 spirituales
1106 962 1164 1004 seu
1184 943 1264 1004 sub·

142 1038 338 1111 stantiales,
372 1058 413 1101 ac
446 1038 551 1102 homo
583 1037 769 1119 spiritualis
803 1058 864 1101 seu
899 1035 1136 1100 substantialis
1169 1037 1264 1101 videt

142 1133 318 1196 hominem
337 1133 549 1215 spiritualem
568 1154 628 1196 seu
647 1131 912 1196 substantialem
931 1133 1018 1195 sicut
1038 1131 1143 1194 homo
1162 1141 1263 1196 natu·

141 1227 222 1291 ralis
241 1248 301 1291 seu
321 1228 508 1291 materialis
527 1229 622 1291 videt
645 1227 818 1290 hominem
835 1227 1026 1290 naturalem
1046 1247 1105 1290 seu
1123 1227 1263 1291 materi-

141 1322 252 1399 alem;
277 1323 338 1385 sed
358 1342 427 1384 non
447 1323 606 1397 vicissim,
627 1332 767 1403 propter
789 1321 971 1384 discrimen
994 1322 1083 1384 inter
1101 1322 1262 1398 substan·

142 1418 224 1481 tiale
245 1427 281 1480 et
300 1417 491 1495 materiale,
511 1418 603 1501 quod
626 1426 680 1482 est
704 1418 791 1479 sicut
811 1416 992 1479 discrimen
1012 1417 1101 1479 inter
1119 1417 1209 1499 prius
1229 1425 1264 1479 et

141 1511 323 1593 posterius,
346 1531 387 1574 ac
418 1512 508 1592 prius
531 1511 610 1593 quia
639 1519 693 1576 est
722 1510 756 1574 in
786 1531 824 1573 se
853 1503 1071 1591 purius,n0n
1098 1499 1262 1591 apparere

141 1614 259 1689 potest
275 1607 458 1690 posteriori
474 1606 564 1689 quod
583 1607 616 1668 in
632 1625 670 1669 se
686 1615 740 1669 est
756 1607 911 1680 crassius,
930 1625 993 1668 nec
1010 1616 1127 1687 potest
1144 1615 1261 1687 poste·

141 1701 207 1764 rius
223 1701 302 1782 quia
319 1710 373 1782 est
390 1702 535 1764 crassius
551 1720 715 1785 apparere
732 1699 832 1784 priori
848 1699 940 1783 quod
959 1700 993 1763 in
1009 1719 1045 1763 se
1063 1709 1116 1763 est
1136 1701 1261 1782 purius,

141 1796 283 1878 proinde
300 1815 369 1857 non
386 1794 529 1876 angelus
548 1793 677 1857 homini
696 1792 939 1875 hujusmundi,
957 1815 1020 1857 nec
1040 1793 1145 1858 homo
1164 1793 1261 1876 hujus

142 1891 257 1952 mundi
273 1889 410 1971 angelo.
456 1887 558 1970 Quod
581 1889 686 1952 homo
709 1899 956 1972 postmortem
976 1891 1020 1953 sit
1043 1888 1148 1953 homo
1164 1891 1261 1972 spiri·

142 1981 244 2047 tualis
259 2003 320 2047 seu
336 1983 588 2058 substantialis,
605 1992 659 2046 est
675 1985 753 2065 quia
771 1982 825 2050 hic
841 1984 934 2047 intus
951 1983 1050 2048 latuit
1070 1985 1103 2047 in
1122 1985 1262 2049 homine

143 2077 287 2141 naturali
307 2098 368 2141 seu
387 2078 576 2156 materiali;
599 2076 654 2141 hic
673 2078 735 2141 luit
755 2077 803 2140 illi
822 2079 911 2141 sicut
930 2079 1179 2156 indumentum,
1199 2089 1260 2143 aut

142 2173 226 2236 sicut
256 2174 416 2246 exuviae,
448 2173 569 2255 quibus
599 2173 766 2253 depositis
796 2174 870 2236 exit
899 2172 957 2236 ille
986 2173 1170 2256 spiritualis
1200 2194 1260 2239 seu

132 2267 387 2343 substantialis,
402 2269 451 2330 ita
464 2269 586 2349 purior,
600 2267 740 2331 interior
752 2277 788 2331 et
802 2266 989 2349 perfeetior.
1036 2266 1139 2349 Quod
1155 2268 1260 2333 homo

143 2362 323 2443 spiritualis
342 2382 449 2444 usque
468 2363 512 2425 sit
536 2360 704 2443 perlectus
727 2361 843 2436 homo,
864 2363 1004 2427 tametsi
1027 2384 1096 2427 non
1115 2374 1259 2447 apparet

143 2454 269 2519 homini
288 2456 447 2531 naturali,
465 2456 646 2521 manifeste
666 2458 777 2539 patuit
796 2478 817 2520 a
836 2455 986 2521 Domino
1001 2459 1075 2522 viso
1091 2459 1259 2541 apostolis

143 2560 218 2633 post
237 2549 530 2627 resurrectionem,
548 2553 639 2633 quod
658 2553 852 2635 apparuerit
871 2562 907 2615 et
926 2573 1010 2616 mox
1026 2573 1095 2617 non
1110 2573 1257 2635 apparu·

144 2648 215 2721 erit,
240 2657 275 2710 et
299 2657 418 2710 tamen
441 2646 502 2709 suit
532 2646 650 2709 Homo
680 2644 750 2710 Sibi
773 2646 893 2710 similis
915 2666 992 2710 cum
1016 2648 1107 2711 visus
1130 2658 1165 2713 et
1190 2669 1258 2713 non

143 2742 250 2818 visus3
274 2741 437 2804 dixerunt
461 2741 577 2816 etiam,
598 2741 700 2823 quod,
721 2761 798 2804 cum
816 2742 975 2805 viderunt
1000 2741 1128 2823 Ipsum,
1148 2744 1259 2825 aperti

144 2837 208 2900 sint
227 2836 317 2898 oculi
336 2835 482 2899 illorum.

200 2947 269 3014 32·
303 2929 366 3012 (ii.)
393 2928 490 3007 Quod
515 2939 591 2994 tunc
621 2928 793 2994 Masculus
823 2930 871 2994 sit
898 2929 1082 3008 Masculus,
1113 2941 1146 2995 et
1172 2932 1264 3014 quod

142 3024 275 3090 Femina
289 3025 337 3088 sit
350 3023 714 3106 Femina-Quoniam
730 3025 834 3088 homo
849 3026 933 3089 vivit
950 3026 1054 3089 homo
1071 3036 1150 3108 post
1166 3047 1257 3092 mor·

143 3130 220 3196 tem,
240 3130 277 3185 et
296 3120 402 3184 homo
421 3130 474 3183 est
491 3120 663 3183 masculus
679 3130 715 3184 et
731 3119 866 3195 semina,
884 3131 920 3183 et
939 3120 1031 3183 aliud
1050 3131 1104 3184 est
1124 3140 1257 3185 mascu-

143 3214 242 3280 linum
272 3225 309 3279 et
338 3215 431 3278 aliud
460 3215 668 3290 femininum,
698 3225 734 3280 et
764 3215 833 3278 tale
863 3214 953 3278 aliud
985 3226 1023 3279 ut
1053 3236 1157 3279 unum
1188 3237 1256 3280 uon

143 3312 260 3375 mutari
294 3311 403 3392 possit
432 3311 466 3373 iu
500 3309 658 3386 alterum,
693 3311 845 3393 sequitur
874 3311 966 3392 quod
996 3320 1079 3391 post
1110 3320 1256 3374 mortem

142 3405 307 3469 masculus
327 3407 422 3467 vivat
441 3405 625 3479 masculus,
645 3414 681 3470 et
700 3404 826 3468 semina
845 3406 939 3469 vivat
957 3405 1093 3482 semina,
1114 3415 1257 3487 uterque

142 3497 240 3564 homo
267 3499 463 3581 spiritualis.
509 3498 643 3565 Dicitur
667 3501 757 3582 quod
786 3501 1010 3564 masculinum
1037 3521 1107 3564 non
1133 3501 1257 3563 mutari

142 3596 244 3672 possit
273 3595 308 3657 in
338 3593 548 3669 femininum,
573 3614 636 3660 nec
666 3595 863 3661 femininum
894 3596 927 3658 in
957 3596 1193 3671 masculinum,
1220 3605 1256 3659 et

142 3690 224 3770 quod
254 3690 334 3754 ideo
358 3700 438 3770 post
462 3701 608 3754 mortem
632 3691 802 3754 masculus
826 3692 870 3754 sit
898 3690 1080 3766 masculus,
1104 3700 1140 3754 et
1164 3691 1255 3773 quod

142 3781 257 3848 lemina
273 3787 319 3848 sit
343 3784 469 3848 semina
483 3805 491 3862 ;
507 3786 574 3849 'sed
593 3787 671 3868 quia
694 3787 870 3867 ignoratur
887 3788 921 3851 in
940 3807 1007 3868 quo
1027 3786 1256 3851 essentialiter

143 3880 292 3944 consistit
323 3878 561 3954 masculinum,
585 3891 621 3944 et
644 3882 767 3963 inquo
790 3880 1021 3945 essentialiter
1044 3881 1254 3956 femininum,

136 3970 233 4054 ¹quare
248 3975 370 4058 paucis
386 3972 440 4036 hic
457 3974 599 4039 dicetur.
643 3974 833 4041 Discrimen
850 3975 1080 4040 essentialiter
1096 3977 1255 4041 consistit

144 4062 232 4148 ineo,
245 4068 341 4152 quod
359 4067 517 4132 intimum
533 4070 567 4135 in
582 4069 735 4134 masculo
751 4071 795 4134 sit
809 4089 917 4149 amor,
930 4081 966 4138 et
982 4070 1141 4136 velamen
1157 4070 1255 4155 hujus
