2850 5026
240 433 303 500 310
585 429 768 481 DELICIAE
791 428 1021 480 SAPIENTIAE

238 600 439 665 animalibus
458 601 601 664 rationis
619 598 839 682 expertibus;
863 599 916 664 his
939 610 993 663 est
1016 599 1121 664 modo
1140 618 1244 664 causa
1262 599 1354 683 prior,

237 717 324 778 quae
344 696 410 758 illis
429 706 482 758 est
502 692 694 759 instintius.

301 805 408 873 400.
433 789 521 873 (xii.)
550 789 647 867 Quod
658 788 809 869 sphaera
827 787 956 852 amoris
967 789 1175 870 procreandi
1193 788 1230 852 e'n
1248 789 1357 852 ordine

237 907 259 948 a
265 885 339 970 fine
348 895 413 965 per
423 905 544 947 causas
560 885 594 946 in
605 883 742 966 effodias
749 883 1008 964 progrediatur,
1021 903 1061 946 ae
1070 883 1230 964 periodos
1236 885 1356 964 sacret,

231 991 297 1061 per
313 1000 398 1062 quas
414 989 632 1042 conservatur
644 978 768 1041 creatio
786 978 821 1040 in
839 988 932 1041 statu
945 977 1106 1059 praeviso
1120 988 1154 1040 et
1166 979 1359 1059 proviso.—

237 1073 367 1138 Omnes
383 1075 602 1155 operationes
619 1074 652 1136 in
669 1074 827 1136 universo
844 1072 1109 1154 progrediuntur
1127 1094 1148 1135 a
1164 1072 1287 1138 finibus
1303 1095 1359 1156 per

235 1189 356 1232 causas
375 1170 408 1231 in
428 1166 587 1245 effestus3
614 1167 699 1231 haec
720 1169 784 1230 tria
806 1169 839 1230 in
862 1188 898 1231 se
915 1168 1088 1231 individua
1107 1179 1199 1244 sunt,
1222 1171 1359 1233 tametsi

235 1264 270 1325 in
289 1265 373 1326 ideis
393 1275 559 1345 apparent
579 1263 666 1326 sicut
685 1263 812 1340 divisa;
845 1273 881 1326 at
903 1284 1009 1346 usque
1032 1264 1078 1325 ibi
1101 1261 1178 1326 finis
1200 1265 1266 1327 nisi
1289 1266 1359 1327 viso

235 1358 334 1421 simul
354 1356 487 1430 effeilu,
508 1359 563 1439 qui
587 1358 786 1430 intenditur,
808 1377 875 1421 non
896 1367 950 1421 est
973 1357 1112 1438 aliquid,
1131 1378 1197 1422 nec
1218 1369 1358 1443 uterque

234 1451 273 1516 fit
303 1453 429 1535 aliquid
457 1455 519 1516 nisi
544 1474 645 1517 causa
668 1454 847 1528 sustineat,
872 1454 1057 1535 prospiciat
1090 1463 1126 1517 et
1161 1454 1357 1536 conjungat.

235 1547 330 1611 Talis
354 1550 548 1638 progressio
572 1549 735 1629 inscripta
758 1558 811 1611 est
834 1550 940 1611 cuivis
963 1548 1092 1611 homini
1122 1549 1156 1610 in
1187 1552 1358 1613 communi

234 1654 269 1707 et
288 1645 323 1707 in
342 1647 434 1708 omni
454 1644 637 1726 singulari;
662 1664 798 1724 prorsus
815 1646 902 1707 sicut
919 1643 1089 1718 voluntas,
1107 1642 1306 1709 intellettus
1324 1656 1357 1709 et

234 1736 344 1802 attio:
369 1741 480 1802 omnis
493 1739 568 1801 finis
587 1739 631 1801 ibi
652 1747 705 1801 est
722 1737 922 1813 voluntatis,
940 1740 1050 1800 omnis
1067 1751 1240 1804 causaest
1257 1739 1357 1804 intel·

209 1907 212 1912 ,
234 1831 355 1909 Ιεὲὶυε,
375 1845 410 1897 et
430 1835 540 1897 omnis
559 1831 699 1897 efledlus
718 1842 772 1895 est
789 1830 953 1911 astionis;
978 1833 1134 1896 similiter
1153 1836 1267 1897 omnis
1286 1834 1359 1898 finis

234 1938 288 1992 est
305 1930 440 2002 amoris,
458 1929 568 1991 omnis
585 1948 687 1991 causa
707 1947 767 2008 per
783 1947 883 2009 quam
901 1937 954 1990 est
974 1929 1175 2009 sapientiae,
1193 1939 1229 1992 et
1250 1932 1358 1993 omnis

234 2021 374 2087 effeetus
391 2024 470 2087 inde
490 2034 543 2086 est
560 2044 639 2085 usus
654 2045 662 2100 ;
690 2024 777 2085 ratio
794 2033 846 2085 est
866 2024 945 2104 quia
961 2023 1086 2085 amoris
1102 2025 1357 2105 receptaculum

233 2130 287 2182 est
318 2119 488 2191 voluntas,
513 2128 549 2181 et
573 2118 761 2198 sapientiae
785 2118 1038 2198 receptaculum
1063 2128 1118 2182 est
1148 2117 1355 2194 intellettus,

233 2233 272 2276 ac
290 2235 369 2276 usus
385 2212 638 2295 receptaculum
658 2222 711 2275 est
728 2210 838 2288 acti03
858 2233 934 2275 cum
954 2214 1068 2295 itaque
1085 2215 1307 2295 operationes
1325 2216 1357 2278 in

233 2310 405 2372 communi
429 2320 464 2371 et
494 2310 527 2372 in
555 2307 717 2388 singulari
741 2307 830 2388 apud
854 2307 1027 2371 hominem
1051 2309 1318 2391 progrediuntur
1338 2331 1358 2374 a

233 2404 415 2467 voluntate
439 2426 498 2486 per
522 2400 736 2467 intelledmm
764 2404 797 2465 in
820 2400 946 2476 adium,
972 2404 1019 2466 ita
1042 2405 1146 2467 etiam
1171 2425 1217 2466 ex
1241 2425 1357 2470 amore

233 2519 294 2582 per
312 2501 516 2581 sapientiam
536 2502 569 2562 in
589 2519 685 2562 usum
703 2520 710 2575 ;
735 2499 795 2561 sed
815 2519 874 2580 per
893 2500 1096 2580 sapientiam
1115 2499 1170 2562 hic
1190 2501 1356 2583 intelligi·

233 2604 288 2657 tur
303 2614 405 2657 omne
425 2596 458 2656 id
478 2595 568 2676 quod
585 2604 637 2657 est
654 2593 768 2674 judicii
785 2603 820 2656 et
837 2595 1059 2675 cogitationis
1075 2616 1082 2670 ;
1107 2595 1198 2675 quod
1219 2595 1277 2657 illa
1294 2597 1358 2659 tria

233 2709 336 2752 unum
360 2691 428 2753 sint
451 2691 484 2752 in
509 2687 640 2762 eiseitu,
661 2699 778 2770 patet:
810 2689 899 2770 quod
924 2690 1028 2752 etiam
1049 2709 1151 2752 unum
1172 2690 1300 2755 saciant
1324 2692 1355 2754 in

231 2783 316 2845 ideis
334 2794 415 2847 ante
435 2782 601 2858 elicitum,
620 2786 804 2865 percipitur
823 2805 867 2846 ex
887 2805 939 2856 e0,
957 2785 1048 2865 quod
1065 2784 1176 2847 solum
1193 2786 1356 2850 determi-

233 2879 327 2940 natio
347 2879 560 2955 intercedat;
585 2881 617 2942 in
638 2889 754 2942 mente
774 2879 862 2941 enirn
883 2879 953 2941 abit
974 2878 1049 2941 finis
1068 2899 1088 2941 a
1106 2879 1300 2955 voluntate,
1317 2900 1355 2944 ac

232 2973 392 3054 producit
412 2975 475 3036 sibi
495 2994 631 3037 causam
655 2975 688 3037 in
714 2971 902 3047 intelleStu,
923 2993 962 3036 ac
987 2975 1079 3037 sistit
1103 2975 1166 3036 sibi
1190 2976 1355 3039 intentio-

232 3087 323 3141 nem,
349 3088 387 3130 ac
418 3070 566 3132 intentio
589 3081 643 3132 est
673 3070 760 3132 sicut
784 3066 880 3131 adius
903 3080 985 3131 ante
1009 3068 1353 3134 determinationem:

232 3162 312 3226 inde
332 3174 385 3225 est
410 3164 500 3245 quod
525 3165 672 3227 intentio
695 3185 715 3226 a
744 3165 910 3243 sapiente,
931 3174 967 3226 et
995 3185 1128 3245 quoque
1155 3185 1176 3227 a
1206 3165 1355 3230 Domino

232 3259 415 3338 recipiatur
431 3270 468 3321 ut
486 3256 591 3322 adius.
638 3257 721 3341 Quis
734 3258 910 3320 rationalis
927 3279 995 3321 non
1014 3268 1129 3340 potest
1142 3260 1271 3335 videre,
1285 3272 1353 3335 aut,

231 3352 311 3416 dum
328 3355 433 3420 audit.
451 3374 651 3435 agnoscere,
669 3354 759 3435 quod
780 3352 838 3416 illa
857 3355 921 3416 tria
939 3354 983 3416 ab
999 3354 1111 3435 aliqua
1128 3356 1237 3434 prima
1254 3377 1355 3420 causa

232 3448 412 3529 profluant,
434 3461 469 3512 et
489 3452 579 3531 quod
597 3448 656 3513 illa
675 3469 777 3512 causa
797 3451 852 3524 sit,
873 3450 962 3531 quod
982 3471 1002 3512 a
1022 3449 1172 3512 Domino
1192 3449 1354 3514 Creatore

231 3554 267 3605 et
292 3542 543 3608 Conservatore
568 3546 713 3607 universi
737 3547 899 3607 continue
923 3545 1111 3625 procedant
1136 3564 1244 3619 amor,
1264 3547 1353 3627 sapi-

231 3640 323 3701 entia
342 3649 378 3702 et
402 3661 490 3714 usus,
511 3651 546 3703 et
569 3641 654 3703 haec
679 3641 745 3703 tria
768 3650 804 3703 ut
828 3640 953 3703 unum?
999 3640 1123 3715 Dicite,
1144 3640 1171 3702 si
1196 3642 1351 3722 potestis,

233 3734 323 3797 unde
343 3735 479 3816 alioqui.

295 3843 394 3911 401.
425 3828 550 3891 Similis
566 3829 759 3911 progressio
779 3850 798 3892 a
816 3828 882 3893 fine
902 3851 962 3911 per
977 3849 1114 3892 causam
1134 3829 1166 3892 in
1184 3828 1351 3904 effecium,

232 3933 286 3985 est
304 3944 437 4006 quoque
453 3924 618 4005 sphaerae
633 3925 833 4005 procreandi
850 3936 885 3988 et
903 3926 1039 3988 tutandi
1056 3937 1256 4006 procreata;
1280 3925 1352 3988 finis

233 4019 279 4080 ibi
302 4030 355 4082 est
378 4019 539 4082 voluntas
562 4040 621 4082 seu
651 4040 745 4083 amor
764 4021 984 4101 procreandi;
1019 4041 1121 4083 causa
1151 4022 1266 4084 media
1295 4041 1352 4102 per

232 4134 345 4196 quam,
366 4125 401 4178 et
431 4117 464 4178 in
493 4135 593 4196 quam
618 4114 691 4177 linis
721 4137 757 4179 se
787 4116 896 4191 insert,
922 4127 974 4180 est
1005 4137 1102 4180 amor
1131 4117 1350 4199 coniugialis;

232 4211 338 4272 series
357 4211 571 4292 progressiva
592 4230 766 4273 causarum
786 4210 1016 4287 efficientium,
1037 4222 1090 4275 est
1109 4215 1249 4287 amati0,
1270 4233 1351 4276 con·

233 4306 359 4384 ceptio,
381 4307 531 4386 gestatio
551 4304 745 4384 embryonis
764 4327 823 4368 seu
841 4306 929 4369 setus
948 4307 1169 4387 procreandi;
1193 4327 1233 4371 ac
1253 4307 1351 4370 effec-

233 4409 289 4463 tus
313 4411 366 4463 est
396 4402 466 4482 ipse
486 4399 574 4463 setus
594 4409 812 4480 procreatus:
849 4412 885 4465 at
916 4403 1055 4465 tametsi
1078 4402 1164 4478 finis,
1185 4423 1287 4466 causa
1315 4410 1349 4464 et
