2782 5026
138 443 184 526 46
432 476 437 489 ·
484 457 669 510 usnemu
692 457 922 512 smmum

139 630 225 694 riom
242 629 330 694 inter
344 652 381 694 se
400 629 451 694 ad
468 651 504 694 se
520 639 633 694 mutuo
638 631 796 711 fuerant,
811 641 845 696 et
864 631 943 696 iude
955 652 1034 696 nuru
1044 631 1183 715 possint
1195 653 1256 699 uua

138 726 259 801 vivere,
277 725 333 788 vel
344 725 559 790 uon-Haec
573 725 715 789 ulterius
727 726 902 809 explicare
913 747 983 791 non
998 749 1085 811 opus
1100 740 1169 804 est,
1185 731 1258 812 quia

138 830 325 902 sequuntur
347 841 392 883 ex
416 819 482 883 illis
500 840 588 904 quae
610 821 644 883 in
667 821 900 903 praecedente
921 823 1067 887 articulo
1085 824 1260 905 explicata

138 925 237 978 sunt:
262 914 316 978 hic
333 914 444 978 solum
456 914 691 990 illustrabitur,
705 916 879 997 quomodo
895 917 1000 980 homo
1015 928 1097 999 post
1113 929 1259 983 mortem

137 1011 234 1073 exuit
247 1019 394 1073 externa
406 1019 442 1074 et
458 1010 567 1073 induit
580 1010 723 1074 interna.
768 1009 1008 1094 Unusquisque
1021 1023 1102 1094 post
1114 1024 1260 1079 mortem

137 1105 282 1187 primum
295 1105 522 1169 introducitur
538 1106 572 1168 in
589 1106 762 1180 mundum,
776 1105 833 1188 qui
850 1116 993 1171 vocatur
1004 1108 1155 1171 mundus
1167 1110 1261 1192 spiri·

138 1208 246 1276 tuum,
261 1211 296 1264 et
310 1210 362 1264 est
376 1201 508 1263 medius
520 1201 608 1264 inter
621 1199 752 1263 caelum
765 1210 801 1263 et
814 1200 991 1276 infernum,
1005 1223 1045 1265 ac
1057 1203 1105 1266 ibi
1117 1222 1260 1286 praepa·

135 1305 238 1370 ratur,
255 1294 365 1359 bonus
381 1295 423 1358 ad
441 1294 574 1359 caelum
590 1303 625 1358 et
641 1294 751 1358 malus
766 1295 811 1358 ad
826 1295 1001 1360 infernum.
1042 1296 1261 1380 Praeparatio

135 1390 181 1454 ibi
204 1410 266 1472 pro
288 1390 354 1454 fine
377 1390 494 1465 habet,
514 1399 552 1454 ut
583 1390 750 1452 infernum
772 1400 810 1453 et
838 1400 1022 1456 externum
1044 1395 1260 1458 concordent

135 1495 172 1549 et
202 1486 327 1549 faciant
358 1505 472 1559 unum,
496 1494 533 1549 et
563 1504 632 1548 non
656 1485 855 1549 discordent
883 1496 920 1549 et
948 1486 1076 1550 saciant
1104 1488 1194 1566 duo;
1227 1489 1259 1551 in

136 1582 264 1644 mundo
280 1580 426 1644 naturali
449 1580 578 1644 faciunt
601 1579 660 1643 illa
682 1579 761 1653 duo,
781 1600 821 1643 ac
844 1581 955 1644 solum
978 1581 1068 1663 apud
1093 1581 1184 1655 illos,
1204 1583 1259 1666 qui

135 1675 239 1738 corde
261 1677 382 1738 sinceri
405 1685 495 1749 sunt,
516 1675 642 1738 faciunt
662 1693 784 1737 unum:
812 1677 904 1757 quod
925 1675 1052 1740 saciant
1075 1677 1156 1752 duo,
1177 1696 1259 1741 con·

134 1779 205 1833 stat
224 1791 268 1833 ex
286 1770 414 1833 dolosis
434 1780 469 1833 et
487 1770 623 1844 astutis,
640 1770 804 1849 imprimis
820 1790 865 1833 ex
884 1771 1084 1853 hypocritis,
1101 1781 1258 1834 assenta-

135 1865 277 1939 toribus,
303 1864 567 1939 simulatoribus,
590 1873 626 1928 et
650 1863 890 1927 mendacibus:
925 1868 959 1928 in
990 1865 1119 1928 mundo
1142 1876 1258 1929 autem

134 1960 299 2042 spirituali
329 1981 397 2023 non
428 1960 508 2023 licet
538 1960 586 2023 ita
608 1959 751 2022 divisam
774 1959 901 2027 habere
927 1971 1090 2031 mentem,
1111 1962 1172 2023 sed
1202 1961 1258 2043 qui

135 2055 244 2118 malus
256 2054 365 2118 fuerat
380 2055 414 2117 in
430 2054 584 2129 internis,
598 2055 703 2143 etiam
717 2053 827 2116 malus
839 2054 903 2118 erit
919 2054 952 2117 in
965 2055 1140 2132 externis;
1164 2055 1257 2118 simi·

134 2150 213 2213 liter
230 2149 340 2213 bonus
359 2151 392 2213 in
410 2151 579 2231 utrisque:
604 2150 715 2213 omnis
731 2150 822 2211 enim
838 2148 942 2212 homo
958 2158 1037 2231 post
1054 2159 1204 2212 mortem
1219 2148 1257 2214 fit

133 2245 243 2329 qualis
258 2245 365 2310 suerat
382 2245 532 2318 interius,
549 2254 586 2308 et
606 2264 674 2306 non
690 2243 800 2325 qualis
816 2244 986 2307 exterius:
1011 2253 1152 2325 propter
1167 2243 1257 2308 hunc

134 2339 235 2404 finem
255 2341 450 2405 immittitur
468 2338 525 2403 ille
545 2348 627 2403 tunc
647 2357 707 2419 per
725 2339 818 2401 vices
840 2339 873 2400 in
897 2357 993 2401 suum
1012 2347 1199 2402 externum
1221 2348 1258 2403 et

134 2435 167 2498 in
191 2455 288 2498 suum
308 2437 499 2511 internum3
527 2443 563 2498 et
583 2434 724 2516 quisque
743 2432 848 2495 homo
866 2433 947 2496 dum
969 2433 1003 2495 in
1022 2442 1171 2496 externo
1190 2444 1256 2507 est,

133 2533 233 2613 sapit,
258 2531 323 2595 hoc
347 2542 411 2605 est,
432 2529 506 2593 vult
528 2529 634 2591 videri
657 2527 748 2609 quod
767 2528 888 2608 sapiat,
908 2528 1010 2591 etiam
1033 2527 1166 2605 malus;
1195 2528 1257 2592 sed

133 2624 188 2689 hic
219 2627 253 2689 in
280 2627 416 2688 interno
439 2644 500 2687 suo
523 2624 672 2700 insanit;
703 2621 757 2684 hic
783 2632 898 2702 potest
920 2641 981 2702 per
1002 2621 1258 2687 vicissitudines

133 2720 209 2783 illas
233 2720 347 2782 videre
378 2719 525 2781 insanias
549 2738 637 2790 suas,
662 2726 698 2780 et
729 2717 773 2779 ab
796 2716 862 2778 illis
885 2716 1101 2796 resipiscere;
1136 2717 1199 2780 sed
1229 2718 1258 2781 si

134 2835 201 2878 non
226 2815 412 2894 resipuerat
442 2813 475 2874 in
504 2812 641 2884 mundo,
662 2831 731 2874 non
759 2821 875 2893 potest
902 2820 1033 2892 postea,
1055 2829 1134 2872 nam
1161 2821 1259 2876 amat

133 2910 282 2972 insanias
301 2928 389 2981 suas,
409 2917 445 2970 et
468 2905 542 2969 vult
562 2925 700 2968 manere
720 2908 752 2968 in
772 2906 860 2982 illis;
888 2926 992 2987 quare
1010 2906 1119 2986 adigit
1137 2917 1258 2971 exter·

133 3023 213 3067 num
230 3021 327 3065 suum
340 3003 443 3065 etiam
460 3001 503 3064 ad
519 3002 754 3063 insaniendum
768 3000 942 3076 similiter;
966 3001 1013 3063 sic
1030 3000 1067 3063 fit
1084 3002 1257 3065 internum

133 3108 169 3163 et
193 3107 375 3161 externum
396 3095 465 3176 ejus
485 3115 610 3173 unum;
641 3106 677 3159 et
700 3115 776 3158 cum
797 3096 862 3158 hoc
881 3092 1006 3158 sanum
1025 3104 1090 3169 est,
1111 3114 1257 3178 praepa·

132 3202 226 3257 ratus
249 3202 302 3255 est
326 3190 369 3253 ad
393 3189 569 3253 infernum.
615 3189 776 3252 Vicissim
800 3200 916 3252 autem
940 3190 1067 3267 bonus;
1098 3188 1153 3252 hic
1177 3191 1258 3273 quia

132 3289 166 3351 in
186 3286 314 3350 mundo
332 3283 549 3367 spectaverat
572 3284 615 3347 ad
640 3284 762 3358 Deum,
783 3304 823 3347 ac
843 3284 1041 3364 resipuerat,
1061 3283 1094 3346 in
1119 3284 1257 3350 interno

132 3382 244 3464 sapuit
261 3380 449 3463 plusquam
465 3380 497 3441 in
511 3388 677 3455 externo;
701 3380 734 3440 in
747 3389 895 3441 externo
907 3379 1010 3441 etiam
1027 3398 1071 3440 ex
1085 3377 1257 3443 illecebris

132 3476 249 3539 mundi
266 3485 301 3538 et
313 3474 522 3538 vanitatibus
535 3473 714 3556 aliquoties
728 3472 883 3536 deliravit
896 3493 903 3550 ;
924 3492 1026 3554 quare
1039 3473 1144 3535 etiam
1157 3473 1256 3554 hujus

132 3580 314 3635 externum
338 3570 510 3632 reducitur
535 3567 579 3630 ad
610 3568 891 3631 concordantiam
914 3586 991 3631 cum
1014 3565 1084 3646 ejus
1108 3569 1255 3645 interno,

133 3666 235 3746 quod,
256 3675 293 3728 ut
316 3662 444 3727 dictum
467 3673 531 3736 est,
552 3665 662 3744 sapit;
686 3683 754 3746 quo
772 3660 873 3737 facto,
894 3672 1115 3745 praeparatus
1133 3676 1187 3727 est
1211 3666 1256 3729 ad

132 3757 276 3823 caelum.
331 3758 388 3821 Ex
422 3757 475 3821 his
508 3756 715 3820 illustratum
745 3767 810 3830 est,
839 3759 1011 3840 quomodo
1043 3758 1102 3821 sit¹
1121 3759 1257 3824 exuitio

132 3852 268 3918 externi
287 3872 325 3915 ac
345 3852 491 3915 induitio
510 3850 634 3913 interni
654 3859 734 3931 post
754 3861 912 3914 mortem.

194 3961 269 4030 49.
298 3945 360 4029 (v.)
387 3943 484 4022 Quod
495 3945 531 4008 si
537 3955 682 4026 possunt
696 3965 763 4007 una
778 3945 899 4017 viuere,
916 3953 1072 4007 maneant
1085 3945 1253 4028 cory‘uges,

130 4049 170 4106 at
198 4041 233 4104 si
255 4061 318 4103 nou
341 4049 495 4122 possunt,
519 4059 555 4101 se
580 4048 748 4120 separent,
772 4039 965 4121 quaudoque
990 4039 1047 4101 uir
1067 4039 1109 4102 ab
1136 4061 1252 4116 uxore,

131 4135 326 4218 quandoque
351 4154 438 4197 uxor
459 4154 482 4196 a
507 4132 591 4207 viro,
614 4141 649 4195 et
673 4132 866 4214 quandoque
886 4152 922 4194 se
943 4142 1078 4214 uterque
1098 4133 1141 4196 ab
1163 4134 1252 4198 invi·

130 4228 354 4310 cem-Quod
374 4228 609 4310 separationes
625 4225 709 4290 fiant
729 4237 808 4308 post
825 4235 982 4301 mortem,
999 4236 1053 4290 est
1072 4228 1150 4310 quia
1168 4246 1252 4292 con-

128 4320 332 4405 junctiones,
349 4343 435 4404 quae
451 4321 537 4384 fiunt
554 4321 588 4383 in
605 4321 716 4395 terris,
733 4340 810 4383 raro
825 4319 910 4383 fiunt
928 4341 974 4384 ex
990 4321 1102 4402 aliqua
1117 4323 1252 4386 interna

132 4419 352 4502 perceptione
365 4417 500 4494 amoris,
514 4415 576 4480 sed
592 4414 636 4479 ab
651 4426 808 4492 externa,
821 4434 908 4498 quae
920 4415 1088 4479 internam
1104 4417 1250 4480 abscon·
