2782 5026
136 432 198 498 186
481 447 663 502 neumae
683 450 912 506 sarranates

131 617 216 674 caelo
233 616 407 673 immediate
426 633 516 689 supra
534 618 610 681 illos,
628 621 680 692 qui
705 617 908 682 ¹¹¹clamabant,
930 621 982 678 “0
1001 639 1091 694 quam
1111 622 1222 685 emdld'

131 707 228 832 emlitt
244 777 365 832 locutus
382 792 451 832 cum
471 777 529 832 illis
546 778 586 833 de
604 779 744 843 clamore,
762 790 794 834 et
815 781 963 843 dixerunt,
976 783 1059 854 quod
1079 783 1179 840 auditi
1193 781 1224 837 illi

130 866 241 917 essem,
254 857 307 927 qui
320 857 417 911 solum
432 857 656 920 ratiocinantur,
669 876 739 913 mm
749 863 792 914 sit
802 860 850 915 vel
863 864 978 924 nonsit,
991 873 1024 917 et
1036 879 1104 918 raro
1113 863 1224 935 cogitent

130 936 209 1006 quod
220 938 265 990 r'ta
280 940 321 990 sit
329 957 343 1000 ‚·
361 944 476 1006 “quare
489 947 560 991 sunt
571 937 650 992 sicut
660 940 742 993 venti
755 939 807 1010 qui
820 939 893 994 flant
905 949 935 995 et
948 951 1114 1004 transeum,
1125 959 1157 998 ac
1167 942 1227 997 sicut

130 1015 259 1070 cortices
270 1015 381 1070 circum
394 1017 515 1071 arbores
527 1017 606 1087 l¹lqui
618 1017 732 1088 absque
744 1019 874 1074 medulla
885 1030 963 1082 sunt.
976 1032 1029 1076 aut
1041 1022 1120 1077 sicut
1131 1030 1227 1077 crustat

130 1093 241 1149 circum
252 1095 425 1165 amygdalas
434 1096 547 1167 absque
557 1097 674 1157 nucleo,
683 1107 737 1151 aut
746 1097 824 1152 sicut
832 1099 1004 1169 superficies
1013 1101 1126 1156 circum
1136 1099 1228 1156 irullus

130 1175 244 1245 absque
255 1191 360 1239 carne;
379 1191 448 1229 nam
465 1186 582 1231 mentes
595 1176 714 1231 illorum
727 1188 799 1232 sunt
809 1179 923 1249 absque
935 1179 1069 1235 interiori
1084 1181 1198 1251 judicio,
1207 1187 1231 1232 et
1291 1212 1293 1217 ·

131 1255 223 1309 modo
235 1254 338 1309 unitae
350 1271 419 1308 cum
432 1256 569 1310 sensibus
581 1256 729 1326 corporis;
747 1272 839 1327 quare
856 1260 881 1312 si
901 1274 962 1314 non
981 1259 1038 1330 ipsi
1053 1276 1157 1316 sensus
1168 1257 1233 1330 judi·

129 1344 209 1394 cant,
228 1334 303 1388 nihil
323 1345 452 1404 possunt
470 1335 676 1396 concluderet
689 1336 789 1396 verbo.
808 1347 879 1392 sunt
897 1352 978 1391 mere
996 1341 1158 1401 sensuales,
1173 1349 1202 1393 et
1220 1349 1237 1391 a

131 1413 218 1468 nobis
236 1425 383 1468 vocantur
402 1415 645 1469 ratiocinatores:
668 1426 817 1469 vocantur
833 1416 1068 1479 ratiocinatores,
1087 1420 1158 1488 quia
1178 1433 1243 1473 nur

129 1508 219 1563 quarn
233 1494 419 1547 concludunt
431 1493 553 1564 aliquid,
567 1495 619 1548 sed
633 1504 789 1548 assumunt
801 1495 942 1565 quicquid
955 1497 1092 1560 audiunt,
1101 1514 1136 1554 ac
1148 1499 1247 1568 daura

128 1582 196 1626 tant
209 1589 280 1626 num
294 1573 342 1634 sit,
352 1573 464 1644 jugiter
472 1573 723 1636 contradicend03
743 1573 817 1627 nihil
830 1575 897 1644 plus
908 1586 1011 1630 amant
1023 1594 1114 1649 quam
1126 1571 1245 1649 aggredi

130 1652 210 1722 ipsas
223 1652 375 1714 veritates,
388 1653 475 1707 etsie
489 1653 554 1707 illas
567 1652 735 1722 discerpere
748 1653 898 1708 mittendo
913 1655 943 1708 in
958 1655 1041 1712 lites:
1060 1657 1091 1712 hi
1106 1668 1184 1719 sunt,
1195 1654 1251 1728 qui

128 1733 257 1786 credunt
270 1748 302 1787 se
315 1749 385 1802 prae
399 1732 539 1787 omnibus
553 1732 582 1786 in
597 1732 711 1787 mundo
723 1733 884 1788 eruditos.”

184 1811 240 1867 His
248 1812 368 1874 auditis,
377 1813 478 1883 rogavi
486 1812 618 1882 angelos,
629 1822 662 1865 ut
670 1812 853 1867 deducerent
861 1829 908 1868 me
916 1813 953 1867 ad
963 1812 1037 1868 illos.
1072 1814 1246 1870 Etdeduxe-

129 1904 199 1947 runt
215 1910 263 1948 me
278 1895 316 1948 ad
332 1910 448 1958 cavum,
461 1911 479 1949 a
497 1911 558 1966 quo
572 1895 683 1966 gradus
701 1896 739 1949 ad
759 1894 928 1949 inferiorem
943 1904 1052 1949 terram
1067 1897 1246 1957 tendebant:

128 1980 160 2026 et
179 1971 398 2034 descendimus,
413 1984 445 2027 et
463 1973 558 2029 secuti
578 1989 681 2027 sumus
698 1972 867 2033 clamorem,
881 1971 932 2027 ’Ὀ
944 1989 1034 2044 quam
1054 1973 1164 2027 eruditi
1173 1974 1197 2036 ;''
1217 1983 1247 2028 et

128 2065 199 2105 ecce
217 2062 303 2106 erant
322 2052 437 2123 aliquot
455 2054 575 2108 centeni
593 2063 709 2107 stantes
728 2052 757 2106 in
776 2067 840 2107 uno
857 2051 933 2114 loco,
952 2052 1106 2122 pulsantes
1125 2051 1247 2107 humum

130 2131 266 2200 pedibus.
305 2131 373 2187 Hoc
389 2131 517 2202 primum
532 2133 664 2194 miratus,
677 2132 819 2204 quaesivi,
834 2130 919 2186 “Cur
932 2141 1013 2185 stant
1029 2131 1079 2192 ita,
1091 2141 1124 2185 et
1139 2131 1248 2202 plantis

129 2210 250 2280 pulsant
262 2209 387 2265 humum
397 2211 427 2267 ?”
446 2222 477 2266 et
489 2213 560 2274 dixi,
574 2212 650 2266 “Sic
662 2221 789 2282 possunt
801 2211 926 2282 pedibus
938 2225 1082 2265 excavare
1094 2209 1220 2265 solum.”

183 2291 231 2345 Ad
242 2290 301 2346 hoc
311 2291 497 2346 subriserunt
507 2293 614 2363 angeli,
624 2302 655 2346 et
667 2291 817 2352 dixerunt,
828 2290 1097 2360 “Apparentquod
1106 2291 1150 2344 ita
1158 2299 1248 2349 stent,

129 2371 200 2440 quia
213 2370 287 2424 nihil
301 2371 437 2442 cogitant
453 2372 491 2425 de
505 2371 605 2442 aliqua
620 2387 659 2433 re,
672 2371 753 2441 quod
770 2372 812 2425 ita
824 2370 872 2432 sit,
884 2370 937 2424 sed
953 2369 1051 2424 solum
1066 2385 1139 2422 num
1154 2369 1248 2430 sitae

129 2449 266 2520 litigant:
291 2460 323 2505 et
346 2466 414 2505 cum
434 2451 580 2521 cogitatio
600 2467 660 2505 non
683 2451 762 2504 ultra
780 2448 976 2521 progreditur,
991 2458 1140 2519 apparent
1159 2448 1250 2502 modo

127 2530 244 2584 calcare
256 2540 288 2584 et
300 2540 395 2584 terere
409 2546 498 2584 unam
512 2531 638 2601 glebam,
652 2541 683 2584 et
696 2546 756 2584 non
770 2527 935 2600 progredi.”

183 2609 226 2662 At
250 2619 324 2663 tunc
342 2608 453 2664 accessi
479 2609 518 2663 ad
542 2609 813 2681 congregationem,
829 2617 860 2661 et
883 2622 953 2662 ecce
971 2606 1158 2676 apparebant
1177 2605 1249 2659 mihi

130 2687 270 2743 homines
289 2687 364 2743 lacie
383 2703 444 2742 non
464 2689 613 2749 indecora,
632 2698 663 2743 et
685 2689 715 2743 in
733 2686 867 2741 vestibus
881 2685 1012 2747 ommis:
1036 2686 1089 2740 sed
1109 2684 1250 2739 dixemnt

128 2767 237 2838 angeli,
248 2767 428 2836 “Apparent
442 2767 516 2822 tales
530 2768 560 2821 in
571 2766 690 2837 propria
699 2766 779 2826 luce;
797 2764 866 2819 atsi
879 2765 929 2818 lux
941 2781 958 2818 e
970 2764 1056 2819 caelo
1069 2763 1177 2826 influit.
1187 2780 1250 2817 mu·

128 2856 232 2900 tantur
242 2845 342 2907 facies,
355 2856 387 2900 et
401 2862 521 2916 quoque
534 2856 634 2901 vestes
644 2845 668 2899 :”
685 2855 717 2898 et
733 2843 842 2899 latium
858 2854 905 2898 est
920 2845 975 2906 ita;
993 2853 1025 2897 et
1039 2853 1115 2896 tunc
1126 2859 1250 2913 appare·

33 2960 47 2967 —
128 2927 202 2980 bant
215 2925 346 2980 faciebus
360 2925 461 2987 furvis,
472 2925 569 2979 induti
580 2925 674 2980 saccis
685 2924 791 2996 nigris;
809 2924 862 2978 scd
877 2923 941 2978 luce
954 2921 1184 2985 hacsubtracia,
1193 2921 1248 2977 visi

128 3015 200 3059 sunt
212 3015 246 3058 ut
259 3005 349 3074 prius.

129 3179 191 3218 rem
210 3165 315 3218 turbae
334 3163 445 3217 circum
468 3179 531 3223 vos.
546 3161 587 3217 Ὀ
606 3178 695 3233 quam
717 3161 853 3222 eruditi;'
873 3176 964 3232 quare
982 3158 1072 3213 liceat
1094 3161 1133 3214 de
1154 3161 1249 3222 rebus,

127 3259 206 3313 quae
224 3258 358 3298 summae
374 3242 554 3297 eruditionis
570 3251 650 3302 sunt,
662 3241 820 3296 vobiscum
832 3241 976 3295 ventilare
990 3239 1120 3310 aliquem
1137 3256 1252 3295 sermo-

129 3323 226 3378 nem.”

184 3402 222 3456 Et
235 3400 464 3472 responderunt,
479 3408 495 3429 '¹
505 3399 561 3454 Dic
574 3399 717 3471 quicquid
732 3399 824 3461 lubet,
834 3408 865 3454 et
877 3396 1124 3454 satisfaciemus”

184 3483 222 3538 Et
234 3483 377 3553 quaesivi,
392 3480 522 3552 “Qualis
536 3481 592 3535 erit
605 3481 718 3551 religio,
733 3496 887 3550 perquam
900 3480 1033 3534 salvatur
1045 3479 1139 3533 homo
1150 3478 1183 3535 Υ·

183 3564 221 3619 Et
240 3564 389 3626 dixerunt,
405 3570 421 3591 “
434 3561 645 3632 Dispescemus
664 3561 741 3615 hanc
760 3561 1025 3631 interrogationem
1045 3559 1076 3613 in
1096 3561 1207 3631 plures,
1221 3570 1253 3616 et

128 3654 289 3714 antequam
303 3642 357 3696 has
369 3641 582 3701 conclusimus,
595 3656 654 3694 non
669 3656 829 3710 possumus
839 3656 1014 3709 responsum
1025 3639 1114 3695 dare:
1131 3655 1168 3695 ac
1180 3657 1253 3696 ven·

128 3723 227 3778 tilatio
243 3724 350 3776 Prrina
366 3722 432 3782 erit,
450 3720 529 3774 Num
545 3720 650 3790 religio
669 3720 708 3774 sit
722 3720 853 3789 aliquid:
873 3719 1010 3780 Secunda,
1027 3718 1108 3773 Num
1123 3720 1252 3776 salvatio

128 3804 168 3858 sit
175 3803 223 3857 vel
233 3817 308 3856 non:
327 3802 436 3861 Tertiis.
446 3800 525 3854 Num
534 3815 593 3853 una
601 3799 706 3869 religio
713 3798 897 3870 plusefficiat
904 3814 993 3869 quam
1001 3798 1111 3853 altera:
1125 3800 1253 3868 Quarta.

130 3883 210 3937 Num
220 3883 338 3936 caelum
352 3890 384 3934 et
397 3878 547 3933 infernum
557 3880 633 3934 sint:
653 3880 774 3950 Qurirta,
788 3877 868 3932 Num
878 3879 941 3932 vita
953 3888 1075 3932 aeterna
1088 3889 1160 3948 post
1174 3894 1254 3935 mor·

128 3973 190 4018 tem
204 3963 259 4026 sit;
278 3972 396 4033 praeter
409 3960 520 4031 plura.”

185 4042 222 4097 Et
234 4041 368 4113 quaesivi
383 4042 421 4096 de
435 4041 539 4111 primo.
552 4039 632 4094 Num
644 4038 749 4109 religio
758 4038 798 4093 sit
810 4037 939 4110 aliquid:
957 4053 992 4093 ac
1004 4048 1172 4108 coeperunt
1180 4055 1253 4095 ven·

128 4121 215 4176 tilare
235 4122 293 4177 hoc
311 4121 399 4191 copia
416 4129 668 4191 argumentorum,
688 4136 760 4173 nurn
779 4118 817 4174 sit
837 4118 958 4190 religio;
979 4128 1010 4173 et
1028 4134 1107 4188 quae
1126 4130 1254 4176 vocatur

129 4201 180 4262 ita,
194 4218 265 4255 num
282 4200 323 4256 sit
337 4199 469 4271 aliquid:
487 4211 516 4255 et
533 4199 614 4269 petii,
628 4209 663 4252 ut
682 4197 825 4252 referrent
844 4198 902 4252 hoc
916 4197 954 4252 ad
969 4198 1253 4269 congregationem:

128 4294 165 4335 ac
183 4281 367 4335 retulerunt:
390 4289 422 4334 et
442 4295 603 4333 commune
624 4294 800 4348 responsum
823 4278 888 4339 fuit,
906 4277 988 4347 quod
1010 4279 1182 4347 propositio
1204 4279 1253 4333 illa

129 4369 217 4433 egeat
230 4371 292 4414 tam
305 4359 401 4413 multa
412 4359 614 4429 inquisitione,
629 4369 662 4411 ut
675 4374 734 4411 non
750 4359 845 4428 possit
859 4357 935 4411 finiri
951 4357 1028 4410 intra
1040 4373 1210 4428 vesperam,

184 4439 336 4513 Quaesivi,
347 4446 364 4469 ⁰'
373 4437 453 4494 Num
466 4455 485 4494 a
496 4439 582 4494 vobis
596 4439 692 4509 possit
705 4438 781 4492 finiri
795 4439 873 4492 intra
885 4453 995 4492 annum
1004 4435 1034 4492 ?''
