2782 5026
134 447 196 515 232
483 443 665 495 tlt-:metae
688 443 916 495 salmurus

188 614 353 686 Postquam
364 624 479 686 septem
489 612 558 669 illae
572 630 680 669 uxores
691 613 765 670 baec
776 624 808 670 et
816 614 926 670 similia
935 615 1022 685 plura
1029 615 1164 671 elocutae
1172 625 1236 674 sunt

132 705 280 750 venerunt
291 694 389 749 mariti
403 694 519 749 illarum
533 710 601 748 cum
615 694 709 750 botris
722 695 751 749 in
765 693 911 756 manibus
920 711 1050 766 quorum
1064 695 1154 766 aliqui
1167 707 1238 750 erant

132 775 247 845 saporis
268 773 398 835 delicati,
417 784 448 829 et
469 773 561 845 aliqui
583 774 698 845 saporis
720 775 804 834 tetri:
826 784 857 828 et
875 775 1018 830 dicebant
1040 790 1155 838 uxoroe,
1170 773 1254 834 “Cur‚

131 855 224 911 etiam
236 853 420 925 apportastis
432 870 506 909 uvas
520 855 613 909 malas
625 870 678 909 seu
691 854 841 909 labruscas
847 852 879 909 l”

188 934 426 1003 Respondebant
448 933 555 996 mariti,
575 933 680 1006 “Quia
701 934 885 1004 percepimus
906 932 937 987 in
958 932 1116 989 animabus
1137 933 1242 994 nomia

130 1030 200 1069 curn
214 1013 323 1085 quibus
336 1023 453 1068 vestrae
467 1014 569 1068 unitae
581 1024 661 1076 sunt,
676 1013 758 1083 quod
773 1028 840 1067 cum
854 1012 918 1067 viro
931 1011 992 1067 isto
1003 1012 1124 1068 locutae
1135 1012 1198 1068 sitis
1209 1013 1243 1067 de

130 1108 234 1148 amore
246 1109 316 1148 vere
332 1093 504 1165 conjugiali.
519 1093 601 1164 quod
615 1093 680 1165 ejus
692 1092 816 1148 deliciae
830 1101 930 1147 essent
942 1091 1069 1147 deliciae
1082 1091 1244 1163 sapientiae.

100 1206 103 1211 <
131 1182 163 1228 et
172 1189 293 1244 quoque
303 1173 341 1228 de
354 1189 456 1228 amore
466 1173 656 1234 scortatorio,
666 1172 748 1243 quod
760 1172 826 1243 ejus
834 1171 960 1226 deliciae
970 1181 1072 1226 essent
1082 1172 1246 1242 voluptates

132 1251 279 1307 insaniae:
298 1252 355 1307 bae
368 1262 439 1307 sunt
452 1269 528 1308 uvae
541 1252 612 1308 tetri
625 1251 740 1322 saporis
752 1267 804 1306 seu
817 1252 978 1314 labruscae,
988 1251 1056 1306 illae
1069 1261 1169 1306 autem
1182 1261 1247 1305 sunt

131 1348 207 1387 uvae
220 1331 341 1387 delicati
355 1332 498 1402 saporis.'’
530 1332 569 1387 Et
578 1332 794 1387 confirmabant
803 1347 971 1387 samonem
981 1347 1108 1385 uxorum
1119 1346 1247 1390 suarum:

130 1412 285 1474 addentes,
305 1413 386 1483 quod
405 1411 579 1482 voluptates
600 1411 733 1466 insaniae
753 1411 784 1466 in
806 1410 937 1466 externis
957 1419 1122 1480 appareant
1141 1409 1248 1464 similes

131 1491 247 1546 deliciis
258 1491 432 1561 sapientiae.
445 1492 499 1546 sed
513 1507 573 1546 non
587 1491 617 1545 in
632 1491 765 1551 internis.
775 1497 919 1561 “prorsus
930 1489 1009 1544 sicut
1021 1504 1097 1544 uvae
1114 1490 1209 1544 bonae
1219 1499 1248 1542 et

130 1587 207 1625 uvae
223 1571 317 1626 malae
332 1587 407 1642 quas
421 1571 661 1641 apportavimus:
680 1579 727 1625 ert
741 1569 821 1626 enim
840 1579 902 1623 tam
917 1568 1009 1623 castis
1023 1584 1114 1638 quam
1132 1569 1248 1623 incastis

130 1649 237 1706 similis
249 1649 398 1720 sapientia
411 1650 441 1705 in
455 1650 596 1712 externis,
609 1650 661 1705 sed
676 1665 797 1721 prorsus
808 1648 961 1704 dissimilis
973 1648 1003 1702 in
1017 1647 1169 1704 internis”

185 1728 259 1785 Post
270 1729 346 1784 haec
357 1730 464 1785 iterum
476 1730 560 1784 venit
570 1729 712 1800 puerulus
722 1744 790 1782 curn
802 1728 975 1784 membrana
983 1727 1014 1782 in
1025 1743 1125 1788 manu,
1135 1738 1167 1782 et
1178 1726 1247 1780 milri

131 1809 272 1880 porrexit,
283 1809 395 1872 dicens,
406 1817 422 1839 ⁴⁴
433 1809 513 1879 Lege
522 1809 547 1872 ;''
566 1821 597 1863 et
610 1808 669 1880 legi
683 1808 771 1863 haec:
790 1815 805 1837 ‘¹
814 1806 929 1862 Scitote
937 1808 1020 1879 quod
1033 1808 1158 1862 deliciae
1169 1823 1247 1861 amo·

131 1889 171 1944 ris
185 1889 365 1960 conjugialis
380 1890 545 1944 ascendant
559 1889 596 1943 ad
612 1888 727 1943 caelum
746 1902 926 1958 supremum,
941 1901 976 1941 ac
994 1902 1028 1941 se
1046 1887 1077 1941 in
1095 1887 1145 1941 via
1162 1897 1193 1940 et
1211 1885 1247 1939 ibi

129 1984 199 2023 cum
215 1968 331 2023 deliciis
344 1969 480 2024 omnium
494 1985 629 2023 amorum
642 1967 816 2022 caelestium
829 1967 1022 2037 conjungant,
1034 1976 1066 2020 et
1079 1966 1122 2020 sic
1141 1965 1248 2020 intrent

130 2063 214 2103 suam
228 2047 414 2110 felicitatem,
425 2064 502 2119 quae
514 2047 542 2102 in
554 2058 708 2102 aeternnm
720 2046 866 2117 persistit:
884 2061 974 2100 nausa
982 2056 1037 2107 est,
1047 2045 1119 2116 qnia
1128 2044 1248 2099 deliciae

130 2127 210 2182 illius
222 2128 334 2184 amoris
346 2140 418 2183 sunt
430 2128 521 2183 etiarn
532 2127 656 2182 deliciae
665 2126 838 2197 sapientiae.
863 2125 901 2180 Et
910 2141 1031 2195 quoque
1043 2124 1162 2186 scitote.
1171 2124 1247 2195 quod

129 2208 301 2278 voluptates
323 2208 434 2263 amoris
454 2207 624 2262 scortatorii
644 2206 828 2261 descendant
845 2220 939 2275 usque
957 2204 995 2259 ad
1017 2203 1167 2259 internum
1186 2203 1247 2257 infi-

130 2302 222 2349 mum.
235 2303 269 2342 ac
285 2303 317 2342 se
336 2287 366 2342 in
382 2287 477 2342 viaet
497 2286 537 2341 ibi
556 2302 625 2340 cum
640 2285 846 2356 voluptatibus
860 2283 996 2339 omnium
1011 2299 1148 2338 amorum
1165 2283 1248 2337 inler-

131 2367 243 2421 nalium
257 2367 453 2439 conjungant,
465 2377 496 2422 et
509 2367 552 2421 sic
565 2367 679 2421 intrent
692 2380 777 2421 suam
794 2363 1009 2424 infelicitatem,
1021 2378 1099 2433 quae
1112 2362 1249 2417 consistit

130 2445 159 2499 in
172 2462 315 2501 aerumna
323 2446 458 2501 onmium
468 2445 692 2517 jucunditatum
706 2444 820 2506 cordis:
835 2458 924 2498 causa
932 2452 987 2505 est,
997 2442 1069 2513 quia
1080 2442 1248 2512 voluptates

130 2524 210 2580 illius
223 2526 334 2580 amoris
347 2535 419 2581 sunt
431 2526 523 2580 etiarn
536 2526 708 2595 voluptates
721 2521 880 2578 insaniae.”

186 2603 260 2659 Post
273 2604 348 2659 haec
357 2604 516 2659 abluerunt
526 2603 624 2657 mariti
637 2620 705 2657 curn
716 2602 866 2664 uxoribus.
876 2609 906 2655 et
915 2598 1050 2655 comitati
1061 2609 1132 2656 sunt
1145 2615 1247 2670 pueru-

129 2682 193 2737 lum
208 2684 355 2754 usquead
369 2685 448 2738 viam
464 2698 605 2739 ascensus
620 2683 686 2753 ejus
702 2683 731 2736 in
744 2681 875 2736 caelum:
892 2688 924 2734 et
936 2680 1161 2750 cognoscebant
1175 2679 1247 2734 soci-

128 2771 280 2824 etatem,e
298 2779 359 2833 qua
377 2763 485 2818 missus
503 2773 550 2817 est
568 2762 649 2833 quod
668 2770 748 2816 esset
767 2760 895 2816 societas
913 2759 989 2815 coeli
1008 2759 1172 2822 novicum
1190 2772 1247 2829 quo

128 2840 256 2896 ecclesia
268 2857 347 2898 nova
360 2841 390 2896 in
403 2842 491 2897 terris
503 2839 666 2913 conjuncta
678 2840 743 2896 erit.

542 3129 844 3144 ψ

631 3364 758 3450 [xus]

328 3579 386 3644 Da
410 3579 792 3644 Desponsnrronmus
815 3590 864 3641 sn
886 3574 1053 3642 Nurrrrs.

192 3787 293 3857 295.
322 3773 376 3837 De
403 3771 728 3855 desponsationibus
757 3781 792 3835 et
822 3771 960 3853 nuptiis,
979 3779 1016 3834 et
1042 3790 1180 3853 quoque
1208 3771 1251 3834 de

129 3869 328 3933 solennibus
344 3870 434 3932 circa
453 3868 541 3943 illas,
562 3868 616 3930 hic
640 3868 754 3948 agitur
777 3868 958 3949 praecipue
980 3886 1026 3928 ex
1045 3867 1181 3930 ratione
1199 3867 1250 3929 in-

127 3960 310 4041 tellectum
334 3982 413 4025 nam
430 3962 500 4038 illa,
514 3983 602 4046 quae
620 3963 654 4025 in
671 3960 737 4025 hoc
754 3960 841 4023 libro
857 3961 985 4043 scripta
1001 3969 1092 4036 sunt,
1107 3980 1169 4043 pro
1186 3960 1251 4025 fine

128 4058 270 4133 habent,
290 4067 328 4120 ut
351 4055 460 4120 ledlor
478 4078 524 4120 ex
547 4055 706 4120 rationali
726 4077 788 4119 suo
810 4056 927 4119 videat
946 4056 1123 4129 veritates,
1143 4066 1180 4120 et
1203 4057 1250 4119 sic

128 4153 335 4226 consentiat,
359 4152 409 4215 ita
432 4153 523 4215 enim
548 4151 686 4232 spiritus
709 4149 780 4231 ejus
802 4151 1035 4227 convincitnr;
1062 4159 1099 4214 et
1122 4149 1193 4225 illa,
1216 4152 1251 4213 in

129 4247 250 4329 qulbus
273 4247 413 4329 spiritus
441 4247 667 4320 convincitur,
692 4246 882 4309 sortiuntur
904 4245 1150 4328 locumssupra
1179 4245 1249 4319 illa,

129 4360 216 4422 quae
229 4343 357 4423 absque
374 4340 533 4404 consulta
548 4341 681 4403 ratione
697 4341 828 4403 intrant
845 4360 890 4402 ex
903 4337 1110 4403 auctoritate
1126 4350 1162 4404 et
1179 4341 1249 4420 ejus

129 4432 216 4513 fide3
240 4455 320 4498 nam
337 4436 421 4499 haec
439 4455 506 4497 non
524 4435 671 4519 penitius
687 4436 806 4499 ineunt
823 4445 937 4518 caput,
951 4454 1051 4518 quam
1068 4436 1101 4498 in
1118 4454 1246 4498 merno-
