2782 5026
144 443 205 510 144
481 438 663 493 DELICIAE
685 434 911 491 sancum

139 607 242 690 Quod
259 608 338 674 inde
355 608 533 675 inclinatio
549 631 585 673 se
601 607 738 672 uniendi
753 616 788 672 et
805 607 891 671 sicut
904 586 1076 669 reurliendi
1090 617 1160 666 cum
1172 569 1246 637 ΨΦ

139 704 230 767 insit.
276 720 305 784 3.
330 702 433 784 Quod
457 726 502 767 ex
525 704 584 767 illa
603 705 737 778 unione,
757 712 793 766 et
816 710 954 783 propter
976 697 1069 761 illam
1092 713 1161 759 cum
1208 666 1273 814 εἶξε

1209 853 1256 911 ‘l

138 800 302 880 compari,
327 799 452 862 femina
476 810 637 863 nascatur
658 818 754 861 amor
776 797 847 870 viri,
871 805 906 858 et
929 793 987 856 fiat
1015 792 1090 874 plus
1111 799 1145 852 et
1172 779 1231 869 Ρ

138 911 235 956 amor
252 892 323 974 ejus
342 914 402 976 per
420 894 626 976 conjugium,
643 895 720 977 quia
739 903 819 957 tunc
838 910 932 953 amor
947 887 1113 969 impendit
1126 883 1190 965 jug
1202 873 1243 931 9
1255 857 1283 907 ‘l

138 987 374 1068 cogitationes
392 1009 470 1051 suas
494 989 537 1051 ad
561 986 834 1069 conjungendum
855 985 916 1047 sibi
934 984 1052 1045 virum.
1095 998 1126 1058 4.
1149 966 1269 1059 Qt),

138 1081 368 1164 conjungatur
397 1085 497 1147 unico
526 1104 588 1147 suo
621 1102 681 1165 per
709 1081 956 1164 applicationes
986 1077 1029 1139 ad
1060 1076 1151 1139 vitae
1182 1054 1303 1147 bil?

137 1177 316 1241 desideria.
363 1192 390 1259 5.
415 1177 517 1259 Quod
541 1177 790 1259 conjungantur
808 1196 867 1258 per
884 1173 1045 1255 sphaeras
1065 1144 1306 1233 circumffl·

138 1283 273 1354 pantes,
293 1293 332 1336 ac
353 1274 507 1336 unientes
525 1294 562 1336 se
587 1271 822 1336 universaliter
840 1279 875 1332 et
899 1265 1117 1349 singulariter
1133 1248 1306 1327 secrfm‘

137 1366 218 1430 dum
246 1367 346 1450 quale
372 1370 499 1431 amoris
522 1367 723 1449 conjugialis
745 1363 834 1447 apud
858 1382 994 1436 uxores,
1018 1370 1054 1424 et
1078 1357 1178 1423 simul
1199 1344 1306 1419 be

135 1461 285 1525 cundum
308 1462 408 1545 quale
432 1463 619 1543 sapientiae
642 1459 837 1542 recipientis
864 1456 959 1519 illum
984 1455 1075 1537 apud
1103 1439 1306 1516 maritae‘l

135 1555 165 1618 6.
191 1555 293 1637 Quod
323 1558 428 1620 etiam
458 1555 710 1637 conjungantur
736 1575 796 1636 per
817 1551 1112 1634 appropriationes
1136 1531 1306 1611 νίτίιν11

135 1653 335 1713 maritorum
351 1652 395 1714 ab
412 1652 585 1714 uxoribus.
631 1665 660 1730 7.
685 1649 741 1711 Ex
757 1648 877 1731 quibus
894 1655 1002 1729 patet,
1020 1644 1113 1727 quod
1129 1632 1306 1724 jugiff'

135 1744 263 1827 aliquid
294 1746 407 1808 mariti
437 1745 684 1808 transcribatur
706 1744 739 1806 in
763 1761 916 1815 uxorem,
941 1739 1028 1803 etei
1051 1722 1306 1843 inscribatf¹

135 1839 223 1902 sicut
242 1838 323 1919 ejus.
368 1839 425 1903 Ex
445 1840 497 1902 his
516 1850 552 1902 et
571 1839 638 1901 illis
654 1837 883 1920 consequitur,
904 1833 994 1917 quod
1010 1835 1128 1914 imago
1144 1817 1306 1894 mars

134 1932 298 1997 formetur
316 1935 350 1997 in
370 1954 488 2009 uxore,
509 1955 554 1998 ex
573 1954 639 2016 qua
658 1934 806 2014 imagine
825 1951 913 1994 uxor
929 1928 1084 2012 percipit,
1104 1926 1204 1990 videt
1222 1915 1306 2034 ς

135 2029 242 2092 sentit
262 2027 320 2091 illa
339 2049 425 2110 quae
444 2029 477 2091 in
502 2030 626 2091 marito
649 2037 740 2101 sunt,
761 2028 796 2089 in
818 2047 866 2098 se,
886 2034 922 2088 et
946 2022 1025 2086 inde
1047 2023 1138 2085 sicut
1164 2042 1201 2084 se
1226 2010 1306 2083 fl

133 2121 215 2199 i110;
243 2123 386 2204 percipit
416 2143 462 2185 ex
493 2121 815 2194 communicatione,
840 2121 935 2182 videt
964 2138 1009 2180 ex
1039 2113 1199 2198 aspersu,
1223 2107 1306 2179 b

133 2217 241 2278 sentit
269 2236 315 2278 ex
343 2214 456 2279 tactu:
490 2217 581 2298 quod
605 2216 733 2278 sentiat
756 2214 989 2296 receptionem
1012 2212 1063 2272 sui
1088 2211 1219 2274 amoris
1266 2204 1306 2253 ἆ

134 2310 257 2373 marito
276 2331 322 2373 ex
346 2308 440 2374 tactu
463 2312 496 2373 in
521 2309 642 2392 palmis
665 2329 765 2391 super
782 2309 891 2390 genis,
912 2306 1011 2378 ulnis,
1030 2305 1205 2379 manibus,
1225 2293 1306 2367 εἳ

71 2430 76 2441 ·
133 2400 339 2483 pectoribus,
357 2414 561 2485 aperuerunt
580 2404 661 2466 mihi
678 2413 747 2466 tres
763 2423 889 2465 uxores
905 2402 938 2463 in
957 2400 1046 2477 aula,
1063 2409 1102 2463 et
1122 2394 1306 2481 septerf¹

132 2496 166 2558 in
186 2507 314 2570 roseto,
335 2499 378 2561 de
397 2499 516 2580 quibus
536 2499 569 2560 in
591 2497 880 2560 Memorabilibus.

197 2603 289 2672 174.
316 2591 417 2673 (xvi.)
445 2591 542 2668 Quod
553 2592 622 2654 sint
636 2591 741 2674 officia
752 2590 900 2673 propria
911 2588 991 2662 vrri,
1004 2598 1037 2650 et
1051 2587 1164 2669 officeiz
1176 2597 1274 2668 proe

129 2683 213 2762 pria
225 2685 343 2746 uxorz's
351 2707 367 2757 ,·
382 2695 413 2746 et
422 2687 512 2766 quod
520 2707 606 2748 uxor
617 2707 678 2747 non
687 2685 799 2765 possit
810 2685 940 2747 intrare
951 2683 985 2744 in
994 2681 1104 2764 officia
1112 2682 1275 2762 propria

133 2776 213 2850 viri,
223 2797 278 2838 nec
286 2778 341 2838 vir
350 2778 384 2838 in
396 2779 501 2859 officia
507 2780 653 2858 propria
662 2779 788 2852 uxoris,
797 2789 830 2841 et
837 2779 907 2842 illis
917 2778 983 2840 rite
986 2772 1264 2857 sanga—Quod

134 2870 204 2930 siut
228 2869 338 2932 officia
362 2874 497 2953 propria
520 2874 591 2947 viri,
617 2883 652 2937 et
681 2874 816 2954 propria
842 2873 969 2946 uxoris,
991 2891 1061 2933 non
1091 2891 1183 2952 opus
1207 2879 1260 2947 est

134 2960 304 3024 illustrare
331 2983 389 3043 per
419 2968 652 3030 recensionem
682 2967 828 3039 illorum,
860 2976 938 3029 sunt
968 2966 1060 3028 enim
1093 2965 1195 3045 plura
1225 2972 1259 3027 et

133 3055 246 3130 varia;
270 3065 306 3117 et
319 3057 459 3138 quisque
476 3061 541 3121 scit
554 3061 746 3141 dispescere
763 3059 821 3122 illa
837 3061 870 3122 in
888 3063 1048 3121 numeros
1065 3059 1257 3121 secundum

132 3166 259 3226 genera
275 3157 311 3210 et
327 3153 468 3229 species,
484 3154 586 3215 modo
603 3154 760 3216 intendat
777 3154 928 3215 animum
944 3152 988 3214 ad
1005 3153 1258 3234 dispiciendam

132 3239 201 3302 illa.
247 3239 368 3304 Officia
391 3265 450 3323 per
472 3266 558 3326 quae
583 3268 707 3308 uxores
731 3249 930 3328 praeprimis
957 3265 1099 3308 secum
1125 3247 1258 3309 maritis

132 3333 353 3414 conjungunt,
371 3349 450 3400 suut
468 3341 689 3403 educationes
705 3341 872 3405 infantum
890 3342 1066 3422 utriusque
1083 3361 1205 3417 sexus,
1219 3360 1259 3405 ac

132 3424 320 3506 puellarum
341 3450 444 3510 usque
463 3433 506 3493 ad
526 3443 676 3496 aetatem
696 3455 761 3516 qua
780 3435 906 3497 dantur
922 3435 1052 3515 nuptui.

194 3531 286 3599 175.
317 3518 418 3600 Quod
438 3545 524 3587 uxor
548 3546 616 3588 non
637 3530 744 3608 possit
768 3530 897 3591 intrare
921 3531 953 3590 in
978 3528 1095 3591 officia
1119 3530 1259 3612 propria

129 3611 203 3684 viri,
223 3622 259 3674 et
279 3615 427 3683 vicissim
452 3637 514 3680 nec
534 3621 583 3681 vir
602 3623 635 3683 in
659 3621 770 3684 officia
793 3624 929 3703 propria
953 3625 1084 3698 uxoris,
1106 3634 1162 3688 est
1182 3627 1261 3708 quia

130 3704 290 3767 differunt
313 3708 400 3771 sicut
424 3712 592 3791 sapientia
613 3724 649 3777 et
672 3714 742 3794 ejus
764 3735 871 3791 amor,
892 3737 951 3778 seu
971 3718 1062 3780 sicut
1082 3721 1262 3800 cogitatio

130 3807 166 3860 et
190 3796 262 3877 ejus
282 3799 426 3874 affectio,
447 3823 505 3865 seu
529 3806 616 3868 sicut
639 3807 831 3871 intellectus
855 3819 890 3872 et
914 3809 985 3890 ejus
1009 3810 1201 3878 voluntas:
1226 3815 1261 3877 in

129 3889 250 3953 officiis
273 3894 415 3973 propriis
434 3896 580 3958 virorum
604 3900 729 3978 primas
752 3903 825 3982 agit
848 3902 1059 3980 intellectus,
1081 3908 1262 3988 cogitatio

130 3993 166 4047 et
196 3985 383 4065 sapientia;
418 3987 451 4047 in
481 3987 599 4051 officiis
630 4002 746 4056 autem
775 3998 919 4078 propriis
949 4019 1097 4062 uxorum
1128 4002 1263 4082 primas

130 4076 204 4155 agit
228 4077 399 4152 voluntas,
419 4077 552 4143 affectio
574 4091 610 4144 et
633 4103 747 4163 amor;
771 4098 806 4151 et
827 4110 914 4152 uxor
937 4111 982 4153 ex
1006 4091 1061 4154 his
1085 4093 1174 4160 facit
1198 4117 1264 4160 sua

129 4166 252 4242 officia,
272 4180 308 4232 et
330 4171 380 4232 vir
402 4191 447 4231 ex
470 4171 536 4233 illis
564 4172 643 4237 facit
667 4197 747 4255 sua;
778 4201 880 4261 quare
904 4182 1017 4245 officia
1044 4185 1191 4252 illorum
1215 4209 1263 4254 ex

128 4278 190 4321 sua
219 4272 340 4326 natura
369 4272 448 4324 sunt
472 4264 626 4343 diversa;
650 4270 710 4330 sed
734 4293 839 4354 usque
862 4275 1083 4355 conjunctiva
1108 4282 1145 4344 in
1170 4286 1263 4347 serie

129 4355 333 4418 successiva.
391 4352 547 4420 Creditur
580 4378 600 4420 a
633 4362 759 4441 multis,
791 4368 882 4444 quod
917 4369 1080 4435 mulieres
1116 4378 1262 4456 possint
