2782 5026
360 484 410 536 ou
433 483 910 552 suonacon1uc1nL1.-u.
934 473 1003 538 116.
1197 490 1242 558 99

113 651 153 708 ibi
168 652 317 716 estnihil
336 653 492 709 amoenius
511 653 603 709 sentit
618 670 707 726 quam
728 654 777 710 illa
792 654 922 726 recipere
937 654 1023 727 quasi
1042 664 1137 720 utero,
1150 666 1181 712 et
1196 657 1240 713 sic

114 733 283 804 concipere,
295 744 416 804 gestare
428 743 460 788 et
478 749 597 804 parere:
616 733 849 804 prolificationes
864 735 1035 806 spirituales
1050 736 1130 806 apud
1149 753 1240 808 ange·

114 808 159 866 ios
170 812 245 867 caeli
264 813 343 867 tales
359 822 445 875 sunt:
464 813 535 868 etsi
551 814 672 869 credere
688 814 795 876 velitis,
808 830 845 870 ex
865 814 914 870 illa
929 815 1045 886 origine
1061 825 1133 870 sunt
1146 816 1238 871 etiam

116 892 351 960 prolificationes
363 892 541 948 naturales.''

165 972 303 1044 Angelus
317 982 387 1042 post
397 971 608 1027 salutationem
619 971 701 1043 pacis
710 971 818 1027 extulit
831 988 863 1028 se
876 989 893 1027 e
905 981 991 1034 terra
1002 982 1033 1028 et
1043 970 1147 1029 velius
1156 984 1239 1031 trans

118 1049 246 1105 nimbum
260 1051 400 1107 ascendit
413 1050 443 1105 in
456 1051 580 1113 caelum,
591 1062 622 1106 et
635 1062 707 1106 tunc
717 1051 820 1113 charta
832 1053 996 1107 secundum
1012 1054 1123 1125 gradus
1136 1070 1239 1108 ascen·

119 1143 165 1184 sus
182 1129 319 1202 fulgebat
336 1131 416 1185 sicut
434 1131 530 1200 prius:
548 1140 580 1186 et
596 1145 666 1185 ecce
685 1141 758 1185 tunc
777 1131 914 1194 circulus,
929 1131 981 1204 qui
1000 1132 1083 1202 prius
1101 1134 1238 1204 apparuit

120 1207 191 1264 sicut
207 1224 328 1270 aurora,
344 1224 376 1264 se
395 1209 523 1271 demisit.
539 1219 571 1265 et
588 1210 714 1280 dispulit
731 1210 876 1274 nimbum,
891 1210 942 1282 qui
961 1211 1101 1268 tenebras
1120 1213 1238 1269 induxit

122 1296 219 1353 terrae,
227 1299 259 1366 et
272 1287 388 1344 lactum
400 1298 448 1344 est
459 1289 602 1360 apricum.

481 1563 859 1579 ῃ

632 1784 726 1872 [VI-l

108 1975 173 2045 De
188 1980 383 2063 conJomo
403 1981 552 2046 Domni
571 1996 621 2046 ar
643 1982 870 2059 Ecccasrna,
891 1996 941 2047 nr
959 1996 1011 2048 oa
1029 1996 1115 2064 aJus
1134 1983 1234 2050 con·

519 2090 825 2142 sassonorum.

108 2358 122 2373 .
179 2271 268 2339 116.
299 2270 402 2354 Quod
431 2271 475 2336 de
505 2270 664 2354 conjugio
687 2272 826 2336 Domini
855 2281 893 2337 et
916 2271 1096 2337 Ecclesiae
1122 2282 1159 2338 et
1188 2274 1233 2339 de

88 2376 189 2438 ejus
206 2367 513 2450 correspondentia
536 2368 592 2431 hic
616 2388 749 2451 quoque
768 2377 903 2450 agatur,
922 2377 978 2433 est
1002 2369 1080 2451 quia
1102 2369 1232 2450 absque

81 2459 255 2526 scientia
278 2482 318 2526 ac
343 2462 576 2544 intelligentia
598 2463 641 2526 de
664 2463 735 2537 illo,
759 2465 820 2527 vix
843 2463 965 2546 aliquis
988 2472 1104 2545 potest
1129 2482 1231 2527 nosse

76 2557 204 2623 lund
218 2577 314 2620 amor
329 2556 532 2639 conjugialis
548 2559 592 2622 sit
608 2558 641 2621 in
658 2558 788 2639 origine
804 2579 866 2622 sua
882 2555 1031 2631 sanctus,
1045 2558 1232 2640 spiritualis

72 2648 121 2701 et
167 2652 334 2727 caelestis,
351 2662 388 2716 et
405 2652 496 2735 quod
513 2653 595 2716 sita
610 2653 771 2717 Domino.
816 2653 950 2717 Dicitur
964 2652 1101 2736 quidem
1118 2672 1139 2715 a
1156 2652 1230 2735 qui-

69 2726 141 2797 bu
149 2746 253 2810 suam
276 2747 310 2810 in
334 2747 482 2811 ecclesia
500 2749 591 2830 quod
610 2748 770 2832 conjugia
787 2748 991 2812 relationem
1009 2747 1163 2811 habeant
1186 2746 1230 2809 ad

65 2841 134 2887 (Ο
143 2839 304 2924 njugium
321 2843 459 2906 Domini
479 2863 556 2907 cum
573 2844 729 2918 ecclesia,
747 2843 808 2908 sed
827 2840 936 2925 qualis
952 2843 1012 2906 illa
1027 2843 1148 2907 relatio
1164 2851 1232 2927 est,

61 2934 136 2984 ”e
144 2938 279 3016 scitum
303 2947 341 3001 ut
360 2938 475 3024 itaque
494 2938 578 3001 haec
597 2939 631 3001 in
651 2936 799 3022 aliquam
819 2937 930 3001 lucem
949 2935 1146 3001 intellelius
1165 2939 1229 3000 sis·

60 3019 205 3095 tatur
224 3033 385 3106 videnda,
410 3053 589 3097 necessum
613 3042 675 3107 est,
700 3039 736 3097 ut
762 3033 806 3096 de
829 3030 950 3097 sancto
972 3032 1033 3096 illo
1056 3032 1227 3115 conjugio,

57 3123 201 3208 ‘lund
222 3139 276 3192 est
300 3129 390 3210 apud
409 3128 487 3191 illos
510 3137 546 3192 et
570 3129 603 3191 in
626 3127 705 3203 illis,
725 3129 781 3212 qui
803 3129 951 3193 ecclesia
973 3127 1112 3192 Domini
1136 3137 1227 3204 sunt,

57 3215 157 3273 ⁵¹¹¹
170 3223 326 3301 gulariter
341 3233 483 3304 agatur;
513 3223 566 3287 his
585 3224 690 3288 etiam
713 3235 749 3288 et
774 3244 842 3287 non
865 3223 940 3287 aliis
959 3232 1013 3287 est
1032 3243 1129 3286 amor
1147 3232 1228 3287 vere

56 3306 134 3357 ⁶0
142 3313 318 3400 njugialis.
363 3317 432 3382 Sed
454 3328 595 3401 propter
612 3319 879 3383 elucidationem
897 3318 994 3400 hujus
1013 3320 1140 3393 arcani,
1157 3318 1228 3381 dis·

57 3402 279 3477 PQscenda
298 3422 353 3477 est
371 3413 456 3479 haec
476 3412 663 3478 transactio
681 3416 715 3478 in
734 3425 918 3498 sequentes
937 3413 1101 3477 articulos
1115 3434 1169 3475 :-

294 3546 337 3616 (i.)
359 3546 444 3617 Quod
453 3548 596 3602 Dominus
610 3550 643 3601 in
664 3547 752 3602 Verbo
764 3548 884 3602 da'catrer
896 3547 1023 3617 Sponsus
1036 3551 1065 3601 ei
1082 3545 1227 3607 Maritus.

424 3625 453 3672 et
469 3618 598 3673 Ecclesia
619 3618 728 3688 Sponsa
749 3626 777 3672 el
802 3619 885 3673 Uxor
892 3638 905 3681 ,·
928 3624 956 3671 ei
974 3616 1052 3687 quod
1065 3618 1228 3687 conjunllro

424 3691 549 3744 Domini
563 3707 628 3744 cum
643 3690 780 3751 Ecclesia.
795 3696 825 3743 et
841 3693 987 3760 reciproca
1002 3689 1149 3743 Ecclesiae
1161 3706 1226 3743 cum

424 3761 551 3815 Domino
562 3760 682 3815 de'catrer
695 3761 869 3831 conjugium
877 3779 890 3823 ,-

302 3831 333 3899 l.)
360 3830 432 3886 Tum
445 3832 522 3901 quod
531 3833 675 3886 Dominio
686 3831 805 3885 dr'catur
816 3832 916 3892 Pater.
930 3836 959 3885 el
972 3829 1100 3884 Ecclesia
1114 3831 1225 3886 Mater.

282 3902 334 3970 rii.)
355 3903 440 3972 Quod
430 3904 549 4027 (from
572 3920 609 3957 ex
630 3904 755 3956 Domino
776 3909 810 3956 ut
829 3903 928 3963 Pater.
942 3908 970 3955 et
987 3918 1024 3955 ex
1045 3902 1227 3955 Ecclesiam

456 3990 527 4026 xore
537 3980 566 4028 et
577 3973 686 4035 Matre,
698 3976 759 4026 seiri
770 3989 864 4027 omnes
874 3973 1050 4044 spirituales.
1064 3979 1091 4025 et
1103 3975 1136 4025 in
1155 3972 1225 4025 Ver-

423 4043 455 4097 bi
462 4060 546 4098 sensu
560 4043 717 4114 spirituali
726 4045 934 4116 tirtelliganiur
940 4044 1083 4115 perfilros
1093 4048 1122 4096 et
1131 4043 1224 4111 filias,

414 4115 535 4187 fraires
553 4122 581 4170 et
602 4130 718 4175 sorores.
732 4131 857 4186 generos
875 4120 904 4168 el
922 4130 1022 4176 nurus,
1042 4118 1071 4166 et
1083 4118 1142 4183 per
1160 4113 1223 4166 alea

420 4187 547 4246 nomina.
560 4201 634 4255 quae
643 4188 926 4257 suntgeneralioms.
1170 4250 1173 4256 ³

272 4253 335 4324 ᾷν.)
357 4254 441 4326 Quod
452 4255 548 4326 proles
567 4257 743 4327 spirituales,
765 4273 839 4326 quae
856 4261 1017 4310 nascuntur
1037 4271 1073 4308 ex
1090 4254 1225 4325 coen'ugio

426 4327 549 4380 Domini
561 4343 625 4381 cum
645 4326 781 4389 Ecclesia.
795 4330 858 4381 seiri
873 4343 953 4387 vera,
966 4340 1003 4380 ex
1017 4324 1119 4395 qualus
1137 4325 1223 4379 tirtel·

422 4398 514 4460 kllus.
528 4401 675 4484 perceptio
692 4405 721 4452 et
745 4401 839 4453 omnis
855 4399 1000 4470 cogitatio.
1019 4403 1048 4451 et
1070 4398 1224 4466 quadrini

421 4469 500 4531 lona,
513 4468 664 4540 exquibus
675 4468 1056 4533 amor‚clarr'ias,etomnis
1068 4468 1189 4538 affeliio.
