2782 5026
212 488 275 556 292
337 528 341 536 .
557 486 741 539 DELICIAE
763 486 999 539 SAPIENTIAE

212 668 333 724 mutuo
351 679 420 723 non
439 668 570 735 amant,
589 661 696 724 etiarn
716 659 868 742 zelotypi
891 670 983 737 sunt,
1005 661 1289 745 principalitersul

210 754 323 818 honor
343 757 534 836 potentiae,
554 755 659 818 timor
680 754 925 819 diffamationis
947 758 999 820 sui
1023 758 1171 822 nominis
1190 768 1223 821 et
1237 771 1292 840 quo·

210 870 276 932 que
298 849 426 925 uxoris,
447 870 486 913 ac
515 850 662 913 formido
684 870 728 913 ne
757 871 812 914 res
840 851 1057 916 domesticae
1080 849 1292 917 labeiadienhr.

211 941 313 1024 Quod
332 944 411 1006 viris
429 944 474 1007 sit
492 942 604 1007 honor
622 945 811 1026 potentiae,
831 943 898 1008 hoc
917 953 983 1020 est,
1000 946 1093 1028 quod
1113 945 1216 1010 velint
1230 962 1292 1027 mag·

210 1037 317 1102 nilieri
343 1059 389 1102 ex
416 1039 488 1113 illo,
514 1048 636 1102 notum
659 1050 733 1117 est;
768 1058 848 1102 narn
871 1040 1036 1122 quamdiu
1058 1040 1115 1104 hic
1137 1038 1292 1105 honorill't

209 1141 275 1206 e-st,
295 1133 384 1196 sicut
407 1132 543 1196 elevata
567 1143 684 1196 mente
706 1143 799 1209 sunt,
819 1145 857 1197 et
880 1154 949 1198 non
973 1135 1127 1199 demissa
1144 1135 1224 1199 facie
1237 1134 1292 1198 inter

210 1228 301 1291 viros
320 1239 356 1291 et
373 1228 538 1291 semi-nas:
561 1228 666 1291 etiam
686 1228 734 1291 illi
752 1228 874 1293 honori
890 1250 927 1293 se
946 1228 1106 1311 adjungit
1125 1228 1292 1294 nomenior·

209 1322 385 1399 titudinis,
409 1344 512 1407 quare
530 1321 710 1404 praescitis
727 1323 873 1387 militum
892 1325 1021 1389 insidet
1040 1325 1228 1408 plusquam
1239 1322 1292 1388 aliis

210 1415 312 1498 Quod
324 1420 368 1482 sit
382 1418 485 1481 timor
496 1417 737 1481 diffamationis
749 1420 897 1482 nominis
909 1420 960 1482 sui
976 1429 1013 1482 et
1029 1422 1159 1495 uxoris,
1172 1421 1292 1484 cohaeret

208 1532 286 1575 cum
317 1514 428 1594 priore
461 1532 584 1589 causa;
620 1513 673 1576 cui
703 1514 850 1589 accedit,
881 1514 974 1596 quod
1009 1514 1220 1579 cohabitatio
1244 1528 1292 1577 cun

208 1618 335 1682 scorto,
355 1618 391 1672 et
414 1626 562 1690 ganeum
586 1609 620 1671 in
639 1608 754 1684 domo,
772 1609 841 1672 sint
860 1608 1031 1673 infamiae.
1078 1609 1180 1692 Quod
1198 1608 1292 1687 zeloty-

209 1704 265 1785 pia
294 1706 338 1767 sit
365 1704 580 1787 quibusdam,
605 1724 647 1767 ne
676 1724 731 1768 res
756 1704 969 1768 domesticae
997 1703 1292 1780 labefactentur&

208 1800 286 1881 quia
311 1809 447 1862 tantum
470 1799 692 1883 vilipenditur
714 1800 868 1874 maritus,
892 1819 932 1863 ac
956 1800 1192 1865 distrahuntur
1210 1806 1292 1863 muna

207 1892 319 1957 officia
341 1904 377 1958 et
401 1893 549 1972 auxilia;
580 1903 617 1957 at
641 1894 726 1958 haec
747 1893 922 1976 zelotypia
944 1895 1036 1978 apud
1056 1896 1217 1978 quosdam
1232 1902 1292 1957 ten·

207 2009 290 2073 pore
302 1991 428 2053 desinit
445 2000 481 2053 et
496 1988 535 2052 fit
551 1988 645 2052 nulla
658 2010 666 2068 3
690 1997 725 2052 et
740 1989 830 2072 apud
846 1990 1013 2073 quosdam
1030 1991 1065 2054 in
1082 2009 1206 2055 meram
1219 1988 1292 2052 sinu·

207 2083 375 2148 lationem
394 2085 520 2148 amoris
539 2085 694 2147 vertitur.

269 2193 367 2261 374.
390 2177 493 2260 Quod
510 2181 599 2262 apud
615 2179 782 2262 quosdam
796 2178 967 2262 zelotypia
983 2181 1029 2244 sit
1049 2202 1095 2244 ex
1111 2181 1199 2245 varia
1212 2171 1292 2258 aegri·

207 2276 327 2340 tudine
351 2276 489 2349 mentis,
508 2294 576 2338 non
600 2274 688 2338 latet
712 2275 745 2337 in
769 2275 919 2353 mundo;
949 2276 1079 2340 dantur
1100 2278 1187 2339 enim
1207 2267 1292 2338 zelari,

206 2371 262 2454 qui
286 2370 450 2433 continue
473 2370 632 2451 cogitant
662 2370 706 2433 de
735 2369 899 2433 uxoribus
922 2371 1014 2452 quod
1037 2371 1109 2434 sint
1132 2368 1292 2441 infidaetl

206 2466 351 2529 credunt
369 2463 447 2526 illas
466 2474 593 2539 scorta,
610 2465 715 2528 inodo
733 2464 875 2527 audiunt
895 2475 954 2527 aut
973 2465 1095 2530 vident
1113 2465 1199 2549 quod
1212 2456 1292 2525 amice

207 2559 391 2642 loquantur
407 2579 484 2623 cum
500 2560 579 2623 viris
598 2570 657 2623 aut
676 2560 719 2622 de
737 2560 828 2622 viris.
874 2558 960 2624 Sunt
980 2560 1077 2643 plura
1093 2562 1173 2624 vitia
1187 2550 1292 2621 mentis.

206 2675 293 2738 quae
306 2655 472 2718 inducunt
489 2654 583 2717 illam
600 2655 864 2736 aegritudinem,
878 2656 968 2719 inter
983 2676 1071 2738 quae
1087 2656 1207 2739 primas
1220 2649 1292 2714 tenet

205 2750 389 2832 phantasia
407 2750 604 2831 suspiciosa,
624 2770 711 2833 quae
734 2750 762 2812 si
785 2750 842 2813 diu
861 2750 973 2824 alitur,
993 2750 1096 2815 insert
1116 2759 1250 2814 mentem
1265 2738 1291 2801 ln

205 2845 392 2908 societates
405 2845 584 2926 spirituum
598 2843 768 2920 similium,
782 2866 800 2907 e
812 2845 932 2928 quibus
948 2864 1052 2926 aegre
1069 2856 1183 2928 potest
1195 2832 1290 2908 eximii

206 2937 317 3002 firmat
342 2960 378 3003 se
397 2941 504 3002 etiam
527 2940 561 3002 in
585 2959 739 3021 corpore,
760 2959 820 3022 per
838 2940 929 3022 quod
949 2959 1062 3003 serum
1085 2951 1122 3004 et
1144 2940 1216 3003 inde
1235 2946 1290 2997 san·

204 3037 281 3118 guis
304 3034 363 3098 fiat
392 3036 557 3109 viscosus,
583 3043 703 3109 tenax,
728 3036 868 3117 spissus,
893 3034 1019 3110 lentus,
1044 3055 1143 3113 acer;
1173 3024 1290 3097 deletus

204 3130 324 3193 virium
343 3130 448 3193 etiam
467 3138 573 3211 auget
592 3129 699 3205 illam,
719 3149 798 3192 nam
818 3128 872 3192 hic
891 3130 986 3204 lacit,
1006 3141 1044 3193 ut
1063 3150 1160 3194 mens
1178 3122 1290 3210 nequett

204 3248 225 3289 a
248 3226 444 3309 suspiciosis
468 3227 536 3287 suis
560 3224 706 3301 elevari3
733 3226 929 3307 praesentia
947 3226 1069 3289 virium
1089 3228 1178 3290 enim
1195 3220 1289 3288 elevat·

131 3384 134 3391 ,
203 3330 239 3385 et
268 3321 424 3385 absentia
447 3320 581 3383 illarum
608 3317 813 3398 labesadtat3
843 3340 923 3383 nam
945 3321 1031 3384 haec
1056 3320 1139 3386 lacit
1168 3329 1201 3383 ut
1221 3321 1292 3407 meni

203 3417 353 3491 decidat,
374 3415 579 3488 collabatur,
604 3425 639 3479 et
663 3414 857 3489 flaccescet,
876 3425 912 3479 et
937 3424 1018 3479 tunc
1043 3414 1238 3498 phantasiae
1255 3405 1292 3505 l⁵i¹

202 3513 279 3596 plus
295 3522 330 3575 et
347 3511 423 3594 plus
439 3532 475 3573 se
488 3511 674 3592 immergit,
692 3512 889 3593 usquedum
905 3510 1050 3589 deliret;
1072 3521 1109 3575 et
1125 3510 1189 3575 hoc
1203 3496 1292 3573 evall²¹

202 3609 236 3672 in
252 3605 440 3687 jucundum
457 3604 745 3687 objurgationum,
762 3614 798 3669 et
817 3615 983 3689 quantum
999 3605 1082 3670 licet
1096 3597 1292 3688 vituperatio

202 3724 295 3766 num.

264 3810 360 3882 375.
391 3796 527 3860 Dantur
546 3796 651 3858 etiam
670 3794 818 3859 familiae
835 3795 1026 3878 regionum,
1042 3816 1130 3878 quae
1148 3814 1226 3879 prae
1241 3773 1292 3857 ali2

201 3893 416 3977 aegritudine
430 3891 624 3973 zelotypica
641 3890 800 3954 laborant
815 3911 823 3969 ;
847 3890 955 3954 abhis
967 3911 1094 3955 uxores
1106 3891 1292 3954 incarcerat

201 4000 267 4065 tur,
281 3988 464 4070 imperiose
480 3988 709 4050 detinentura
724 3986 898 4069 colloquio
910 4006 988 4050 cum
1000 3986 1091 4062 viris,
1104 3994 1292 4051 arcentura

200 4081 341 4167 aspeetu
360 4083 496 4147 illorum
514 4102 573 4164 per
591 4082 771 4158 fenestras,
791 4082 959 4164 appositis
978 4079 1143 4146 cancellis
1161 4082 1292 4146 deorsus

199 4179 383 4260 protensis,
400 4199 440 4242 ac
458 4187 631 4242 terrentur
646 4178 747 4240 minis
763 4178 884 4242 mortis
899 4177 927 4240 si
946 4177 1094 4260 suspicio
1109 4177 1184 4241 lota
1198 4183 1292 4260 depre

199 4273 358 4339 henderit
375 4293 533 4353 causam;
558 4281 695 4355 praeter
710 4273 778 4337 alia
796 4271 891 4348 dura,
909 4292 996 4354 quae
1012 4292 1139 4336 uxores
1159 4293 1180 4336 a
1198 4268 1292 4336 zelosl

200 4371 268 4433 suis
291 4369 422 4433 maritis
452 4370 497 4433 ibi
521 4370 706 4451 patiuntur.
753 4367 822 4432 Sed
845 4387 969 4431 causae
991 4365 1089 4449 hujus
1112 4367 1292 4450 zelotypia<

199 4475 279 4531 sunt
297 4466 418 4530 binae:
443 4486 509 4529 una
529 4473 595 4540 est,
612 4464 799 4547 captivitas
818 4473 854 4529 et
873 4461 1049 4529 suffocatio
1068 4465 1292 4547 cogitationur
