2782 5026
390 437 439 487 os
462 436 597 488 aaronis
620 436 939 503 cornuorum-N.
958 424 989 488 6.
1226 443 1249 509 9

126 619 173 660 nos
183 605 224 660 ad
244 605 331 660 hanc
344 616 468 677 portam,
479 615 511 660 et
524 604 723 677 pulsavimus;
741 606 793 661 sed
807 621 984 676 responsum
997 606 1084 662 nobis
1096 616 1150 671 est,
1164 609 1246 679 quod

126 695 223 756 portae
236 685 334 756 hujus
343 687 452 740 domus
465 702 526 740 non
536 685 849 756 aperianturexituris,
860 686 913 740 sed
927 686 1096 751 intraturis;
1110 687 1247 744 ‘Manete

125 774 153 820 et
163 763 300 819 iruimini
314 765 433 836 gaudiis
445 765 518 819 caeli
528 765 543 819 :¹
553 782 590 820 ex
602 766 710 836 quibus
724 765 873 835 responsis
882 766 1092 828 conclusimus,
1102 768 1183 837 quod
1197 768 1247 823 hic

127 845 152 897 in
163 854 324 898 aeternum
336 845 518 914 permansuri
530 844 639 907 simus:
655 845 724 898 inde
736 843 860 898 tristitia
871 843 980 900 invasit
993 855 1109 901 mentes
1119 857 1246 910 nostras,

126 931 154 979 et
166 939 246 978 nunc
260 924 369 993 incipit
383 922 486 993 petius
499 924 644 985 contrahi,
658 933 689 978 et
701 923 811 977 oboriri
824 923 986 990 anxietas.''

174 1003 262 1057 Tunc
275 1003 425 1058 allocutus
443 1014 489 1058 est
509 1004 575 1058 illos
588 1003 720 1073 angelus,
731 1012 763 1057 et
773 1002 857 1066 dixit,
866 1010 882 1033 ⁴⁴
891 1002 950 1058 Hic
959 1012 1056 1058 status
1065 999 1246 1058 estwlethus

126 1083 303 1153 gaudiorum
316 1094 493 1145 vestrorum,
506 1099 583 1153 quae
596 1082 767 1138 credidistis
780 1082 867 1138 unice
880 1082 1021 1138 caelestia
1033 1098 1106 1145 esse,
1119 1099 1188 1138 cum
1201 1093 1246 1137 ta-

127 1177 191 1216 men
205 1178 267 1216 non
281 1173 353 1217 sunt
367 1162 422 1216 nisi
436 1178 526 1232 quam
540 1163 706 1217 accessoria
717 1161 918 1217 caelestium.”

178 1240 216 1295 Et
228 1242 442 1312 quaesiverunt
454 1242 603 1312 angelum,
617 1249 633 1270 ⁴¹
642 1240 723 1314 Quid
736 1257 809 1312 ergo
821 1252 867 1296 est
878 1240 1021 1312 gaudium
1034 1240 1162 1296 caeleste
1171 1239 1201 1295 ?”

178 1319 216 1374 Et
224 1322 350 1391 angelus
360 1321 515 1392 respondit
525 1321 599 1376 haec
609 1336 719 1391 pauca:
732 1321 810 1375 “Est
819 1321 984 1391 jucundum
995 1319 1122 1374 faciendi
1133 1320 1244 1391 aliquid

127 1400 205 1470 quod
218 1411 265 1454 est
278 1400 335 1454 sibi
347 1410 379 1455 et
393 1401 459 1454 aliis
472 1401 555 1463 usui;
573 1412 604 1455 et
616 1401 782 1471 jucundum
796 1416 868 1455 usus
881 1400 974 1454 trahit
987 1415 1070 1455 suam
1084 1400 1244 1454 essentiam

127 1494 161 1534 ex
173 1489 324 1540 amore,et
334 1479 524 1534 existentiam
539 1496 576 1535 ex
591 1480 754 1550 sapientia3
772 1480 937 1550 jucundum
950 1496 1022 1535 usus
1032 1478 1193 1533 oriundum
1209 1495 1245 1534 ex

127 1573 225 1613 amore
239 1574 292 1628 per
306 1558 484 1628 sapientiam
497 1570 545 1614 est
556 1559 657 1614 anima
672 1569 703 1614 et
718 1560 781 1614 vita
793 1559 928 1614 omnium
940 1559 1118 1629 gaudiorum
1134 1558 1245 1613 caeles·

127 1637 208 1691 tium.
225 1689 233 1712 ,
247 1636 325 1692 Sunt
344 1638 373 1691 in
388 1638 479 1692 caelis
494 1638 658 1694 laetissima
672 1639 832 1700 consortia,
847 1653 923 1708 quae
939 1637 1112 1708 angelorum
1129 1648 1245 1692 mentes

127 1715 298 1778 exhilarant,
314 1717 431 1772 animos
450 1716 609 1779 oblectant,
625 1717 747 1788 pectora
764 1718 939 1788 jucundant,
954 1728 986 1771 et
1006 1732 1132 1787 corpora
1150 1732 1244 1772 recre-

127 1806 189 1857 aut;
214 1797 267 1850 sed
285 1796 358 1850 haec
378 1796 434 1851 illis
449 1808 528 1859 suut,
545 1808 702 1867 postquam
720 1813 792 1852 usus
811 1797 841 1851 in
861 1795 1066 1851 functionibus
1084 1795 1195 1850 suiset
1214 1795 1244 1850 in

127 1875 263 1943 operibus
276 1873 523 1936 suis1⁸¹lecerunt3
536 1891 574 1929 ex
584 1875 631 1930 his
640 1886 686 1930 est
695 1876 796 1930 anima
809 1885 841 1931 et
852 1876 916 1929 vita
930 1875 959 1929 in
970 1874 1110 1930 omnibus
1120 1874 1242 1930 laetitiis

127 1964 155 2007 et
168 1952 398 2008 oblectamentis
414 1954 549 2017 illorum:
568 1965 599 2008 at
613 1955 638 2009 si
655 1954 736 2008 illam
750 1954 881 2009 animam
897 1971 951 2009 seu
965 1955 1059 2009 vitam
1075 1953 1179 2016 aufers,
1196 1970 1245 2008 ac·

127 2034 252 2087 sessoria
264 2033 376 2103 gaudia
388 2034 556 2088 successive
569 2049 629 2088 non
643 2033 719 2088 fiunt
731 2034 850 2105 gaudia,
864 2035 915 2089 sed
933 2034 1061 2104 primum
1075 2033 1151 2088 fiunt
1163 2034 1245 2088 adia-

128 2111 225 2180 phora,
240 2112 350 2167 deinde
363 2113 441 2167 sicut
454 2112 549 2174 nauci.
563 2123 594 2167 et
606 2114 727 2167 demum
741 2113 839 2167 tristia
850 2123 882 2169 et
894 2114 1009 2168 anxia.”

176 2190 235 2246 His
253 2188 343 2246 dietis
357 2193 547 2262 aperiebatur
562 2201 655 2262 porta,
672 2201 703 2247 et
720 2193 888 2248 assidentes
903 2193 1095 2254 exsiluerunt,
1111 2201 1142 2246 et
1160 2191 1246 2246 auiu-

126 2279 230 2339 genrnt
248 2271 382 2333 domurn,
396 2272 523 2343 quisque
541 2272 579 2325 ad
598 2288 683 2327 suam
699 2270 892 2334 functionem,
906 2282 937 2327 et
953 2272 990 2326 ad
1010 2288 1097 2326 suum
1117 2287 1201 2340 opus,
1214 2281 1245 2326 et

127 2349 280 2403 relocillati
293 2360 373 2404 sunt.

175 2429 217 2487 6.
240 2428 397 2486 Posthaec
406 2430 685 2500 angelusallocutus
694 2439 741 2485 est
750 2430 825 2492 illos,
833 2430 884 2501 qui
894 2430 1072 2484 induxerant
1081 2428 1137 2483 sibi
1147 2429 1245 2482 ideam

127 2507 161 2562 de
171 2509 289 2579 gaudiis
299 2509 382 2570 caeli,
393 2518 424 2563 et
437 2511 474 2563 de
487 2509 628 2564 felicitate
639 2521 768 2571 aeterna,
778 2511 859 2580 quod
870 2508 968 2564 forent
978 2509 1165 2579 epulationes
1174 2523 1242 2561 cum

127 2587 264 2649 Abramo,
283 2587 368 2643 lsaco
380 2599 412 2642 et
426 2587 554 2659 Jacobo;
573 2599 604 2643 et
620 2600 688 2660 post
701 2591 804 2659 epulas
817 2589 881 2642 ludi
896 2598 928 2643 et
943 2586 1121 2658 spectacula.
1135 2603 1170 2642 ac
1189 2587 1245 2641 ite-

127 2682 187 2721 rum
196 2669 312 2738 epulae,
321 2679 352 2722 et
361 2668 404 2722 sic
415 2668 444 2721 in
454 2678 623 2722 aeternum:
638 2678 669 2723 et
679 2669 755 2722 dixit
766 2669 831 2730 illis,
842 2676 857 2697 ‘¹
866 2666 1032 2738 Sequimini
1044 2684 1099 2728 me,
1109 2677 1140 2721 et
1151 2667 1245 2720 intro·

127 2747 228 2801 ducam
240 2764 295 2802 vos
314 2747 343 2800 in
359 2748 537 2817 gaudiorum
548 2758 715 2802 vestrorum
727 2747 910 2802 felicitates.”
945 2747 984 2802 Et
997 2746 1164 2802 introduxit
1177 2746 1244 2801 illos

127 2841 174 2894 per
191 2843 299 2881 nemus
319 2827 349 2880 in
369 2826 523 2896 planitiem
537 2837 660 2881 stratam
676 2827 831 2887 asseribus,
844 2843 935 2897 super
950 2842 1009 2897 qua
1028 2826 1144 2896 positae
1159 2837 1244 2881 erant

127 2920 249 2968 mensae,
263 2906 434 2975 quindecim
448 2906 485 2960 ab
498 2922 560 2960 uno
572 2906 673 2968 latere,
687 2915 718 2960 et
730 2906 900 2975 quindecim
915 2907 952 2960 ab
965 2906 1069 2960 altero.

175 2984 213 3039 Et
226 2985 447 3056 quaesiverunt,
458 2983 544 3040 “Cur
556 2995 603 3039 tot
616 2985 773 3041 mensae?''
800 2985 838 3039 Et
851 2985 1006 3055 respondit
1018 2986 1149 3056 augelus,
1161 2985 1244 3055 quod

124 3064 216 3132 prima
228 3081 333 3119 mensa
345 3065 384 3120 sit
394 3064 527 3126 Abrami,
537 3065 669 3119 secunda
686 3064 769 3127 lsaci,
779 3065 869 3119 tertia
880 3064 993 3136 Jacobi,
1004 3075 1035 3118 et
1047 3065 1132 3134 juxta
1146 3065 1199 3119 has
1214 3065 1243 3118 in

126 3144 195 3199 serie
205 3160 327 3199 mensae
337 3144 496 3199 duodecim
507 3145 711 3215 apostolorum
721 3162 727 3207 ;
743 3145 804 3198 “ab
814 3145 908 3199 altero
919 3145 1011 3198 latere
1021 3144 1149 3198 totidem
1160 3160 1243 3198 men-

126 3238 170 3278 sae
183 3239 311 3278 uxorum
324 3223 456 3286 illorum:
475 3233 506 3279 et
518 3235 579 3279 tres
593 3225 705 3295 primae
716 3240 836 3278 mensae
849 3234 919 3278 sunt
933 3223 1022 3279 Sarae
1032 3223 1134 3278 uxoris
1148 3223 1244 3285 Abra·

126 3304 169 3365 mi,
187 3303 342 3359 Rebeccae
358 3304 459 3357 uxoris
474 3303 558 3366 lsaci,
573 3319 608 3358 ac
628 3304 704 3358 Leae
719 3313 751 3357 et
768 3302 907 3357 Rachelis
923 3319 1051 3357 uxorum
1066 3302 1188 3374 Jacobi;
1207 3318 1243 3357 ac

126 3382 280 3439 duodecim
295 3383 426 3453 reliquae
439 3392 510 3437 sunt
524 3399 650 3437 uxorum
665 3382 824 3437 duodecim
838 3382 1071 3453 apostolorum.”

173 3463 248 3518 Post
260 3463 391 3532 aliquam
406 3477 528 3524 moram,
542 3462 725 3531 apparebant
738 3478 843 3516 omnes
859 3478 979 3516 mensae
994 3461 1100 3535 plenae
1115 3460 1242 3523 ferculis,

126 3552 151 3595 et
173 3541 304 3611 spatiola
324 3541 401 3594 inter
422 3541 497 3595 haec
515 3550 622 3595 ornata
640 3540 739 3610 parvis
758 3541 961 3611 pyramidibus
979 3557 1046 3595 cum
1066 3540 1242 3595 condituris.

127 3619 275 3690 Epulaturi
295 3620 416 3675 stabant
434 3620 545 3674 circum
566 3621 631 3674 illas
656 3620 685 3673 in
708 3619 933 3689 exspectatione
952 3620 1071 3673 videndi
1092 3620 1243 3690 praesules

125 3714 288 3755 mensarum
300 3717 307 3762 ;
326 3700 377 3771 qui
391 3701 549 3770 pauculum
561 3697 724 3768 exspectati
735 3699 872 3754 visisunt
883 3699 912 3753 in
926 3699 1030 3754 ordine
1042 3699 1242 3770 processionis

125 3779 157 3832 ab
169 3781 304 3834 Abramo
319 3780 357 3833 ad
373 3779 512 3833 ultimum
526 3779 732 3848 apostolorum
747 3778 910 3841 intrantes;
928 3789 959 3834 et
976 3796 1045 3833 mox
1060 3779 1187 3849 quisque
1202 3779 1240 3832 ad

125 3875 201 3915 suam
212 3876 348 3916 mensam
359 3859 503 3914 accedens
513 3876 545 3913 se
556 3860 688 3928 reposuit
699 3875 788 3928 super
797 3870 866 3914 toro
876 3860 913 3913 ad
927 3870 1019 3929 caput
1028 3861 1091 3930 ejus
1101 3878 1107 3922 ;
1126 3872 1158 3915 et
1172 3859 1243 3914 inde

124 3938 257 3994 dixerunt
276 3939 315 3993 ad
335 3939 571 3999 circumstantes,
588 3947 603 3968 ‘⁴
614 3938 801 3993 Discumbite
816 3938 908 3993 etiam
924 3956 978 3993 vos
994 3939 1149 3993 nobiscum
1161 3939 1186 4001 ;”
1206 3949 1239 3993 et

125 4016 334 4074 discubuerunt
350 4017 407 4071 viri
422 4033 491 4071 curn
508 4018 641 4087 patribus
657 4018 723 4077 illis,
739 4029 768 4071 et
788 4017 916 4072 ieminae
931 4034 1000 4072 curn
1017 4018 1157 4072 uxoribus
1176 4017 1243 4072 illo-

125 4111 191 4158 ram,
203 4110 234 4154 et
246 4097 447 4154 comederunt
459 4107 489 4151 et
502 4098 642 4151 biberunt
658 4097 686 4150 in
700 4097 821 4158 laetitia,
836 4107 866 4152 et
879 4113 947 4151 cum
960 4097 1160 4151 veneratione.

170 4177 243 4234 Post
258 4177 420 4249 prandium
436 4177 592 4231 exiverunt
608 4176 649 4229 illi
666 4187 782 4245 patres;
801 4188 831 4232 et
847 4187 921 4231 tunc
937 4176 1066 4230 instituti
1082 4185 1152 4231 sunt
1168 4176 1241 4239 ludi,

126 4254 241 4313 choreae
252 4257 407 4328 virginum
420 4265 451 4311 et
463 4256 616 4326 juvenum,
628 4266 659 4310 et
673 4266 741 4326 post
755 4257 809 4310 has
821 4254 1001 4326 spectacula

170 4336 284 4409 Quibus
304 4336 400 4391 finitis
419 4335 624 4389 invitabantur
643 4335 751 4390 iterum
770 4336 808 4389 ad
828 4336 940 4405 epulas,
956 4336 1009 4390 sed
1028 4350 1096 4388 cum
1114 4344 1241 4398 statuto,

127 4417 197 4484 quod
211 4418 311 4490 primo
327 4415 377 4471 die
397 4415 590 4471 comederent
604 4431 672 4470 curn
688 4415 831 4478 Abramo,
844 4415 939 4470 altero
954 4429 1022 4470 cum
1040 4413 1132 4478 lsaco,
1147 4415 1242 4471 tertio
