2782 5026
381 111 432 162 DE
455 110 588 163 AMORE
611 110 931 178 comnenus-N.
952 116 1002 182 29.
1055 104 1060 116 '
1212 115 1256 185 29

124 281 176 349 Ac
194 282 342 366 insuper
356 283 462 348 homo
479 284 592 368 quoad
610 285 735 348 mentis
751 305 831 349 suae
847 283 1044 350 afleiiiones
1063 293 1099 351 et
1117 285 1252 370 cogita·

123 380 236 444 tiones
260 389 319 443 est
347 380 382 442 in
406 380 518 444 medio
540 379 742 462 angelorum
771 388 808 444 et
838 382 1026 463 spirituum,
1047 380 1182 445 ae-illis
1204 381 1255 447 ita

125 474 357 548 consociatus,
378 484 415 537 ut
444 494 513 537 non
544 476 652 556 possit
680 475 798 539 divelli
827 476 871 539 ab
900 475 967 538 illis
990 475 1053 539 nisi
1076 477 1252 540 moriatur.

127 569 173 633 Et
194 568 310 632 adhuc
335 567 520 632 mirabilius
542 579 608 644 est,
628 570 719 652 quod
742 570 808 634 hoc
833 571 1014 645 nesciatur,
1034 590 1112 634 cum
1134 581 1253 634 tamen

126 665 238 728 omnis
260 664 380 736 homo,
400 665 457 746 qui
480 685 499 727 a
523 665 631 746 prima
650 666 824 728 creatione
846 665 989 738 obierat,
1009 675 1089 747 post
1119 665 1251 730 obitum

128 758 170 821 ad
185 778 267 821 suos
282 769 425 821 venerat
441 778 482 821 ac
499 759 603 832 venit,
622 778 681 821 seu
697 768 735 821 ut
751 760 784 821 in
802 757 921 823 Verbo
937 759 1070 834 dicitur,
1084 759 1253 825 colle6tus

127 862 181 915 est
199 863 236 916 et
255 852 449 934 colligitur:
478 863 515 916 et
538 863 715 934 praeterea
733 852 863 916 homini
882 865 936 917 est
959 856 1151 919 communis
1174 874 1250 937 per·

129 949 255 1029 ceptio,
287 967 374 1030 quae
402 947 525 1010 eadem
554 958 608 1011 est
638 966 715 1010 cum
745 947 874 1011 influxu
904 947 991 1012 caeli
1023 950 1058 1012 in
1090 950 1253 1014 interiora

130 1042 256 1104 mentis
273 1040 354 1122 ejus,
372 1061 417 1104 ex
434 1061 502 1124 quo
517 1042 609 1105 intus
625 1041 659 1104 in
678 1062 715 1105 se
731 1043 875 1124 percipit
891 1062 983 1116 vera,
1000 1052 1036 1106 et
1052 1043 1140 1106 sicut
1156 1043 1251 1108 videt

128 1134 198 1210 illa,
218 1145 255 1199 et
279 1136 442 1218 imprimis
465 1136 531 1199 hoc
555 1155 683 1209 verum,
703 1136 795 1219 quod
814 1137 907 1200 vivat
930 1136 1035 1201 homo
1057 1149 1137 1218 post
1160 1157 1252 1201 mor·

128 1238 211 1305 tem,
231 1229 314 1293 felix
335 1231 362 1293 si
381 1231 469 1294 bene
488 1231 587 1304 vixit,
607 1241 644 1294 et
661 1229 780 1294 infelix
800 1232 828 1294 si
848 1230 957 1295 male:
982 1233 1056 1314 quis
1073 1233 1164 1295 enim
1183 1233 1249 1297 hoc

129 1343 198 1388 non
223 1327 370 1407 cogitat,
389 1326 472 1388 dum
496 1344 613 1407 parum
637 1325 751 1389 elevat
774 1335 926 1389 mentem
950 1346 970 1388 a
993 1346 1146 1408 corpore,
1171 1337 1207 1391 et
1231 1348 1251 1391 a

130 1421 342 1502 cogitatione
365 1422 523 1502 proxima
545 1419 616 1502 ejus
639 1421 803 1494 sensibus,
827 1421 920 1504 quod
943 1421 982 1485 fit
1005 1421 1086 1484 dum
1109 1422 1251 1486 interius

130 1512 163 1578 in
186 1513 282 1578 cultu
302 1514 428 1578 Divino
446 1525 511 1590 est,
532 1525 568 1579 et
591 1516 671 1578 dum
687 1515 779 1596 jacet
802 1517 837 1578 in
861 1514 952 1579 lecto
971 1516 1192 1581 moribundus
1215 1527 1251 1580 et

130 1607 313 1692 exspeiiat
331 1611 550 1674 extremum?
572 1611 726 1673 similiter
744 1610 825 1673 dum
844 1610 939 1674 audit
958 1612 1001 1674 de
1020 1609 1198 1686 defunctis,
1215 1621 1251 1676 et

131 1704 174 1767 de
189 1704 327 1768 illorum
343 1705 459 1768 sorte?
503 1705 646 1768 Narravi
663 1704 769 1768 millia
787 1705 830 1769 de
849 1705 925 1780 illis,
943 1715 980 1770 ut
1000 1706 1032 1768 in
1052 1706 1143 1788 quali
1158 1716 1251 1770 sorte

131 1809 247 1862 essent
266 1798 479 1881 quorundam
502 1799 633 1873 fratres,
653 1798 826 1880 conjuges,
846 1809 882 1863 et
905 1801 1027 1876 amici;
1059 1810 1094 1863 et
1117 1820 1251 1883 quoque

131 1894 248 1975 scripsi
278 1895 322 1957 de
351 1904 446 1957 sorte
469 1892 675 1976 Anglorum,
700 1893 963 1968 Hollandorum,
985 1893 1248 1967 Pontificiorum,

130 1987 345 2068 Judaeorum,
366 1987 541 2063 Gentium,
561 1999 597 2051 et
615 2008 750 2071 quoque
770 1988 812 2051 de
832 1998 926 2052 sorte
946 1989 1100 2064 Lutheri,
1118 1988 1249 2053 Calvini

131 2091 166 2146 et
181 2080 457 2160 Melaneihonis;
481 2093 517 2146 et
533 2083 643 2146 adhuc
662 2101 826 2164 nusquam
844 2083 955 2146 audivi
971 2083 1118 2166 aliquem
1135 2083 1250 2145 dicen·

132 2183 213 2251 tem,
244 2175 429 2258 Quomodo
459 2186 575 2259 potest
605 2176 684 2240 talis
712 2197 786 2239 sors
815 2176 881 2239 illis
910 2196 996 2249 esse,
1024 2196 1101 2240 cum
1134 2186 1250 2241 tamen

132 2271 282 2335 nondum
305 2291 324 2334 e
347 2270 511 2352 sepulcris
534 2272 602 2334 suis
625 2281 894 2345 resurrexerunt,
915 2272 1066 2335 nondum
1089 2273 1177 2335 enim
1197 2283 1251 2337 est

132 2364 299 2430 Ultimum
317 2366 486 2447 Judicium
509 2363 708 2447 peractum?
738 2377 864 2430 suntne
886 2365 936 2429 illi
959 2367 1090 2430 interea
1111 2367 1246 2430 animae

133 2480 215 2542 quae
238 2471 319 2525 sunt
341 2471 538 2543 pneumata,
562 2470 598 2524 et
629 2462 662 2523 in
693 2460 841 2543 quodam
865 2481 909 2543 pu
939 2482 1000 2524 seu
1031 2461 1108 2525 ubi?
1152 2461 1250 2524 Talia

133 2556 240 2619 adhuc
264 2577 285 2619 a
314 2557 449 2618 nemine
471 2554 585 2621 audivi
608 2553 718 2632 dicia3
752 2575 797 2617 ex
828 2575 894 2636 quo
918 2555 1013 2636 potui
1036 2555 1249 2630 concludere,

133 2653 221 2735 quod
244 2651 472 2733 unusquisque
496 2651 528 2714 in
552 2671 589 2713 se
613 2650 788 2731 percipiat,
811 2649 902 2732 quod
927 2651 1021 2712 vivat
1044 2650 1148 2714 homo
1171 2662 1250 2732 post

133 2756 289 2809 mortem.
334 2743 419 2826 Quis
437 2747 487 2808 vir
509 2746 565 2827 qui
584 2747 711 2808 amavit
731 2741 922 2825 conjugem,
942 2764 982 2806 ac
1006 2764 1085 2807 suos
1104 2745 1250 2809 infantes

134 2851 166 2904 et
195 2840 333 2914 liberos,
357 2839 438 2902 dum
465 2841 653 2902 moriuntur
682 2846 740 2900 aut
771 2839 895 2901 mortui
926 2848 1017 2911 sunt,
1043 2859 1111 2901 nou
1134 2859 1250 2903 secum

133 2935 233 3009 dicat,
257 2935 285 2996 si
318 2935 352 2996 in
386 2934 598 3014 cogitatione
628 2931 764 2995 elevata
786 2951 887 3012 supra
909 2932 1077 2995 sensualia
1100 2935 1251 3015 corporis

133 3040 193 3105 est,
211 3028 302 3110 quod
322 3027 442 3090 sintin
462 3044 564 3090 manu
583 3027 658 3100 Dei,
677 3026 837 3108 quodque
856 3026 933 3090 illos
950 3036 1028 3108 post
1047 3048 1142 3091 suam
1159 3049 1250 3093 mor·

134 3133 200 3186 tem
221 3125 344 3186 iterum
360 3123 491 3185 visurus
510 3123 565 3198 sit,
582 3141 621 3185 ac
641 3121 747 3184 vitam
764 3122 888 3184 amoris
907 3132 943 3184 et
961 3123 1075 3203 gaudii
1090 3142 1166 3187 cum
1185 3124 1252 3188 illis

135 3217 251 3281 iterum
270 3214 533 3297 conjuncturus?

192 3326 264 3392 29.
295 3309 380 3392 Quis
399 3331 467 3374 non
486 3332 530 3373 ex
550 3311 681 3373 ratione
700 3309 816 3373 videre
836 3319 964 3391 potest,
984 3311 1011 3374 si
1030 3311 1104 3375 vult
1122 3313 1249 3389 videre,

135 3407 221 3488 quod
239 3406 346 3470 homo
365 3416 444 3486 post
463 3414 609 3467 mortem
627 3424 694 3467 non
714 3406 757 3467 sit
775 3418 932 3487 pneuma,
949 3406 992 3468 de
1011 3427 1078 3488 quo
1097 3427 1166 3471 non
1185 3409 1251 3472 alia

136 3500 206 3566 idea
220 3511 285 3576 est,
300 3518 401 3583 quam
415 3501 502 3562 sicut
518 3499 561 3562 de
576 3497 684 3562 halitu
697 3500 802 3573 venti,
817 3510 876 3563 aut
892 3499 935 3562 de
952 3521 1029 3563 aere
1046 3510 1082 3563 et
1098 3501 1248 3574 aethere,

136 3606 167 3660 et
181 3596 273 3680 quod
286 3594 369 3658 illud
383 3602 441 3656 aut
456 3595 488 3655 in
505 3593 565 3656 illo
577 3594 622 3655 sit
634 3594 747 3656 anima
758 3593 916 3669 hominis,
931 3595 1202 3677 quae‘desiderat
1214 3605 1251 3659 et

136 3687 314 3773 exspectat
338 3685 612 3769 conjunctionem
636 3708 714 3751 cum
736 3709 798 3752 suo
821 3709 973 3770 corpore,
994 3699 1031 3752 ut
1055 3690 1163 3770 possit
1186 3688 1249 3752 srui

136 3787 298 3860 rensibus,
322 3792 360 3847 et
383 3781 504 3846 horum
523 3780 798 3859 oblectamentis,
819 3785 906 3847 sicut
930 3785 1022 3864 prius
1044 3785 1251 3848 inmundo?

137 3876 214 3961 Quis
232 3899 303 3944 non
322 3886 443 3960 potest
457 3878 583 3953 videre,
599 3878 691 3960 quod
710 3879 737 3940 si
755 3879 804 3942 ita
822 3879 908 3941 foret
924 3897 1001 3940 cum
1017 3877 1155 3941 homine
1172 3887 1250 3960 post

137 3987 288 4050 mortem,
319 3981 435 4036 status
464 3971 534 4053 ejus
563 3972 661 4036 vilior
689 3973 788 4048 soret,
819 3992 920 4055 quam
950 3983 1061 4036 status
1092 3973 1246 4053 piscium,

137 4070 239 4136 evium
256 4079 293 4136 et
312 4066 512 4135 animalium
531 4076 653 4144 terrae,
671 4086 812 4161 quorum
828 4069 961 4130 animae
981 4088 1049 4131 non
1066 4070 1196 4144 vivunt,
1213 4078 1249 4132 et
