2782 5026
368 108 418 158 DE
441 107 575 158 AMORE
598 105 917 173 CONJUGIALL-N.
939 106 1009 172 342.
1183 105 1245 186 273

122 279 387 361 unumquemvis
418 279 465 342 sit
497 277 686 342 secundum
716 285 848 341 statum
879 274 1057 350 ecclesiae,
1088 275 1246 339 videatur

122 394 219 456 supra
240 373 293 455 (n.
318 388 389 453 130,
409 383 445 438 et
464 373 589 455 pluries
608 374 642 436 in
661 370 978 453 antecedentibus).

179 482 282 552 342.
307 465 388 550 (ix.)
414 468 510 547 Quod
519 466 643 530 caelum
654 465 938 531 Mahumedanum
948 465 996 529 sit
1009 474 1108 528 extra
1121 462 1245 532 caelum

124 561 372 636 Christianum,
391 573 423 625 et
439 562 530 645 quod
543 562 633 632 illud
646 561 682 624 in
700 561 782 624 duos
800 559 916 635 caelos,
937 559 1080 640 emerius
1097 570 1130 624 et
1147 571 1244 642 supe·

122 658 206 732 rius,
220 656 268 720 sit
280 657 428 721 divisum
437 680 453 732 ,·
475 668 507 720 et
518 656 608 739 quod
615 677 678 719 non
691 656 754 720 ulii
763 656 798 719 in
809 654 933 719 caelum
945 653 1079 718 illorum
1091 655 1244 735 superius

120 752 299 826 eleventur,
323 773 424 834 quam
452 753 513 834 qui
539 752 697 816 abdica-nt
713 750 858 832 pellices,
881 759 915 813 et
943 750 1062 812 vivunt
1082 771 1155 813 cum
1177 770 1245 817 una

121 867 232 920 uxore,
252 857 286 909 et
301 857 483 927 agnoscunt
499 846 678 910 Dominum
696 855 847 909 nostrum
863 843 1032 927 aequalem
1043 843 1111 907 Deo
1125 844 1241 923 Patri,

119 941 175 1003 crer'
185 940 369 1005 domebium
380 952 482 1022 super
492 940 616 1004 caelum
631 951 663 1003 et
675 950 800 1003 terram
812 941 927 1003 datum
938 940 1243 1022 est—Antequam

120 1036 163 1099 de
187 1035 242 1099 his
265 1035 391 1117 aliquid
413 1036 636 1117 singulariter
658 1036 792 1108 dicitur,
816 1035 961 1098 interest
989 1044 1027 1097 ut
1057 1033 1171 1116 aliqua
1200 1034 1244 1098 de

119 1131 247 1193 Divina
271 1130 410 1193 Domini
434 1131 650 1212 providentia
672 1132 764 1194 circa
787 1139 901 1193 ortum
921 1129 1096 1211 religionis
1120 1128 1243 1191 Mahu·

120 1225 288 1289 medanae
316 1227 590 1306 praemittantur.
635 1224 737 1307 Quod
765 1224 850 1286 haec
878 1224 998 1305 religio
1028 1234 1168 1305 recepta
1198 1224 1243 1288 sit

119 1340 139 1382 a
158 1319 312 1401 pluribus
328 1321 444 1400 regnis
460 1338 562 1401 quam
578 1318 699 1400 religio
716 1318 921 1392 Christiana,
940 1328 1058 1401 potest
1078 1317 1243 1381 scandalo

119 1435 195 1477 esse
212 1414 280 1478 illis
295 1415 351 1497 qui
371 1413 414 1477 de
433 1413 559 1477 Divina
576 1415 792 1496 providentia
808 1415 976 1495 cogitant,
994 1423 1029 1476 et
1050 1412 1148 1475 simul
1168 1433 1242 1476 cre·

118 1510 207 1573 dunt
227 1509 318 1591 quod
342 1528 410 1572 non
433 1508 554 1592 aliquis
573 1508 697 1572 salvari
720 1509 841 1590 possit,
862 1509 925 1571 nisi
948 1509 1004 1590 qui
1028 1507 1243 1571 Christianus

121 1614 225 1668 natus
254 1613 329 1682 est;
364 1613 401 1666 at
431 1603 552 1685 religio
580 1603 836 1666 Mahumedana
863 1623 931 1666 non
959 1613 1012 1666 est
1040 1602 1241 1665 scandalum

119 1699 186 1762 illis
214 1701 272 1781 qui
299 1700 443 1763 credunt
466 1700 557 1781 quod
582 1700 697 1762 omnia
720 1701 789 1761 sint
813 1699 958 1761 Divinae
983 1698 1242 1780 providentiae;

119 1793 154 1858 hi
184 1795 371 1876 inquirunt,
395 1795 429 1857 in
460 1815 528 1875 quo
557 1804 623 1867 est,
648 1804 684 1857 et
715 1814 849 1877 quoque
876 1793 1065 1856 inveniunt.
1111 1792 1177 1856 Est
1205 1793 1240 1875 jn

119 1910 170 1963 eo,
185 1888 279 1972 quod
297 1888 551 1952 Mahumedana
567 1888 687 1970 religio
703 1898 872 1970 agnoscat
889 1889 1073 1952 Dominum
1088 1898 1241 1951 nostrum

120 2004 180 2065 pro
213 1983 304 2047 Filio
337 1983 411 2057 Dei,
437 1985 692 2063 sapientissimo
717 1984 903 2057 hominum,
928 2004 1056 2066 proque
1085 1983 1241 2047 Maximo

120 2077 305 2160 Propheta,
330 2078 443 2160 quiin
467 2080 629 2141 mundum
654 2079 748 2141 venit
772 2088 809 2140 ut
834 2079 975 2142 doceret
998 2078 1175 2157 homines;
1202 2089 1239 2142 at

118 2175 193 2254 quia
214 2172 432 2236 Alcoranum
451 2173 556 2236 modo
575 2173 697 2236 librum
717 2174 892 2254 religionis
915 2194 995 2236 suae
1018 2172 1184 2247 iecerunt,
1204 2183 1240 2237 et

119 2266 193 2334 inde
232 2267 472 2341 Mahumedes,
503 2267 559 2350 qui
592 2267 688 2331 illum
722 2269 938 2350 conscripsit,
971 2268 1240 2349 cogitationibus

116 2360 254 2428 illorum
279 2364 417 2436 insedit,
442 2374 477 2426 et
504 2363 618 2446 aliquo
641 2363 735 2426 cultu
758 2363 853 2426 illum
877 2373 1136 2446 persequuntur,
1161 2365 1239 2427 ideo

114 2472 236 2533 parum
269 2457 313 2520 de
343 2457 495 2521 Domino
522 2467 642 2520 nostro
664 2459 834 2539 cogitant.
887 2457 938 2521 Ut
968 2458 1068 2540 plene
1098 2459 1238 2533 sciatur,

109 2553 206 2629 quod
224 2550 286 2615 illa
302 2552 423 2633 religio
441 2573 486 2616 ex
504 2551 628 2615 Divina
642 2552 780 2615 Domini
797 2552 1011 2635 providentia
1024 2555 1240 2618 exsuscitata

101 2646 160 2726 sit,
181 2647 234 2712 ad
260 2646 444 2711 delendum
468 2646 682 2709 idololatrias
705 2646 849 2728 plurium
880 2648 1046 2728 gentium,
1067 2649 1100 2710 in
1124 2649 1239 2731 aliquo

94 2746 236 2810 Ordine
262 2741 413 2819 dicetur;
448 2762 552 2824 quare
575 2743 718 2823 primum
742 2742 785 2804 de
803 2742 933 2822 origine
957 2742 1238 2807 idololatriarum.

84 2830 211 2904 Ante
231 2834 331 2899 illam
350 2835 552 2917 religionem
571 2836 631 2900 suit
651 2835 764 2899 cultus
784 2835 952 2899 idolorum
975 2838 1009 2900 in
1033 2847 1110 2900 toto
1130 2849 1239 2903 terra-

74 2940 180 2998 rum
220 2930 318 2994 orbe.
372 2928 483 2994 Causa
518 2929 591 3005 suit,
624 2932 701 3012 quia
734 2930 902 2994 ecclesiae
934 2941 1016 2994 ante
1049 2933 1237 2998 adventum

67 3011 270 3099 Domini,
294 3023 427 3088 suerunt
450 3044 571 3088 omnes
593 3024 761 3089 ecclesiae
784 3027 1121 3105 repraesentativae;
1157 3027 1238 3091 talis

54 3127 219 3188 etiam
246 3119 311 3182 suit
334 3118 492 3183 Ecclesia
516 3119 725 3197 Israelitica;
758 3120 803 3184 ibi
826 3121 1097 3197 tabernaculum,
1122 3133 1240 3187 vestes

46 3210 305 3288 Aharonis,
339 3214 513 3288 sacrificia,
548 3216 662 3278 omnia
695 3215 816 3297 templi
851 3214 1170 3298 Hierosolymitani,
1201 3227 1238 3283 et

40 3320 251 3394 quoque
281 3319 416 3374 statuta
438 3311 764 3390 repraesentabant:
799 3320 835 3373 et
866 3311 955 3394 apud
986 3314 1145 3394 antiquos
1175 3312 1237 3377 luit

40 3406 263 3472 scientia
281 3405 671 3487 correspondentiarum,
696 3425 782 3487 quae
801 3406 906 3469 etiam
926 3415 979 3469 est
998 3417 1237 3488 repraesenta·

42 3498 262 3573 tionum,
295 3499 368 3580 ipsa
404 3500 551 3564 scientia
584 3501 790 3581 sapientum,
822 3501 986 3582 imprimis
1017 3501 1159 3564 exculta
1192 3503 1239 3568 ab

48 3590 325 3676 Aegyptiis3
359 3594 437 3657 inde
467 3594 588 3657 horum
611 3594 881 3676 hieroglyphica.
926 3594 984 3658 Ex
1002 3595 1069 3659 >illa
1093 3598 1238 3660 scientia

50 3691 291 3754 sciverunt
313 3688 393 3770 quid
417 3687 658 3770 significabant
680 3691 792 3753 omnis
815 3691 950 3771 generis
974 3691 1144 3764 animalia,
1163 3700 1236 3754 tum

62 3783 198 3867 quid
225 3784 339 3846 omnis
360 3785 497 3864 generis
526 3784 675 3859 arbores,
699 3793 737 3847 ut
767 3795 803 3848 et
833 3785 913 3867 quid
944 3795 1091 3859 montes,
1116 3785 1236 3862 colles,

70 3877 220 3952 fluvii,
243 3877 368 3950 sontes,
393 3886 430 3940 ut
455 3888 491 3940 et
514 3879 594 3960 quid
617 3880 680 3955 sol,
706 3879 796 3954 luna,
821 3889 857 3943 et
881 3880 1024 3956 stellae;
1057 3901 1118 3963 per
1141 3879 1236 3944 illam

81 3971 299 4037 scientiam
323 3972 385 4037 tuit
418 3973 484 4036 illis
507 3975 612 4037 etiam
636 3975 791 4056 cognitio
813 3975 1050 4057 spiritualium,
1075 3976 1236 4056 quoniam

91 4065 197 4140 ma,
209 4086 291 4149 quae
309 4068 667 4167 repraesentabantur,
685 4089 770 4152 quae
790 4069 923 4135 fuerunt
944 4070 1026 4133 talia
1043 4091 1129 4153 quae
1145 4072 1235 4154 sapi·
