<?xml version="1.0" encoding="UTF-8"?>
<!DOCTYPE html PUBLIC "-//W3C//DTD XHTML 1.0 Transitional//EN"
    "http://www.w3.org/TR/xhtml1/DTD/xhtml1-transitional.dtd">
<html xmlns="http://www.w3.org/1999/xhtml" xml:lang="en" lang="en">
 <head>
  <title>
</title>
<meta http-equiv="Content-Type" content="text/html;charset=utf-8" />
  <meta name='ocr-system' content='tesseract 3.04.00' />
  <meta name='ocr-capabilities' content='ocr_page ocr_carea ocr_par ocr_line ocrx_word'/>
</head>
<body>
  <div class='ocr_page' id='page_1' title='image "./deliciaesapient00swedgoog_0343.png"; bbox 0 0 2782 5026; ppageno 0'>
   <div class='ocr_carea' id='block_1_1' title="bbox 147 432 938 504">
    <p class='ocr_par' dir='ltr' id='par_1_1' title="bbox 147 432 938 504">
     <span class='ocr_line' id='line_1_1' title="bbox 147 432 938 504; baseline -0.009 -11"><span class='ocrx_word' id='word_1_1' title='bbox 147 438 211 504; x_wconf 86' lang='lat'><strong>334</strong></span> <span class='ocrx_word' id='word_1_2' title='bbox 483 432 731 486; x_wconf 71' lang='lat' dir='ltr'><strong>votueraras</strong></span> <span class='ocrx_word' id='word_1_3' title='bbox 752 433 938 486; x_wconf 79' lang='lat' dir='ltr'>INSANIAE</span> 
     </span>
    </p>
   </div>
   <div class='ocr_carea' id='block_1_2' title="bbox 58 603 1282 4184">
    <p class='ocr_par' dir='ltr' id='par_1_2' title="bbox 58 603 1263 1442">
     <span class='ocr_line' id='line_1_2' title="bbox 143 603 1250 689; baseline -0.002 -19"><span class='ocrx_word' id='word_1_4' title='bbox 143 624 184 671; x_wconf 91' lang='lat' dir='ltr'><strong>ac</strong></span> <span class='ocrx_word' id='word_1_5' title='bbox 208 604 407 687; x_wconf 89' lang='lat' dir='ltr'><strong>oppositum</strong></span> <span class='ocrx_word' id='word_1_6' title='bbox 435 604 469 668; x_wconf 93' lang='lat' dir='ltr'><strong>in</strong></span> <span class='ocrx_word' id='word_1_7' title='bbox 499 604 697 687; x_wconf 89' lang='lat' dir='ltr'><strong>oppositum</strong></span> <span class='ocrx_word' id='word_1_8' title='bbox 721 623 790 668; x_wconf 91' lang='lat' dir='ltr'><strong>non</strong></span> <span class='ocrx_word' id='word_1_9' title='bbox 812 603 916 669; x_wconf 90' lang='lat' dir='ltr'><strong>aliter</strong></span> <span class='ocrx_word' id='word_1_10' title='bbox 941 604 1027 687; x_wconf 80' lang='lat' dir='ltr'><strong>agit,</strong></span> <span class='ocrx_word' id='word_1_11' title='bbox 1050 625 1151 689; x_wconf 91' lang='lat' dir='ltr'><strong>quam</strong></span> <span class='ocrx_word' id='word_1_12' title='bbox 1174 605 1250 670; x_wconf 89' lang='lat' dir='ltr'><strong>sicut</strong></span> 
     </span>
     <span class='ocr_line' id='line_1_3' title="bbox 142 699 1253 783; baseline -0.001 -19"><span class='ocrx_word' id='word_1_13' title='bbox 142 701 276 775; x_wconf 83' lang='lat' dir='ltr'><strong>hostes,</strong></span> <span class='ocrx_word' id='word_1_14' title='bbox 296 718 440 783; x_wconf 88' lang='lat' dir='ltr'><strong>quorum</strong></span> <span class='ocrx_word' id='word_1_15' title='bbox 458 718 544 767; x_wconf 87' lang='lat' dir='ltr'><strong>unus</strong></span> <span class='ocrx_word' id='word_1_16' title='bbox 563 699 711 782; x_wconf 81' lang='lat' dir='ltr'><strong>flagrans</strong></span> <span class='ocrx_word' id='word_1_17' title='bbox 729 701 945 764; x_wconf 90' lang='lat' dir='ltr'><strong>internecino</strong></span> <span class='ocrx_word' id='word_1_18' title='bbox 963 701 1045 764; x_wconf 91' lang='lat' dir='ltr'><strong>odio</strong></span> <span class='ocrx_word' id='word_1_19' title='bbox 1062 702 1253 782; x_wconf 84' lang='lat' dir='ltr'>aggreditur</span> 
     </span>
     <span class='ocr_line' id='line_1_4' title="bbox 142 793 1255 869; baseline -0.001 -11"><span class='ocrx_word' id='word_1_20' title='bbox 142 795 291 859; x_wconf 89' lang='lat' dir='ltr'><strong>alterum</strong></span> <span class='ocrx_word' id='word_1_21' title='bbox 308 815 355 858; x_wconf 86' lang='lat' dir='ltr'><strong>ex</strong></span> <span class='ocrx_word' id='word_1_22' title='bbox 374 793 601 869; x_wconf 82' lang='lat' dir='ltr'><strong>surore,alter</strong></span> <span class='ocrx_word' id='word_1_23' title='bbox 619 795 753 858; x_wconf 90' lang='lat' dir='ltr'><strong>veroin</strong></span> <span class='ocrx_word' id='word_1_24' title='bbox 772 794 867 858; x_wconf 93' lang='lat' dir='ltr'><strong>nullo</strong></span> <span class='ocrx_word' id='word_1_25' title='bbox 886 795 967 859; x_wconf 90' lang='lat' dir='ltr'><strong>odio</strong></span> <span class='ocrx_word' id='word_1_26' title='bbox 986 806 1051 869; x_wconf 86' lang='lat' dir='ltr'><strong>est,</strong></span> <span class='ocrx_word' id='word_1_27' title='bbox 1071 797 1135 859; x_wconf 90' lang='lat' dir='ltr'><strong>sed</strong></span> <span class='ocrx_word' id='word_1_28' title='bbox 1154 796 1255 859; x_wconf 91' lang='lat' dir='ltr'><strong>solum</strong></span> 
     </span>
     <span class='ocr_line' id='line_1_5' title="bbox 142 887 1256 974; baseline 0.002 -22"><span class='ocrx_word' id='word_1_29' title='bbox 142 889 176 952; x_wconf 90' lang='lat' dir='ltr'><strong>in</strong></span> <span class='ocrx_word' id='word_1_30' title='bbox 189 888 265 952; x_wconf 87' lang='lat' dir='ltr'><strong>zelo</strong></span> <span class='ocrx_word' id='word_1_31' title='bbox 281 909 317 951; x_wconf 89' lang='lat' dir='ltr'><strong>se</strong></span> <span class='ocrx_word' id='word_1_32' title='bbox 331 887 467 951; x_wconf 88' lang='lat' dir='ltr'><strong>tutandi</strong></span> <span class='ocrx_word' id='word_1_33' title='bbox 482 907 489 950; x_wconf 94' lang='lat'><strong>:</strong></span> <span class='ocrx_word' id='word_1_34' title='bbox 514 908 560 951; x_wconf 90' lang='lat' dir='ltr'><strong>ex</strong></span> <span class='ocrx_word' id='word_1_35' title='bbox 572 889 691 970; x_wconf 91' lang='lat' dir='ltr'><strong>quibus</strong></span> <span class='ocrx_word' id='word_1_36' title='bbox 704 898 814 970; x_wconf 86' lang='lat' dir='ltr'><strong>patet,</strong></span> <span class='ocrx_word' id='word_1_37' title='bbox 827 889 918 972; x_wconf 92' lang='lat' dir='ltr'><strong>quod</strong></span> <span class='ocrx_word' id='word_1_38' title='bbox 932 889 1033 954; x_wconf 86' lang='lat' dir='ltr'>binae</span> <span class='ocrx_word' id='word_1_39' title='bbox 1045 890 1127 954; x_wconf 89' lang='lat' dir='ltr'><strong>illae</strong></span> <span class='ocrx_word' id='word_1_40' title='bbox 1141 890 1256 974; x_wconf 87' lang='lat' dir='ltr'><strong>sphae-</strong></span> 
     </span>
     <span class='ocr_line' id='line_1_6' title="bbox 141 982 1259 1065; baseline 0.001 -19"><span class='ocrx_word' id='word_1_41' title='bbox 141 1003 199 1046; x_wconf 87' lang='lat' dir='ltr'><strong>rae</strong></span> <span class='ocrx_word' id='word_1_42' title='bbox 219 982 323 1045; x_wconf 90' lang='lat' dir='ltr'><strong>modo</strong></span> <span class='ocrx_word' id='word_1_43' title='bbox 342 982 405 1044; x_wconf 92' lang='lat' dir='ltr'><strong>sibi</strong></span> <span class='ocrx_word' id='word_1_44' title='bbox 424 982 578 1056; x_wconf 83' lang='lat' dir='ltr'><strong>obvient,</strong></span> <span class='ocrx_word' id='word_1_45' title='bbox 598 982 659 1046; x_wconf 92' lang='lat' dir='ltr'><strong>sed</strong></span> <span class='ocrx_word' id='word_1_46' title='bbox 679 1002 748 1045; x_wconf 93' lang='lat' dir='ltr'><strong>non</strong></span> <span class='ocrx_word' id='word_1_47' title='bbox 771 1003 808 1046; x_wconf 91' lang='lat' dir='ltr'><strong>se</strong></span> <span class='ocrx_word' id='word_1_48' title='bbox 830 982 1056 1065; x_wconf 84' lang='lat' dir='ltr'><strong>conjungant.</strong></span> <span class='ocrx_word' id='word_1_49' title='bbox 1100 984 1259 1049; x_wconf 86' lang='lat' dir='ltr'><strong>Intersti·</strong></span> 
     </span>
     <span class='ocr_line' id='line_1_7' title="bbox 58 1075 1260 1160; baseline 0.003 -21"><span class='ocrx_word' id='word_1_50' title='bbox 58 1150 63 1158; x_wconf 89' lang='lat'><em>.</em></span> <span class='ocrx_word' id='word_1_51' title='bbox 141 1077 227 1140; x_wconf 92' lang='lat' dir='ltr'><strong>tium</strong></span> <span class='ocrx_word' id='word_1_52' title='bbox 244 1077 404 1150; x_wconf 87' lang='lat' dir='ltr'><strong>medium,</strong></span> <span class='ocrx_word' id='word_1_53' title='bbox 421 1076 512 1158; x_wconf 93' lang='lat' dir='ltr'><strong>quod</strong></span> <span class='ocrx_word' id='word_1_54' title='bbox 530 1075 669 1151; x_wconf 83' lang='lat' dir='ltr'><strong>iaciunt,</strong></span> <span class='ocrx_word' id='word_1_55' title='bbox 687 1086 740 1141; x_wconf 89' lang='lat' dir='ltr'><strong>est</strong></span> <span class='ocrx_word' id='word_1_56' title='bbox 760 1077 803 1141; x_wconf 93' lang='lat' dir='ltr'><strong>ab</strong></span> <span class='ocrx_word' id='word_1_57' title='bbox 820 1097 886 1141; x_wconf 88' lang='lat' dir='ltr'><strong>una</strong></span> <span class='ocrx_word' id='word_1_58' title='bbox 901 1087 1001 1160; x_wconf 89' lang='lat' dir='ltr'><strong>parte</strong></span> <span class='ocrx_word' id='word_1_59' title='bbox 1020 1099 1067 1142; x_wconf 91' lang='lat' dir='ltr'><strong>ex</strong></span> <span class='ocrx_word' id='word_1_60' title='bbox 1083 1079 1180 1143; x_wconf 88' lang='lat' dir='ltr'><strong>malo</strong></span> <span class='ocrx_word' id='word_1_61' title='bbox 1197 1100 1260 1143; x_wconf 90' lang='lat' dir='ltr'><strong>non</strong></span> 
     </span>
     <span class='ocr_line' id='line_1_8' title="bbox 140 1169 1261 1254; baseline 0.004 -21"><span class='ocrx_word' id='word_1_62' title='bbox 140 1169 216 1233; x_wconf 82' lang='lat' dir='ltr'><strong>salsi</strong></span> <span class='ocrx_word' id='word_1_63' title='bbox 235 1181 271 1234; x_wconf 93' lang='lat' dir='ltr'><strong>et</strong></span> <span class='ocrx_word' id='word_1_64' title='bbox 289 1191 336 1234; x_wconf 88' lang='lat' dir='ltr'><strong>ex</strong></span> <span class='ocrx_word' id='word_1_65' title='bbox 354 1170 443 1234; x_wconf 81' lang='lat' dir='ltr'><strong>falso</strong></span> <span class='ocrx_word' id='word_1_66' title='bbox 461 1190 530 1234; x_wconf 91' lang='lat' dir='ltr'><strong>non</strong></span> <span class='ocrx_word' id='word_1_67' title='bbox 547 1169 641 1245; x_wconf 84' lang='lat' dir='ltr'><strong>mali,</strong></span> <span class='ocrx_word' id='word_1_68' title='bbox 653 1181 689 1235; x_wconf 88' lang='lat' dir='ltr'><strong>et</strong></span> <span class='ocrx_word' id='word_1_69' title='bbox 708 1171 752 1234; x_wconf 93' lang='lat' dir='ltr'><strong>ab</strong></span> <span class='ocrx_word' id='word_1_70' title='bbox 770 1171 883 1236; x_wconf 87' lang='lat' dir='ltr'><strong>altera</strong></span> <span class='ocrx_word' id='word_1_71' title='bbox 899 1182 997 1254; x_wconf 90' lang='lat' dir='ltr'><strong>parte</strong></span> <span class='ocrx_word' id='word_1_72' title='bbox 1016 1194 1063 1237; x_wconf 86' lang='lat' dir='ltr'><strong>ex</strong></span> <span class='ocrx_word' id='word_1_73' title='bbox 1082 1174 1178 1237; x_wconf 93' lang='lat' dir='ltr'><strong>bono</strong></span> <span class='ocrx_word' id='word_1_74' title='bbox 1199 1194 1261 1237; x_wconf 90' lang='lat' dir='ltr'><strong>non</strong></span> 
     </span>
     <span class='ocr_line' id='line_1_9' title="bbox 69 1265 1263 1351; baseline 0.004 -24"><span class='ocrx_word' id='word_1_75' title='bbox 69 1328 74 1335; x_wconf 80' lang='grc'><strong>,</strong></span> <span class='ocrx_word' id='word_1_76' title='bbox 139 1265 212 1328; x_wconf 85' lang='lat' dir='ltr'><strong>veri</strong></span> <span class='ocrx_word' id='word_1_77' title='bbox 234 1275 270 1328; x_wconf 92' lang='lat' dir='ltr'><strong>et</strong></span> <span class='ocrx_word' id='word_1_78' title='bbox 299 1285 346 1328; x_wconf 83' lang='lat' dir='ltr'><strong>ex</strong></span> <span class='ocrx_word' id='word_1_79' title='bbox 368 1286 452 1328; x_wconf 91' lang='lat' dir='ltr'><strong>vero</strong></span> <span class='ocrx_word' id='word_1_80' title='bbox 470 1284 539 1327; x_wconf 90' lang='lat' dir='ltr'><strong>non</strong></span> <span class='ocrx_word' id='word_1_81' title='bbox 562 1265 654 1340; x_wconf 90' lang='lat' dir='ltr'><strong>boni,</strong></span> <span class='ocrx_word' id='word_1_82' title='bbox 674 1286 762 1348; x_wconf 89' lang='lat' dir='ltr'><strong>quae</strong></span> <span class='ocrx_word' id='word_1_83' title='bbox 788 1265 856 1329; x_wconf 88' lang='lat' dir='ltr'><strong>duo</strong></span> <span class='ocrx_word' id='word_1_84' title='bbox 887 1287 923 1330; x_wconf 90' lang='lat' dir='ltr'><strong>se</strong></span> <span class='ocrx_word' id='word_1_85' title='bbox 952 1268 1094 1350; x_wconf 87' lang='lat' dir='ltr'><strong>quidem</strong></span> <span class='ocrx_word' id='word_1_86' title='bbox 1118 1280 1263 1351; x_wconf 82' lang='lat' dir='ltr'>possunt</span> 
     </span>
     <span class='ocr_line' id='line_1_10' title="bbox 139 1359 973 1442; baseline 0.001 -19"><span class='ocrx_word' id='word_1_87' title='bbox 139 1360 354 1440; x_wconf 84' lang='lat' dir='ltr'><strong>contingere,</strong></span> <span class='ocrx_word' id='word_1_88' title='bbox 374 1359 435 1421; x_wconf 92' lang='lat' dir='ltr'><strong>sed</strong></span> <span class='ocrx_word' id='word_1_89' title='bbox 455 1379 561 1442; x_wconf 87' lang='lat' dir='ltr'><strong>usque</strong></span> <span class='ocrx_word' id='word_1_90' title='bbox 585 1379 653 1423; x_wconf 90' lang='lat' dir='ltr'><strong>non</strong></span> <span class='ocrx_word' id='word_1_91' title='bbox 673 1359 889 1441; x_wconf 83' lang='lat' dir='ltr'><strong>conjungere.</strong></span> <span class='ocrx_word' id='word_1_92' title='bbox 969 1410 973 1415; x_wconf 88' lang='lat'>.</span> 
     </span>
    </p>

    <p class='ocr_par' dir='ltr' id='par_1_3' title="bbox 134 1450 1282 2763">
     <span class='ocr_line' id='line_1_11' title="bbox 201 1450 1264 1539; baseline 0.005 -22"><span class='ocrx_word' id='word_1_93' title='bbox 201 1466 300 1538; x_wconf 79' lang='grc'><strong>437.</strong></span> <span class='ocrx_word' id='word_1_94' title='bbox 324 1452 413 1535; x_wconf 91' lang='lat' dir='ltr'><strong>(xii.)</strong></span> <span class='ocrx_word' id='word_1_95' title='bbox 440 1450 537 1528; x_wconf 74' lang='lat' dir='ltr'><strong>Quod</strong></span> <span class='ocrx_word' id='word_1_96' title='bbox 543 1453 633 1516; x_wconf 73' lang='lat' dir='ltr'><strong>inm</strong></span> <span class='ocrx_word' id='word_1_97' title='bbox 643 1453 739 1517; x_wconf 84' lang='lat' dir='ltr'><strong>binas</strong></span> <span class='ocrx_word' id='word_1_98' title='bbox 752 1453 833 1517; x_wconf 87' lang='lat' dir='ltr'><strong>illas</strong></span> <span class='ocrx_word' id='word_1_99' title='bbox 845 1453 1012 1536; x_wconf 81' lang='lat' dir='ltr'><em>sphaeras</em></span> <span class='ocrx_word' id='word_1_100' title='bbox 1025 1457 1264 1539; x_wconf 81' lang='lat' dir='ltr'><em>aequilibrium</em></span> 
     </span>
     <span class='ocr_line' id='line_1_12' title="bbox 138 1546 1262 1631; baseline 0.004 -19"><span class='ocrx_word' id='word_1_101' title='bbox 138 1546 196 1622; x_wconf 84' lang='lat' dir='ltr'><strong>sit,</strong></span> <span class='ocrx_word' id='word_1_102' title='bbox 216 1557 248 1610; x_wconf 80' lang='lat' dir='ltr'><strong>et</strong></span> <span class='ocrx_word' id='word_1_103' title='bbox 269 1548 361 1630; x_wconf 79' lang='lat' dir='ltr'><strong>quod</strong></span> <span class='ocrx_word' id='word_1_104' title='bbox 374 1546 468 1611; x_wconf 74' lang='lat' dir='ltr'><strong>homo</strong></span> <span class='ocrx_word' id='word_1_105' title='bbox 490 1547 525 1611; x_wconf 88' lang='lat' dir='ltr'><strong>in</strong></span> <span class='ocrx_word' id='word_1_106' title='bbox 547 1547 606 1611; x_wconf 84' lang='lat' dir='ltr'><em>illo</em></span> <span class='ocrx_word' id='word_1_107' title='bbox 624 1546 975 1631; x_wconf 83' lang='lat' dir='ltr'><strong>sit.-Aequilibrium</strong></span> <span class='ocrx_word' id='word_1_108' title='bbox 995 1551 1088 1615; x_wconf 90' lang='lat' dir='ltr'><strong>inter</strong></span> <span class='ocrx_word' id='word_1_109' title='bbox 1106 1552 1189 1617; x_wconf 91' lang='lat' dir='ltr'><strong>illas</strong></span> <span class='ocrx_word' id='word_1_110' title='bbox 1211 1563 1262 1617; x_wconf 91' lang='lat' dir='ltr'><strong>est</strong></span> 
     </span>
     <span class='ocr_line' id='line_1_13' title="bbox 138 1642 1263 1725; baseline 0.005 -19"><span class='ocrx_word' id='word_1_111' title='bbox 138 1642 374 1725; x_wconf 84' lang='lat' dir='ltr'><strong>aequilibrium</strong></span> <span class='ocrx_word' id='word_1_112' title='bbox 396 1642 585 1723; x_wconf 84' lang='lat' dir='ltr'><strong>spirituale,</strong></span> <span class='ocrx_word' id='word_1_113' title='bbox 608 1644 687 1725; x_wconf 87' lang='lat' dir='ltr'><strong>quia</strong></span> <span class='ocrx_word' id='word_1_114' title='bbox 709 1654 763 1707; x_wconf 94' lang='lat' dir='ltr'><strong>est</strong></span> <span class='ocrx_word' id='word_1_115' title='bbox 786 1645 877 1707; x_wconf 86' lang='lat' dir='ltr'><strong>inter</strong></span> <span class='ocrx_word' id='word_1_116' title='bbox 899 1643 1027 1708; x_wconf 89' lang='lat' dir='ltr'><strong>bonum</strong></span> <span class='ocrx_word' id='word_1_117' title='bbox 1051 1655 1090 1710; x_wconf 88' lang='lat' dir='ltr'><strong>et</strong></span> <span class='ocrx_word' id='word_1_118' title='bbox 1113 1648 1263 1725; x_wconf 89' lang='lat' dir='ltr'><strong>malum;</strong></span> 
     </span>
     <span class='ocr_line' id='line_1_14' title="bbox 138 1737 1282 1820; baseline 0.003 -19"><span class='ocrx_word' id='word_1_119' title='bbox 138 1756 184 1801; x_wconf 90' lang='lat' dir='ltr'><strong>ex</strong></span> <span class='ocrx_word' id='word_1_120' title='bbox 208 1737 274 1800; x_wconf 91' lang='lat' dir='ltr'><strong>hoc</strong></span> <span class='ocrx_word' id='word_1_121' title='bbox 293 1737 494 1820; x_wconf 82' lang='lat' dir='ltr'><strong>aequilibrio</strong></span> <span class='ocrx_word' id='word_1_122' title='bbox 513 1747 568 1801; x_wconf 89' lang='lat' dir='ltr'><strong>est</strong></span> <span class='ocrx_word' id='word_1_123' title='bbox 591 1737 722 1801; x_wconf 88' lang='lat' dir='ltr'><strong>homini</strong></span> <span class='ocrx_word' id='word_1_124' title='bbox 741 1737 884 1801; x_wconf 91' lang='lat' dir='ltr'><strong>liberum</strong></span> <span class='ocrx_word' id='word_1_125' title='bbox 904 1739 1106 1804; x_wconf 86' lang='lat' dir='ltr'><strong>arbitrium:</strong></span> <span class='ocrx_word' id='word_1_126' title='bbox 1138 1742 1174 1804; x_wconf 91' lang='lat' dir='ltr'><strong>in</strong></span> <span class='ocrx_word' id='word_1_127' title='bbox 1198 1741 1282 1806; x_wconf 90' lang='lat' dir='ltr'><strong>hoc·</strong></span> 
     </span>
     <span class='ocr_line' id='line_1_15' title="bbox 137 1831 1261 1933; baseline 0.005 -38"><span class='ocrx_word' id='word_1_128' title='bbox 137 1840 174 1895; x_wconf 90' lang='lat' dir='ltr'><strong>et</strong></span> <span class='ocrx_word' id='word_1_129' title='bbox 193 1831 337 1933; x_wconf 47' lang='lat' dir='ltr'><strong>per&#39;hoc</strong></span> <span class='ocrx_word' id='word_1_130' title='bbox 357 1831 463 1895; x_wconf 92' lang='lat' dir='ltr'><strong>homo</strong></span> <span class='ocrx_word' id='word_1_131' title='bbox 481 1832 614 1914; x_wconf 80' lang='lat' dir='ltr'><strong>cogitat</strong></span> <span class='ocrx_word' id='word_1_132' title='bbox 633 1841 668 1896; x_wconf 87' lang='lat' dir='ltr'><strong>et</strong></span> <span class='ocrx_word' id='word_1_133' title='bbox 692 1832 777 1909; x_wconf 88' lang='lat' dir='ltr'><strong>vult,</strong></span> <span class='ocrx_word' id='word_1_134' title='bbox 797 1842 833 1896; x_wconf 92' lang='lat' dir='ltr'><strong>et</strong></span> <span class='ocrx_word' id='word_1_135' title='bbox 856 1833 936 1896; x_wconf 88' lang='lat' dir='ltr'><strong>inde</strong></span> <span class='ocrx_word' id='word_1_136' title='bbox 955 1832 1108 1917; x_wconf 91' lang='lat' dir='ltr'><strong>loquitur</strong></span> <span class='ocrx_word' id='word_1_137' title='bbox 1128 1846 1166 1900; x_wconf 89' lang='lat' dir='ltr'><strong>et</strong></span> <span class='ocrx_word' id='word_1_138' title='bbox 1190 1838 1261 1920; x_wconf 85' lang='lat' dir='ltr'><strong>agit</strong></span> 
     </span>
     <span class='ocr_line' id='line_1_16' title="bbox 137 1925 1262 2009; baseline 0.006 -21"><span class='ocrx_word' id='word_1_139' title='bbox 137 1925 227 1989; x_wconf 90' lang='lat' dir='ltr'><strong>sicut</strong></span> <span class='ocrx_word' id='word_1_140' title='bbox 250 1946 296 1989; x_wconf 92' lang='lat' dir='ltr'><strong>ex</strong></span> <span class='ocrx_word' id='word_1_141' title='bbox 319 1946 366 1989; x_wconf 89' lang='lat' dir='ltr'><strong>se.</strong></span> <span class='ocrx_word' id='word_1_142' title='bbox 411 1926 597 1990; x_wconf 85' lang='lat' dir='ltr'><strong>Rationale</strong></span> <span class='ocrx_word' id='word_1_143' title='bbox 620 1926 692 2008; x_wconf 92' lang='lat' dir='ltr'><strong>ejus</strong></span> <span class='ocrx_word' id='word_1_144' title='bbox 722 1927 755 1990; x_wconf 89' lang='lat' dir='ltr'><strong>in</strong></span> <span class='ocrx_word' id='word_1_145' title='bbox 785 1928 928 2009; x_wconf 92' lang='lat' dir='ltr'><strong>optione</strong></span> <span class='ocrx_word' id='word_1_146' title='bbox 950 1937 987 1991; x_wconf 89' lang='lat' dir='ltr'><strong>et</strong></span> <span class='ocrx_word' id='word_1_147' title='bbox 1011 1925 1185 1995; x_wconf 66' lang='lat' dir='ltr'><strong>eleitione</strong></span> <span class='ocrx_word' id='word_1_148' title='bbox 1207 1943 1262 1995; x_wconf 90' lang='lat' dir='ltr'><strong>est</strong></span> 
     </span>
     <span class='ocr_line' id='line_1_17' title="bbox 138 2019 1260 2104; baseline 0.006 -22"><span class='ocrx_word' id='word_1_149' title='bbox 138 2039 218 2083; x_wconf 92' lang='lat' dir='ltr'><strong>num</strong></span> <span class='ocrx_word' id='word_1_150' title='bbox 251 2019 336 2084; x_wconf 90' lang='lat' dir='ltr'><strong>velit</strong></span> <span class='ocrx_word' id='word_1_151' title='bbox 369 2021 520 2103; x_wconf 90' lang='lat' dir='ltr'><strong>recipere</strong></span> <span class='ocrx_word' id='word_1_152' title='bbox 542 2021 681 2095; x_wconf 88' lang='lat' dir='ltr'><strong>bonum,</strong></span> <span class='ocrx_word' id='word_1_153' title='bbox 705 2022 776 2084; x_wconf 89' lang='lat' dir='ltr'><strong>sive</strong></span> <span class='ocrx_word' id='word_1_154' title='bbox 809 2021 895 2086; x_wconf 92' lang='lat' dir='ltr'><strong>velit</strong></span> <span class='ocrx_word' id='word_1_155' title='bbox 924 2022 1077 2104; x_wconf 90' lang='lat' dir='ltr'><strong>recipere</strong></span> <span class='ocrx_word' id='word_1_156' title='bbox 1107 2025 1260 2102; x_wconf 86' lang='lat' dir='ltr'><strong>malum;</strong></span> 
     </span>
     <span class='ocr_line' id='line_1_18' title="bbox 136 2114 1259 2199; baseline 0.006 -23"><span class='ocrx_word' id='word_1_157' title='bbox 136 2114 280 2196; x_wconf 86' lang='lat' dir='ltr'><strong>proinde</strong></span> <span class='ocrx_word' id='word_1_158' title='bbox 303 2115 375 2178; x_wconf 91' lang='lat' dir='ltr'><strong>sive</strong></span> <span class='ocrx_word' id='word_1_159' title='bbox 397 2114 481 2178; x_wconf 91' lang='lat' dir='ltr'><strong>velit</strong></span> <span class='ocrx_word' id='word_1_160' title='bbox 505 2114 721 2179; x_wconf 89' lang='lat' dir='ltr'><strong>rationaliter</strong></span> <span class='ocrx_word' id='word_1_161' title='bbox 743 2136 788 2178; x_wconf 88' lang='lat' dir='ltr'><strong>ex</strong></span> <span class='ocrx_word' id='word_1_162' title='bbox 815 2115 922 2179; x_wconf 90' lang='lat' dir='ltr'><strong>libero</strong></span> <span class='ocrx_word' id='word_1_163' title='bbox 944 2136 982 2179; x_wconf 89' lang='lat' dir='ltr'><strong>se</strong></span> <span class='ocrx_word' id='word_1_164' title='bbox 1005 2116 1193 2199; x_wconf 84' lang='lat' dir='ltr'><strong>disponere</strong></span> <span class='ocrx_word' id='word_1_165' title='bbox 1216 2120 1259 2183; x_wconf 89' lang='lat' dir='ltr'><strong>ad</strong></span> 
     </span>
     <span class='ocr_line' id='line_1_19' title="bbox 136 2208 1261 2292; baseline 0.005 -20"><span class='ocrx_word' id='word_1_166' title='bbox 136 2227 290 2273; x_wconf 90' lang='lat' dir='ltr'><strong>amorem</strong></span> <span class='ocrx_word' id='word_1_167' title='bbox 312 2208 552 2292; x_wconf 86' lang='lat' dir='ltr'><strong>conjugialem,</strong></span> <span class='ocrx_word' id='word_1_168' title='bbox 575 2211 647 2274; x_wconf 90' lang='lat' dir='ltr'><strong>sive</strong></span> <span class='ocrx_word' id='word_1_169' title='bbox 670 2209 754 2274; x_wconf 90' lang='lat' dir='ltr'><strong>velit</strong></span> <span class='ocrx_word' id='word_1_170' title='bbox 778 2210 992 2274; x_wconf 88' lang='lat' dir='ltr'><strong>rationaliter</strong></span> <span class='ocrx_word' id='word_1_171' title='bbox 1014 2231 1060 2274; x_wconf 88' lang='lat' dir='ltr'><strong>ex</strong></span> <span class='ocrx_word' id='word_1_172' title='bbox 1088 2210 1201 2277; x_wconf 93' lang='lat' dir='ltr'><strong>libero</strong></span> <span class='ocrx_word' id='word_1_173' title='bbox 1223 2234 1261 2278; x_wconf 91' lang='lat' dir='ltr'><strong>se</strong></span> 
     </span>
     <span class='ocr_line' id='line_1_20' title="bbox 136 2303 1260 2384; baseline 0.005 -19"><span class='ocrx_word' id='word_1_174' title='bbox 136 2303 319 2384; x_wconf 86' lang='lat' dir='ltr'><strong>disponere</strong></span> <span class='ocrx_word' id='word_1_175' title='bbox 348 2305 392 2367; x_wconf 93' lang='lat' dir='ltr'><strong>ad</strong></span> <span class='ocrx_word' id='word_1_176' title='bbox 422 2323 574 2368; x_wconf 91' lang='lat' dir='ltr'><strong>amorem</strong></span> <span class='ocrx_word' id='word_1_177' title='bbox 597 2306 858 2368; x_wconf 87' lang='lat' dir='ltr'><strong>scortatorium:</strong></span> <span class='ocrx_word' id='word_1_178' title='bbox 892 2305 920 2367; x_wconf 90' lang='lat' dir='ltr'><strong>si</strong></span> <span class='ocrx_word' id='word_1_179' title='bbox 950 2305 994 2368; x_wconf 92' lang='lat' dir='ltr'><strong>ad</strong></span> <span class='ocrx_word' id='word_1_180' title='bbox 1025 2304 1128 2380; x_wconf 83' lang='lat' dir='ltr'><strong>hunc,</strong></span> <span class='ocrx_word' id='word_1_181' title='bbox 1153 2309 1260 2371; x_wconf 89' lang='lat' dir='ltr'><strong>vertit</strong></span> 
     </span>
     <span class='ocr_line' id='line_1_21' title="bbox 135 2397 1259 2480; baseline 0.004 -19"><span class='ocrx_word' id='word_1_182' title='bbox 135 2398 333 2479; x_wconf 86' lang='lat' dir='ltr'><strong>occipitium</strong></span> <span class='ocrx_word' id='word_1_183' title='bbox 343 2407 379 2461; x_wconf 91' lang='lat' dir='ltr'><strong>et</strong></span> <span class='ocrx_word' id='word_1_184' title='bbox 392 2407 528 2480; x_wconf 85' lang='lat' dir='ltr'><strong>tergum</strong></span> <span class='ocrx_word' id='word_1_185' title='bbox 540 2397 583 2460; x_wconf 90' lang='lat' dir='ltr'><strong>ad</strong></span> <span class='ocrx_word' id='word_1_186' title='bbox 597 2398 806 2476; x_wconf 79' lang='lat' dir='ltr'><strong>Dominum-3</strong></span> <span class='ocrx_word' id='word_1_187' title='bbox 826 2399 853 2461; x_wconf 93' lang='lat' dir='ltr'><strong>si</strong></span> <span class='ocrx_word' id='word_1_188' title='bbox 866 2398 909 2462; x_wconf 91' lang='lat' dir='ltr'><strong>ad</strong></span> <span class='ocrx_word' id='word_1_189' title='bbox 923 2398 1032 2473; x_wconf 86' lang='lat' dir='ltr'><strong>illum,</strong></span> <span class='ocrx_word' id='word_1_190' title='bbox 1045 2401 1154 2464; x_wconf 90' lang='lat' dir='ltr'><strong>vertit</strong></span> <span class='ocrx_word' id='word_1_191' title='bbox 1167 2401 1259 2465; x_wconf 83' lang='lat' dir='ltr'><strong>iron-</strong></span> 
     </span>
     <span class='ocr_line' id='line_1_22' title="bbox 136 2489 1257 2572; baseline 0.004 -18"><span class='ocrx_word' id='word_1_192' title='bbox 136 2491 306 2572; x_wconf 89' lang='lat' dir='ltr'><strong>tispicium</strong></span> <span class='ocrx_word' id='word_1_193' title='bbox 323 2501 359 2555; x_wconf 92' lang='lat' dir='ltr'><strong>et</strong></span> <span class='ocrx_word' id='word_1_194' title='bbox 376 2489 495 2572; x_wconf 72' lang='lat' dir='ltr'><strong>pedius</strong></span> <span class='ocrx_word' id='word_1_195' title='bbox 510 2492 553 2555; x_wconf 93' lang='lat' dir='ltr'><strong>ad</strong></span> <span class='ocrx_word' id='word_1_196' title='bbox 572 2492 777 2569; x_wconf 78' lang='lat' dir='ltr'><strong>Dominum3</strong></span> <span class='ocrx_word' id='word_1_197' title='bbox 801 2494 829 2555; x_wconf 92' lang='lat' dir='ltr'><strong>si</strong></span> <span class='ocrx_word' id='word_1_198' title='bbox 845 2493 889 2555; x_wconf 93' lang='lat' dir='ltr'><strong>ad</strong></span> <span class='ocrx_word' id='word_1_199' title='bbox 906 2492 1104 2569; x_wconf 86' lang='lat' dir='ltr'><strong>Dominum,</strong></span> <span class='ocrx_word' id='word_1_200' title='bbox 1121 2495 1257 2559; x_wconf 89' lang='lat' dir='ltr'><strong>ducitur</strong></span> 
     </span>
     <span class='ocr_line' id='line_1_23' title="bbox 134 2583 1258 2669; baseline 0.004 -19"><span class='ocrx_word' id='word_1_201' title='bbox 134 2583 208 2667; x_wconf 89' lang='lat' dir='ltr'><strong>ejus</strong></span> <span class='ocrx_word' id='word_1_202' title='bbox 229 2587 447 2649; x_wconf 90' lang='lat' dir='ltr'><strong>rationalitas</strong></span> <span class='ocrx_word' id='word_1_203' title='bbox 470 2597 506 2650; x_wconf 91' lang='lat' dir='ltr'><strong>et</strong></span> <span class='ocrx_word' id='word_1_204' title='bbox 536 2586 678 2650; x_wconf 91' lang='lat' dir='ltr'><strong>libertas</strong></span> <span class='ocrx_word' id='word_1_205' title='bbox 705 2587 749 2650; x_wconf 90' lang='lat' dir='ltr'><strong>ab</strong></span> <span class='ocrx_word' id='word_1_206' title='bbox 778 2587 879 2669; x_wconf 88' lang='lat' dir='ltr'><strong>Ipso;</strong></span> <span class='ocrx_word' id='word_1_207' title='bbox 913 2588 941 2651; x_wconf 90' lang='lat' dir='ltr'><strong>si</strong></span> <span class='ocrx_word' id='word_1_208' title='bbox 970 2598 1090 2651; x_wconf 89' lang='lat' dir='ltr'><strong>autem</strong></span> <span class='ocrx_word' id='word_1_209' title='bbox 1113 2599 1209 2654; x_wconf 91' lang='lat' dir='ltr'><strong>retro</strong></span> <span class='ocrx_word' id='word_1_210' title='bbox 1237 2611 1258 2654; x_wconf 93' lang='lat' dir='ltr'><strong>a</strong></span> 
     </span>
     <span class='ocr_line' id='line_1_24' title="bbox 134 2678 1214 2763; baseline 0.004 -19"><span class='ocrx_word' id='word_1_211' title='bbox 134 2678 297 2755; x_wconf 86' lang='lat' dir='ltr'><strong>Domin0,</strong></span> <span class='ocrx_word' id='word_1_212' title='bbox 317 2681 452 2744; x_wconf 91' lang='lat' dir='ltr'><strong>ducitur</strong></span> <span class='ocrx_word' id='word_1_213' title='bbox 470 2680 541 2763; x_wconf 90' lang='lat' dir='ltr'><strong>ejus</strong></span> <span class='ocrx_word' id='word_1_214' title='bbox 560 2680 775 2744; x_wconf 90' lang='lat' dir='ltr'><strong>rationalitas</strong></span> <span class='ocrx_word' id='word_1_215' title='bbox 793 2692 829 2744; x_wconf 90' lang='lat' dir='ltr'><strong>et</strong></span> <span class='ocrx_word' id='word_1_216' title='bbox 848 2681 987 2746; x_wconf 89' lang='lat' dir='ltr'><strong>libertas</strong></span> <span class='ocrx_word' id='word_1_217' title='bbox 1006 2682 1051 2745; x_wconf 90' lang='lat' dir='ltr'><strong>ab</strong></span> <span class='ocrx_word' id='word_1_218' title='bbox 1068 2684 1214 2748; x_wconf 79' lang='lat' dir='ltr'><strong>inferno.</strong></span> 
     </span>
    </p>

    <p class='ocr_par' dir='ltr' id='par_1_4' title="bbox 128 2774 1257 4184">
     <span class='ocr_line' id='line_1_25' title="bbox 196 2774 1257 2862; baseline 0.001 -20"><span class='ocrx_word' id='word_1_219' title='bbox 196 2778 298 2859; x_wconf 84' lang='grc'><strong>438.</strong></span> <span class='ocrx_word' id='word_1_220' title='bbox 322 2774 424 2858; x_wconf 89' lang='lat' dir='ltr'><strong>(xiii.)</strong></span> <span class='ocrx_word' id='word_1_221' title='bbox 451 2776 548 2855; x_wconf 84' lang='lat' dir='ltr'><strong>Quod</strong></span> <span class='ocrx_word' id='word_1_222' title='bbox 565 2776 659 2840; x_wconf 80' lang='lat' dir='ltr'><strong>homo</strong></span> <span class='ocrx_word' id='word_1_223' title='bbox 681 2797 717 2839; x_wconf 81' lang='lat' dir='ltr'><strong>se</strong></span> <span class='ocrx_word' id='word_1_224' title='bbox 741 2788 928 2840; x_wconf 79' lang='lat' dir='ltr'><strong>convertere</strong></span> <span class='ocrx_word' id='word_1_225' title='bbox 943 2778 1056 2858; x_wconf 82' lang='lat' dir='ltr'><strong>possit</strong></span> <span class='ocrx_word' id='word_1_226' title='bbox 1081 2778 1133 2842; x_wconf 86' lang='lat' dir='ltr'><strong>ad</strong></span> <span class='ocrx_word' id='word_1_227' title='bbox 1155 2799 1257 2862; x_wconf 83' lang='lat' dir='ltr'><strong>quam</strong></span> 
     </span>
     <span class='ocr_line' id='line_1_26' title="bbox 132 2868 1253 2954; baseline 0.002 -20"><span class='ocrx_word' id='word_1_228' title='bbox 132 2868 313 2950; x_wconf 74' lang='lat' dir='ltr'><strong>sphaeram</strong></span> <span class='ocrx_word' id='word_1_229' title='bbox 336 2870 422 2946; x_wconf 81' lang='lat' dir='ltr'><strong>libet,</strong></span> <span class='ocrx_word' id='word_1_230' title='bbox 447 2871 510 2934; x_wconf 81' lang='lat' dir='ltr'><strong>sed</strong></span> <span class='ocrx_word' id='word_1_231' title='bbox 528 2871 618 2954; x_wconf 81' lang='lat' dir='ltr'><strong>quod</strong></span> <span class='ocrx_word' id='word_1_232' title='bbox 636 2881 794 2953; x_wconf 81' lang='lat' dir='ltr'><strong>quantum</strong></span> <span class='ocrx_word' id='word_1_233' title='bbox 823 2893 859 2934; x_wconf 86' lang='lat' dir='ltr'><strong>se</strong></span> <span class='ocrx_word' id='word_1_234' title='bbox 885 2872 1045 2935; x_wconf 80' lang='lat' dir='ltr'><strong>convertit</strong></span> <span class='ocrx_word' id='word_1_235' title='bbox 1066 2872 1117 2936; x_wconf 83' lang='lat' dir='ltr'><strong>ad</strong></span> <span class='ocrx_word' id='word_1_236' title='bbox 1138 2894 1253 2949; x_wconf 79' lang='lat' dir='ltr'><strong>anam,</strong></span> 
     </span>
     <span class='ocr_line' id='line_1_27' title="bbox 133 2966 1254 3042; baseline 0.004 -13"><span class='ocrx_word' id='word_1_237' title='bbox 133 2975 264 3029; x_wconf 81' lang='lat' dir='ltr'><strong>tantum</strong></span> <span class='ocrx_word' id='word_1_238' title='bbox 285 2977 420 3030; x_wconf 81' lang='lat' dir='ltr'><strong>avertat</strong></span> <span class='ocrx_word' id='word_1_239' title='bbox 447 2988 483 3030; x_wconf 86' lang='lat' dir='ltr'><strong>se</strong></span> <span class='ocrx_word' id='word_1_240' title='bbox 510 2966 552 3030; x_wconf 87' lang='lat' dir='ltr'><strong>ab</strong></span> <span class='ocrx_word' id='word_1_241' title='bbox 574 2966 858 3030; x_wconf 72' lang='lat' dir='ltr'><strong>altera—Homo</strong></span> <span class='ocrx_word' id='word_1_242' title='bbox 880 2977 1017 3031; x_wconf 88' lang='lat' dir='ltr'><strong>creatus</strong></span> <span class='ocrx_word' id='word_1_243' title='bbox 1046 2977 1114 3042; x_wconf 86' lang='lat' dir='ltr'><strong>est,</strong></span> <span class='ocrx_word' id='word_1_244' title='bbox 1138 2979 1179 3034; x_wconf 93' lang='lat' dir='ltr'><strong>ut</strong></span> <span class='ocrx_word' id='word_1_245' title='bbox 1209 2991 1254 3034; x_wconf 87' lang='lat' dir='ltr'><strong>ex</strong></span> 
     </span>
     <span class='ocr_line' id='line_1_28' title="bbox 133 3060 1253 3147; baseline 0.004 -24"><span class='ocrx_word' id='word_1_246' title='bbox 133 3060 241 3125; x_wconf 91' lang='lat' dir='ltr'><strong>libero</strong></span> <span class='ocrx_word' id='word_1_247' title='bbox 257 3063 442 3125; x_wconf 89' lang='lat' dir='ltr'><strong>secundum</strong></span> <span class='ocrx_word' id='word_1_248' title='bbox 455 3063 634 3137; x_wconf 84' lang='lat' dir='ltr'><strong>rationem,</strong></span> <span class='ocrx_word' id='word_1_249' title='bbox 649 3082 689 3125; x_wconf 92' lang='lat' dir='ltr'><strong>ac</strong></span> <span class='ocrx_word' id='word_1_250' title='bbox 708 3083 843 3144; x_wconf 88' lang='lat' dir='ltr'><strong>prorsus</strong></span> <span class='ocrx_word' id='word_1_251' title='bbox 856 3063 943 3126; x_wconf 91' lang='lat' dir='ltr'><strong>sicut</strong></span> <span class='ocrx_word' id='word_1_252' title='bbox 959 3082 980 3125; x_wconf 93' lang='lat' dir='ltr'><strong>a</strong></span> <span class='ocrx_word' id='word_1_253' title='bbox 995 3083 1044 3137; x_wconf 82' lang='lat' dir='ltr'><strong>se,</strong></span> <span class='ocrx_word' id='word_1_254' title='bbox 1058 3073 1143 3144; x_wconf 85' lang='lat' dir='ltr'><strong>agat</strong></span> <span class='ocrx_word' id='word_1_255' title='bbox 1161 3064 1253 3147; x_wconf 90' lang='lat' dir='ltr'><strong>quod</strong></span> 
     </span>
     <span class='ocr_line' id='line_1_29' title="bbox 132 3156 1252 3239; baseline 0.001 -19"><span class='ocrx_word' id='word_1_256' title='bbox 132 3158 227 3238; x_wconf 82' lang='lat' dir='ltr'><strong>agit;</strong></span> <span class='ocrx_word' id='word_1_257' title='bbox 249 3156 377 3239; x_wconf 89' lang='lat' dir='ltr'><strong>absque</strong></span> <span class='ocrx_word' id='word_1_258' title='bbox 396 3156 449 3220; x_wconf 90' lang='lat' dir='ltr'><strong>his</strong></span> <span class='ocrx_word' id='word_1_259' title='bbox 468 3158 599 3220; x_wconf 91' lang='lat' dir='ltr'><strong>duobus</strong></span> <span class='ocrx_word' id='word_1_260' title='bbox 619 3176 686 3219; x_wconf 91' lang='lat' dir='ltr'><strong>non</strong></span> <span class='ocrx_word' id='word_1_261' title='bbox 704 3157 793 3221; x_wconf 87' lang='lat' dir='ltr'><strong>soret</strong></span> <span class='ocrx_word' id='word_1_262' title='bbox 810 3156 926 3231; x_wconf 87' lang='lat' dir='ltr'><strong>homo,</strong></span> <span class='ocrx_word' id='word_1_263' title='bbox 943 3157 1003 3220; x_wconf 93' lang='lat' dir='ltr'><strong>sed</strong></span> <span class='ocrx_word' id='word_1_264' title='bbox 1023 3156 1157 3221; x_wconf 86' lang='lat' dir='ltr'><strong>bestia:</strong></span> <span class='ocrx_word' id='word_1_265' title='bbox 1184 3178 1252 3221; x_wconf 93' lang='lat' dir='ltr'><strong>non</strong></span> 
     </span>
     <span class='ocr_line' id='line_1_30' title="bbox 131 3250 1252 3334; baseline 0 -21"><span class='ocrx_word' id='word_1_266' title='bbox 131 3252 223 3314; x_wconf 89' lang='lat' dir='ltr'><strong>enim</strong></span> <span class='ocrx_word' id='word_1_267' title='bbox 246 3252 413 3332; x_wconf 87' lang='lat' dir='ltr'><strong>reciperet</strong></span> <span class='ocrx_word' id='word_1_268' title='bbox 437 3250 564 3334; x_wconf 92' lang='lat' dir='ltr'><strong>aliquid</strong></span> <span class='ocrx_word' id='word_1_269' title='bbox 587 3250 726 3314; x_wconf 88' lang='lat' dir='ltr'><strong>influum</strong></span> <span class='ocrx_word' id='word_1_270' title='bbox 755 3272 774 3313; x_wconf 97' lang='lat' dir='ltr'><strong>e</strong></span> <span class='ocrx_word' id='word_1_271' title='bbox 806 3251 904 3314; x_wconf 87' lang='lat' dir='ltr'><strong>caelo</strong></span> <span class='ocrx_word' id='word_1_272' title='bbox 927 3252 970 3315; x_wconf 94' lang='lat' dir='ltr'><strong>ad</strong></span> <span class='ocrx_word' id='word_1_273' title='bbox 993 3271 1041 3325; x_wconf 85' lang='lat' dir='ltr'><strong>se,</strong></span> <span class='ocrx_word' id='word_1_274' title='bbox 1065 3271 1107 3315; x_wconf 91' lang='lat' dir='ltr'><strong>ac</strong></span> <span class='ocrx_word' id='word_1_275' title='bbox 1131 3252 1165 3315; x_wconf 93' lang='lat' dir='ltr'><strong>id</strong></span> <span class='ocrx_word' id='word_1_276' title='bbox 1190 3252 1252 3314; x_wconf 94' lang='lat' dir='ltr'><strong>sibi</strong></span> 
     </span>
     <span class='ocr_line' id='line_1_31' title="bbox 131 3346 1252 3429; baseline -0.001 -20"><span class='ocrx_word' id='word_1_277' title='bbox 131 3347 369 3428; x_wconf 86' lang='lat' dir='ltr'><strong>appropriaret</strong></span> <span class='ocrx_word' id='word_1_278' title='bbox 388 3356 424 3408; x_wconf 92' lang='lat' dir='ltr'><strong>ut</strong></span> <span class='ocrx_word' id='word_1_279' title='bbox 444 3365 551 3419; x_wconf 87' lang='lat' dir='ltr'><strong>suum,</strong></span> <span class='ocrx_word' id='word_1_280' title='bbox 572 3356 607 3409; x_wconf 90' lang='lat' dir='ltr'><strong>et</strong></span> <span class='ocrx_word' id='word_1_281' title='bbox 626 3346 706 3408; x_wconf 90' lang='lat' dir='ltr'><strong>inde</strong></span> <span class='ocrx_word' id='word_1_282' title='bbox 725 3365 792 3408; x_wconf 91' lang='lat' dir='ltr'><strong>non</strong></span> <span class='ocrx_word' id='word_1_283' title='bbox 813 3356 930 3428; x_wconf 90' lang='lat' dir='ltr'><strong>posset</strong></span> <span class='ocrx_word' id='word_1_284' title='bbox 953 3347 985 3410; x_wconf 92' lang='lat' dir='ltr'><strong>ei</strong></span> <span class='ocrx_word' id='word_1_285' title='bbox 1007 3346 1137 3429; x_wconf 89' lang='lat' dir='ltr'><strong>aliquid</strong></span> <span class='ocrx_word' id='word_1_286' title='bbox 1158 3347 1252 3410; x_wconf 88' lang='lat' dir='ltr'><strong>vitae</strong></span> 
     </span>
     <span class='ocr_line' id='line_1_32' title="bbox 130 3438 1252 3522; baseline -0.001 -19"><span class='ocrx_word' id='word_1_287' title='bbox 130 3451 294 3503; x_wconf 90' lang='lat' dir='ltr'><strong>aeternae</strong></span> <span class='ocrx_word' id='word_1_288' title='bbox 313 3440 469 3518; x_wconf 88' lang='lat' dir='ltr'><strong>inscribi;</strong></span> <span class='ocrx_word' id='word_1_289' title='bbox 493 3438 558 3503; x_wconf 90' lang='lat' dir='ltr'><strong>hoc</strong></span> <span class='ocrx_word' id='word_1_290' title='bbox 579 3440 669 3503; x_wconf 87' lang='lat' dir='ltr'><strong>enim</strong></span> <span class='ocrx_word' id='word_1_291' title='bbox 689 3442 752 3504; x_wconf 89' lang='lat' dir='ltr'><strong>erit</strong></span> <span class='ocrx_word' id='word_1_292' title='bbox 773 3440 803 3504; x_wconf 94' lang='lat' dir='ltr'><strong>ei</strong></span> <span class='ocrx_word' id='word_1_293' title='bbox 826 3439 1026 3521; x_wconf 91' lang='lat' dir='ltr'><strong>inscriptum</strong></span> <span class='ocrx_word' id='word_1_294' title='bbox 1047 3448 1083 3503; x_wconf 91' lang='lat' dir='ltr'><strong>ut</strong></span> <span class='ocrx_word' id='word_1_295' title='bbox 1106 3439 1191 3522; x_wconf 88' lang='lat' dir='ltr'><strong>ejus,</strong></span> <span class='ocrx_word' id='word_1_296' title='bbox 1212 3449 1252 3503; x_wconf 89' lang='lat' dir='ltr'><strong>ut</strong></span> 
     </span>
     <span class='ocr_line' id='line_1_33' title="bbox 130 3533 1250 3617; baseline -0.001 -19"><span class='ocrx_word' id='word_1_297' title='bbox 130 3535 176 3599; x_wconf 92' lang='lat' dir='ltr'><strong>sit</strong></span> <span class='ocrx_word' id='word_1_298' title='bbox 195 3555 298 3611; x_wconf 87' lang='lat' dir='ltr'><strong>suus;</strong></span> <span class='ocrx_word' id='word_1_299' title='bbox 322 3545 358 3599; x_wconf 92' lang='lat' dir='ltr'><strong>et</strong></span> <span class='ocrx_word' id='word_1_300' title='bbox 377 3535 454 3617; x_wconf 90' lang='lat' dir='ltr'><strong>quia</strong></span> <span class='ocrx_word' id='word_1_301' title='bbox 474 3553 543 3597; x_wconf 91' lang='lat' dir='ltr'><strong>non</strong></span> <span class='ocrx_word' id='word_1_302' title='bbox 558 3535 659 3597; x_wconf 92' lang='lat' dir='ltr'><strong>datur</strong></span> <span class='ocrx_word' id='word_1_303' title='bbox 675 3533 813 3616; x_wconf 91' lang='lat' dir='ltr'><strong>aliquod</strong></span> <span class='ocrx_word' id='word_1_304' title='bbox 831 3533 972 3597; x_wconf 88' lang='lat' dir='ltr'><strong>liberum</strong></span> <span class='ocrx_word' id='word_1_305' title='bbox 989 3534 1032 3597; x_wconf 90' lang='lat' dir='ltr'><strong>ad</strong></span> <span class='ocrx_word' id='word_1_306' title='bbox 1052 3553 1155 3598; x_wconf 91' lang='lat' dir='ltr'><strong>unam</strong></span> <span class='ocrx_word' id='word_1_307' title='bbox 1174 3555 1250 3617; x_wconf 90' lang='lat' dir='ltr'><strong>par·</strong></span> 
     </span>
     <span class='ocr_line' id='line_1_34' title="bbox 130 3626 1252 3703; baseline -0.002 -10"><span class='ocrx_word' id='word_1_308' title='bbox 130 3638 214 3703; x_wconf 87' lang='lat' dir='ltr'><strong>tem,</strong></span> <span class='ocrx_word' id='word_1_309' title='bbox 232 3629 295 3692; x_wconf 91' lang='lat' dir='ltr'><strong>nisi</strong></span> <span class='ocrx_word' id='word_1_310' title='bbox 310 3630 416 3693; x_wconf 90' lang='lat' dir='ltr'><strong>etiam</strong></span> <span class='ocrx_word' id='word_1_311' title='bbox 433 3627 542 3691; x_wconf 90' lang='lat' dir='ltr'><strong>sirnile</strong></span> <span class='ocrx_word' id='word_1_312' title='bbox 558 3630 602 3691; x_wconf 94' lang='lat' dir='ltr'><strong>sit</strong></span> <span class='ocrx_word' id='word_1_313' title='bbox 621 3628 664 3691; x_wconf 93' lang='lat' dir='ltr'><strong>ad</strong></span> <span class='ocrx_word' id='word_1_314' title='bbox 682 3628 838 3702; x_wconf 88' lang='lat' dir='ltr'><strong>alteram,</strong></span> <span class='ocrx_word' id='word_1_315' title='bbox 855 3629 942 3691; x_wconf 92' lang='lat' dir='ltr'><strong>sicut</strong></span> <span class='ocrx_word' id='word_1_316' title='bbox 959 3626 1052 3691; x_wconf 93' lang='lat' dir='ltr'><strong>nulla</strong></span> <span class='ocrx_word' id='word_1_317' title='bbox 1068 3629 1252 3692; x_wconf 90' lang='lat' dir='ltr'><strong>trutinatio</strong></span> 
     </span>
     <span class='ocr_line' id='line_1_35' title="bbox 131 3723 1250 3806; baseline -0.002 -19"><span class='ocrx_word' id='word_1_318' title='bbox 131 3725 195 3787; x_wconf 91' lang='lat' dir='ltr'><strong>nisi</strong></span> <span class='ocrx_word' id='word_1_319' title='bbox 222 3724 339 3787; x_wconf 89' lang='lat' dir='ltr'><strong>lances</strong></span> <span class='ocrx_word' id='word_1_320' title='bbox 368 3744 414 3786; x_wconf 90' lang='lat' dir='ltr'><strong>ex</strong></span> <span class='ocrx_word' id='word_1_321' title='bbox 437 3724 635 3805; x_wconf 89' lang='lat' dir='ltr'><strong>aequilibrio</strong></span> <span class='ocrx_word' id='word_1_322' title='bbox 658 3724 792 3805; x_wconf 87' lang='lat' dir='ltr'><strong>possint</strong></span> <span class='ocrx_word' id='word_1_323' title='bbox 816 3725 972 3806; x_wconf 90' lang='lat' dir='ltr'><strong>utrinque</strong></span> <span class='ocrx_word' id='word_1_324' title='bbox 1001 3723 1176 3805; x_wconf 86' lang='lat' dir='ltr'><strong>protendi,</strong></span> <span class='ocrx_word' id='word_1_325' title='bbox 1200 3725 1250 3787; x_wconf 90' lang='lat' dir='ltr'><strong>ita</strong></span> 
     </span>
     <span class='ocr_line' id='line_1_36' title="bbox 130 3816 1247 3882; baseline -0.001 -1"><span class='ocrx_word' id='word_1_326' title='bbox 130 3818 194 3881; x_wconf 87' lang='lat' dir='ltr'><strong>nisi</strong></span> <span class='ocrx_word' id='word_1_327' title='bbox 213 3819 354 3882; x_wconf 90' lang='lat' dir='ltr'><strong>liberum</strong></span> <span class='ocrx_word' id='word_1_328' title='bbox 374 3818 419 3881; x_wconf 91' lang='lat' dir='ltr'><strong>sit</strong></span> <span class='ocrx_word' id='word_1_329' title='bbox 438 3818 567 3881; x_wconf 92' lang='lat' dir='ltr'><strong>homini</strong></span> <span class='ocrx_word' id='word_1_330' title='bbox 586 3838 631 3880; x_wconf 90' lang='lat' dir='ltr'><strong>ex</strong></span> <span class='ocrx_word' id='word_1_331' title='bbox 651 3818 784 3880; x_wconf 89' lang='lat' dir='ltr'><strong>ratione</strong></span> <span class='ocrx_word' id='word_1_332' title='bbox 803 3818 908 3881; x_wconf 91' lang='lat' dir='ltr'><strong>etiam</strong></span> <span class='ocrx_word' id='word_1_333' title='bbox 928 3816 1093 3880; x_wconf 90' lang='lat' dir='ltr'><strong>accedere</strong></span> <span class='ocrx_word' id='word_1_334' title='bbox 1112 3817 1156 3880; x_wconf 91' lang='lat' dir='ltr'><strong>ad</strong></span> <span class='ocrx_word' id='word_1_335' title='bbox 1176 3837 1247 3880; x_wconf 90' lang='lat' dir='ltr'><strong>ma·</strong></span> 
     </span>
     <span class='ocr_line' id='line_1_37' title="bbox 130 3910 1246 3986; baseline -0.002 -10"><span class='ocrx_word' id='word_1_336' title='bbox 130 3910 211 3986; x_wconf 89' lang='lat' dir='ltr'><strong>lum,</strong></span> <span class='ocrx_word' id='word_1_337' title='bbox 231 3913 279 3976; x_wconf 91' lang='lat' dir='ltr'><strong>sic</strong></span> <span class='ocrx_word' id='word_1_338' title='bbox 299 3933 319 3975; x_wconf 90' lang='lat' dir='ltr'><strong>a</strong></span> <span class='ocrx_word' id='word_1_339' title='bbox 337 3913 465 3976; x_wconf 91' lang='lat' dir='ltr'><strong>dextro</strong></span> <span class='ocrx_word' id='word_1_340' title='bbox 483 3912 527 3975; x_wconf 93' lang='lat' dir='ltr'><strong>ad</strong></span> <span class='ocrx_word' id='word_1_341' title='bbox 546 3913 720 3976; x_wconf 88' lang='lat' dir='ltr'><strong>sinistrum</strong></span> <span class='ocrx_word' id='word_1_342' title='bbox 740 3922 776 3975; x_wconf 90' lang='lat' dir='ltr'><strong>et</strong></span> <span class='ocrx_word' id='word_1_343' title='bbox 799 3932 819 3975; x_wconf 94' lang='lat' dir='ltr'><strong>a</strong></span> <span class='ocrx_word' id='word_1_344' title='bbox 842 3912 981 3975; x_wconf 90' lang='lat' dir='ltr'><strong>sinistro</strong></span> <span class='ocrx_word' id='word_1_345' title='bbox 999 3910 1045 3974; x_wconf 92' lang='lat' dir='ltr'><strong>ad</strong></span> <span class='ocrx_word' id='word_1_346' title='bbox 1068 3912 1246 3983; x_wconf 78' lang='lat' dir='ltr'><strong>dextrum,</strong></span> 
     </span>
     <span class='ocr_line' id='line_1_38' title="bbox 128 4004 1246 4089; baseline -0.001 -18"><span class='ocrx_word' id='word_1_347' title='bbox 128 4006 287 4072; x_wconf 87' lang='lat' dir='ltr'><strong>similiter</strong></span> <span class='ocrx_word' id='word_1_348' title='bbox 305 4007 348 4070; x_wconf 90' lang='lat' dir='ltr'><strong>ad</strong></span> <span class='ocrx_word' id='word_1_349' title='bbox 367 4007 547 4089; x_wconf 87' lang='lat' dir='ltr'><strong>sphaeram</strong></span> <span class='ocrx_word' id='word_1_350' title='bbox 567 4006 778 4081; x_wconf 79' lang='lat' dir='ltr'><strong>infernalem,</strong></span> <span class='ocrx_word' id='word_1_351' title='bbox 799 4015 958 4089; x_wconf 89' lang='lat' dir='ltr'><strong>quaeest</strong></span> <span class='ocrx_word' id='word_1_352' title='bbox 981 4004 1129 4088; x_wconf 88' lang='lat' dir='ltr'><strong>sphaera</strong></span> <span class='ocrx_word' id='word_1_353' title='bbox 1148 4007 1246 4070; x_wconf 90' lang='lat' dir='ltr'><strong>adul·</strong></span> 
     </span>
     <span class='ocr_line' id='line_1_39' title="bbox 129 4099 1148 4184; baseline -0.002 -18"><span class='ocrx_word' id='word_1_354' title='bbox 129 4102 216 4177; x_wconf 83' lang='lat' dir='ltr'><strong>terii,</strong></span> <span class='ocrx_word' id='word_1_355' title='bbox 233 4102 321 4166; x_wconf 90' lang='lat' dir='ltr'><strong>sicut</strong></span> <span class='ocrx_word' id='word_1_356' title='bbox 341 4103 384 4165; x_wconf 90' lang='lat' dir='ltr'><strong>ad</strong></span> <span class='ocrx_word' id='word_1_357' title='bbox 403 4101 583 4184; x_wconf 88' lang='lat' dir='ltr'><strong>sphaeram</strong></span> <span class='ocrx_word' id='word_1_358' title='bbox 603 4100 789 4164; x_wconf 87' lang='lat' dir='ltr'><strong>caelestem</strong></span> <span class='ocrx_word' id='word_1_359' title='bbox 808 4121 896 4182; x_wconf 87' lang='lat' dir='ltr'><strong>quae</strong></span> <span class='ocrx_word' id='word_1_360' title='bbox 914 4109 968 4163; x_wconf 91' lang='lat' dir='ltr'><strong>est</strong></span> <span class='ocrx_word' id='word_1_361' title='bbox 987 4099 1148 4183; x_wconf 87' lang='lat' dir='ltr'><strong>conjugii.</strong></span> 
     </span>
    </p>
   </div>
   <div class='ocr_carea' id='block_1_3' title="bbox 128 4194 1246 4372">
    <p class='ocr_par' dir='ltr' id='par_1_5' title="bbox 128 4194 1246 4372">
     <span class='ocr_line' id='line_1_40' title="bbox 191 4194 1244 4279; baseline -0.004 -19"><span class='ocrx_word' id='word_1_362' title='bbox 191 4210 294 4278; x_wconf 79' lang='grc'><strong>439.</strong></span> <span class='ocrx_word' id='word_1_363' title='bbox 319 4195 419 4279; x_wconf 88' lang='lat' dir='ltr'><strong>(xiv.)</strong></span> <span class='ocrx_word' id='word_1_364' title='bbox 446 4194 542 4274; x_wconf 83' lang='lat' dir='ltr'><strong>Quod</strong></span> <span class='ocrx_word' id='word_1_365' title='bbox 560 4205 700 4277; x_wconf 84' lang='lat' dir='ltr'><strong>utraque</strong></span> <span class='ocrx_word' id='word_1_366' title='bbox 720 4194 868 4274; x_wconf 79' lang='lat' dir='ltr'><strong>sphaera</strong></span> <span class='ocrx_word' id='word_1_367' title='bbox 890 4214 997 4258; x_wconf 80' lang='lat' dir='ltr'><strong>secum</strong></span> <span class='ocrx_word' id='word_1_368' title='bbox 1009 4194 1112 4274; x_wconf 81' lang='lat' dir='ltr'><strong>ferat</strong></span> <span class='ocrx_word' id='word_1_369' title='bbox 1122 4195 1244 4279; x_wconf 86' lang='lat' dir='ltr'><strong>jucun·</strong></span> 
     </span>
     <span class='ocr_line' id='line_1_41' title="bbox 128 4288 1246 4372; baseline -0.001 -19"><span class='ocrx_word' id='word_1_370' title='bbox 128 4288 490 4364; x_wconf 69' lang='lat' dir='ltr'><strong>ditatas-Videlicet,</strong></span> <span class='ocrx_word' id='word_1_371' title='bbox 514 4290 604 4372; x_wconf 92' lang='lat' dir='ltr'><strong>quod</strong></span> <span class='ocrx_word' id='word_1_372' title='bbox 632 4299 703 4352; x_wconf 85' lang='lat' dir='ltr'><strong>tam</strong></span> <span class='ocrx_word' id='word_1_373' title='bbox 731 4288 877 4370; x_wconf 88' lang='lat' dir='ltr'><strong>sphaera</strong></span> <span class='ocrx_word' id='word_1_374' title='bbox 900 4289 1024 4351; x_wconf 88' lang='lat' dir='ltr'><strong>amoris</strong></span> <span class='ocrx_word' id='word_1_375' title='bbox 1048 4290 1246 4354; x_wconf 89' lang='lat' dir='ltr'><strong>scortatorii</strong></span> 
     </span>
    </p>
   </div>
   <div class='ocr_carea' id='block_1_4' title="bbox 128 4383 1243 4468">
    <p class='ocr_par' dir='ltr' id='par_1_6' title="bbox 128 4383 1243 4468">
     <span class='ocr_line' id='line_1_42' title="bbox 128 4383 1243 4468; baseline 0.002 -21"><span class='ocrx_word' id='word_1_376' title='bbox 128 4404 215 4468; x_wconf 89' lang='lat' dir='ltr'><strong>quae</strong></span> <span class='ocrx_word' id='word_1_377' title='bbox 234 4386 390 4448; x_wconf 87' lang='lat' dir='ltr'><strong>ascendit</strong></span> <span class='ocrx_word' id='word_1_378' title='bbox 409 4406 454 4447; x_wconf 88' lang='lat' dir='ltr'><strong>ex</strong></span> <span class='ocrx_word' id='word_1_379' title='bbox 478 4384 619 4460; x_wconf 78' lang='lat' dir='ltr'><strong>inferno,</strong></span> <span class='ocrx_word' id='word_1_380' title='bbox 639 4403 741 4466; x_wconf 90' lang='lat' dir='ltr'><strong>quam</strong></span> <span class='ocrx_word' id='word_1_381' title='bbox 761 4383 905 4466; x_wconf 90' lang='lat' dir='ltr'><strong>sphaera</strong></span> <span class='ocrx_word' id='word_1_382' title='bbox 923 4383 1049 4447; x_wconf 90' lang='lat' dir='ltr'><strong>amoris</strong></span> <span class='ocrx_word' id='word_1_383' title='bbox 1068 4384 1243 4468; x_wconf 85' lang='lat' dir='ltr'><strong>conjugia·</strong></span> 
     </span>
    </p>
   </div>
   <div class='ocr_carea' id='block_1_5' title="bbox 0 0 1396 5026">
    <p class='ocr_par' dir='ltr' id='par_1_7' title="bbox 0 0 1396 5026">
     <span class='ocr_line' id='line_1_43' title="bbox 0 0 1396 5026; baseline 0 4"><span class='ocrx_word' id='word_1_384' title='bbox 0 0 1396 5026; x_wconf 95' lang='lat' dir='ltr'><strong> </strong></span> 
     </span>
    </p>
   </div>
  </div>
 </body>
</html>
