2782 5026
145 459 203 522 182
487 471 671 524 DELlClAE
693 472 924 526 stemnius

141 640 332 704 meretricia
353 640 445 722 apud
474 641 617 705 seminas
641 641 741 715 tales,
765 653 801 706 et
825 644 1033 708 scortatoris
1056 643 1141 727 apud
1164 640 1235 706 nito⁸

140 734 230 799 tales
245 756 252 812 ;
276 744 312 798 et
329 736 406 817 quia
426 734 461 798 hi
480 745 515 798 et
534 735 614 799 illae
632 737 664 798 in
682 737 813 800 inferno
829 747 920 812 sunt,
938 748 993 801 est
1014 739 1100 803 haec
1116 738 1241 821 sphael²

139 829 240 906 inde;
273 830 335 893 sed
365 828 451 893 haec
475 830 622 912 sphaera
645 832 748 894 etiarn
772 831 902 895 multae
925 833 1107 897 varietatis
1134 845 1196 903 est.
1221 821 1248 877 ‘l

139 924 219 988 inde
243 924 356 1006 plures
377 924 449 1006 ejus
472 927 605 1007 species
628 936 719 998 sunt,
739 936 776 989 at
807 927 887 990 talis
914 929 1049 1008 species
1077 921 1254 992 attrahitur

138 1028 174 1082 et
194 1019 406 1083 subtrahitur
424 1039 444 1081 a
462 1021 535 1082 viro
551 1020 662 1101 qualis
679 1021 709 1083 ei
725 1022 897 1102 congruit,
914 1031 950 1085 et
970 1021 1042 1102 ejus
1058 1025 1161 1104 genio
1176 1019 1264 1086 ποθ’

138 1113 253 1178 formis
270 1123 333 1188 est,
350 1124 386 1177 et
402 1116 660 1197 correspondet.
707 1115 763 1178 Ex
780 1116 832 1179 his
846 1127 1008 1179 constare
1024 1128 1156 1200 potest,
1168 1130 1224 1201 qu

137 1211 188 1272 vir
204 1209 260 1291 qui
279 1229 348 1272 non
366 1219 462 1273 amat
478 1229 633 1284 uxorem,
651 1209 831 1292 sphaeram
851 1211 945 1274 illam
962 1211 1102 1276 aliunde
1119 1187 1289 1296 recipi*

137 1323 238 1387 quam
267 1305 311 1368 ab
333 1325 461 1368 uxore:
494 1304 532 1366 fit
555 1325 661 1387 usque
684 1306 775 1387 quod
798 1306 858 1368 illa
881 1308 987 1369 etiam
1011 1308 1196 1390 inspiretur
1233 1272 1293 1354 ”t

137 1420 257 1474 uxore,
278 1401 338 1462 sed
358 1401 430 1463 viro
449 1401 568 1475 inscio,
587 1410 624 1463 et
643 1400 724 1462 dum
743 1399 897 1464 calescit.

199 1497 295 1561 ²26.
322 1493 434 1578 (xvii.)
462 1495 558 1572 Quod
581 1517 677 1558 amor
701 1495 901 1578 conjngthlis
927 1495 1012 1559 dari
1032 1498 1149 1577 possit
1173 1484 1293 1580 ΛΜ

136 1610 237 1653 unrem
250 1611 293 1652 ex
303 1589 506 1673 conjugibus,
520 1599 552 1652 et
566 1610 629 1652 non
641 1588 745 1652 simul
756 1589 852 1669 apud
858 1589 1161 1656 alterum-Unus
1172 1583 1246 1657 eni
1259 1575 1293 1633 ἶ

135 1694 254 1766 potest
267 1705 312 1747 ex
325 1685 428 1747 corde
441 1705 567 1747 vovere
584 1685 647 1747 sibi
664 1683 859 1766 conjugium
875 1696 1021 1759 castum,
1036 1686 1129 1750 alter
1145 1673 1293 1752 autes

135 1797 204 1840 non
218 1779 283 1842 scit
295 1779 374 1861 quid
387 1789 519 1843 castum
532 1801 540 1856 ;
563 1800 648 1842 unus
661 1788 778 1861 potest
792 1798 906 1842 amare
920 1779 978 1842 illa
991 1800 1080 1861 quae
1093 1780 1293 1846 ecclesi?

134 1881 226 1948 sunt,
238 1873 326 1937 alter
338 1884 453 1937 autem
472 1873 531 1936 illa
543 1894 630 1956 quae
644 1874 749 1936 solius
762 1874 879 1936 mundi
892 1895 900 1950 3
917 1894 1002 1937 unus
1016 1887 1136 1957 potest
1151 1880 1293 1960 quot«¹

135 1976 288 2032 mentem
308 1989 383 2032 esse
402 1970 435 2031 in
455 1969 565 2044 caelo,
585 1969 674 2033 alter
692 1969 806 2051 quoad
826 1988 922 2031 suam
945 1971 979 2032 in
999 1971 1159 2048 inferno;
1184 1964 1293 2038 incl*

133 2065 223 2146 apud
241 2083 344 2127 unum
360 2073 477 2146 potest
495 2084 570 2127 esse
586 2083 682 2128 amor
695 2064 908 2145 conjugialis,
923 2075 959 2127 et
977 2084 1046 2128 non
1064 2067 1160 2148 apud
1177 2069 1293 2135 aits·

134 2179 229 2223 rum:
253 2161 374 2223 horum
393 2168 539 2231 mentes,
560 2160 638 2241 quia
657 2160 690 2221 in
711 2161 886 2222 contrario
904 2179 1004 2222 versu
1024 2173 1120 2236 sunt,
1140 2165 1293 2229 intrim⁴

133 2274 231 2319 secus
251 2256 340 2317 inter
359 2274 395 2317 se
415 2253 605 2329 collidunt;
629 2263 665 2317 ct
685 2255 713 2317 si
733 2273 801 2316 non
819 2256 1047 2328 extrinsecus,
1066 2277 1178 2339 usque
1195 2259 1293 2324 illes

133 2350 189 2433 qui
205 2369 273 2413 non
291 2350 324 2411 in
341 2367 457 2411 amore
473 2348 656 2429 conjugiali
672 2357 737 2423 est,
752 2345 887 2429 spectat
902 2360 1109 2414 consortem
1126 2374 1176 2416 ex
1192 2354 1293 2419 soe⁴

132 2444 214 2508 dere
233 2445 322 2507 sicut
340 2443 553 2507 fastidiosam
574 2462 697 2519 anum;
721 2452 757 2506 et
776 2444 823 2505 sic
844 2463 955 2525 porro.

195 2552 286 2620 m.
311 2537 434 2619 (xviii.)
462 2536 559 2614 Quod
576 2537 646 2599 sint
667 2537 786 2599 variae
806 2536 1059 2613 similitudines,
1083 2549 1119 2603 et
1140 2542 1280 2607 variat

77 2666 80 2671 ·
131 2632 434 2705 dissimilitudines,
455 2641 524 2695 tom
547 2632 697 2693 internae
718 2652 817 2712 quam
839 2642 1003 2706 externae,
1029 2636 1129 2713 apud
1150 2639 1264 2719 corpu·

127 2726 376 2811 ges-Notum
399 2736 465 2799 est,
489 2727 580 2808 quod
604 2728 695 2788 inter
717 2726 883 2806 conjuges
907 2729 976 2790 sint
1000 2729 1261 2802 similitudines,

130 2831 168 2885 ct
187 2821 276 2904 quod
296 2822 364 2883 sint
384 2821 691 2894 dissimilitudines,
709 2830 744 2884 et
761 2822 852 2903 quod
869 2831 1034 2885 externae
1051 2836 1254 2905 appareant,

131 2936 199 2979 non
216 2926 332 2979 autem
349 2917 515 2991 internae,
534 2917 597 2978 nisi
617 2926 695 2998 post
714 2926 871 2998 tempora
885 2916 1160 2982 cohabitationis
1179 2923 1255 3003 ipsis

131 3009 343 3091 conjugibus,
360 3019 395 3073 et
413 3031 473 3093 per
489 3011 614 3073 indicia
632 3011 729 3074 aliis:
754 3020 790 3074 at
811 3030 1011 3075 enumerare
1028 3022 1197 3097 utrasque
1215 3015 1254 3079 ad

130 3106 380 3186 cognitionem,
404 3125 528 3168 vanum
553 3116 618 3179 est,
643 3107 721 3187 quia
744 3106 858 3188 plures
882 3107 1029 3188 paginae
1053 3112 1253 3173 recensione

130 3209 167 3263 et
190 3200 421 3282 descriptione
440 3201 643 3263 varietatum
664 3200 842 3282 adimpleri
865 3211 1029 3283 possunt:
1058 3203 1253 3268 similitudi·

131 3316 192 3360 nes
215 3296 327 3378 quoad
350 3305 485 3377 partem
508 3304 653 3376 possunt
677 3315 722 3357 ex
746 3295 1090 3370 dissimilitudinibus,
1114 3310 1254 3382 propter

130 3411 215 3473 quas
231 3408 327 3454 amor
342 3389 545 3471 conjugialis
562 3390 633 3452 abit
649 3390 683 3451 in
699 3389 816 3470 frigus,
834 3390 877 3451 de
894 3390 1014 3472 quibus
1033 3392 1067 3457 in
1085 3403 1253 3474 sequente

129 3488 254 3568 capite,
273 3485 395 3549 deduci
413 3495 449 3548 et
468 3484 636 3547 concludi.
683 3483 929 3547 Similitudines
948 3494 983 3548 et
1003 3486 1254 3552 dissimilitudi-

130 3600 191 3644 nes
214 3579 248 3642 in
271 3599 399 3660 genere
423 3580 552 3642 ducunt
576 3589 688 3641 ortum
712 3599 757 3641 ex
782 3579 1061 3643 inclinationibus
1080 3584 1253 3658 connatis,

129 3695 190 3758 per
205 3675 439 3751 educationes,
457 3673 632 3737 consortia
650 3683 686 3737 et
705 3672 855 3736 imbutas
871 3675 1124 3755 persuasiones,
1141 3678 1254 3741 varia·

129 3783 185 3832 tls.

192 3864 286 3929 228.
310 3859 414 3945 (xix.)
442 3861 539 3940 Quod
549 3862 668 3925 variae
682 3860 918 3926 similitudines
929 3862 1064 3943 possint
1073 3865 1254 3948 conjitngi,·

129 3956 193 4022 sed
209 3977 272 4019 non
289 3977 362 4019 cum
379 3955 968 4020 dissimilitudinibus.-Varietates
986 3957 1253 4023 similitudinum

128 4061 210 4115 sunt
229 4050 432 4135 permultae,
453 4071 493 4114 ac
513 4052 646 4114 distant
666 4050 742 4134 plus
761 4061 797 4114 et
821 4053 952 4129 minus;
983 4061 1020 4116 at
1043 4072 1152 4135 usque
1172 4053 1254 4118 illae

128 4167 217 4228 quae
235 4147 377 4220 distant,
397 4155 542 4227 possunt
564 4156 722 4228 tempore
742 4144 901 4227 conjungi
924 4164 986 4229 per
1006 4147 1113 4223 varia,
1134 4148 1253 4232 impri-

129 4242 193 4304 mis
212 4262 271 4323 per
290 4242 630 4305 accommodationes
649 4241 692 4303 ad
712 4241 891 4316 desideria,
908 4261 969 4323 per
987 4240 1100 4304 officia
1120 4253 1252 4318 mutua,

130 4357 190 4418 per
213 4337 408 4411 civilitates,
433 4357 493 4418 per
516 4336 744 4399 abstinentias
766 4336 811 4400 ab
832 4338 984 4410 incastis,
1009 4356 1071 4418 per
1094 4357 1252 4402 commu·

130 4449 208 4495 nem
238 4450 389 4495 amorem
418 4431 597 4506 infantum,
629 4439 664 4496 et
698 4451 814 4495 curam
845 4432 1049 4495 liberorum:
1084 4433 1253 4516 imprimis
