2782 5026
369 474 420 524 ms
443 473 578 524 anons
601 472 918 539 conmotam-n.
941 472 1011 540 315.
1185 472 1246 540 245

108 656 213 728 315.
244 643 314 709 His
335 644 492 728 adjiciam
512 644 580 708 duo
599 643 848 709 Memorabilia.
893 643 1041 707 Primum
1059 643 1194 706 hoc:-

170 776 342 851 Quondam
359 794 420 832 non
437 777 540 849 procul
556 794 637 833 ame
652 777 715 832 vidi
731 787 902 839 meteoron;
920 776 982 831 vidi
998 777 1108 831 nubem
1122 776 1248 832 divisam

108 857 141 912 iri
164 858 346 921 nubeculas,
363 874 488 928 quarum
507 858 625 929 aliquae
640 858 802 919 caeruleae,
816 868 847 911 et
861 857 980 928 aliquae
994 871 1121 927 opacae;
1141 866 1172 910 et
1187 857 1248 911 vidi

108 937 183 992 llas
206 938 288 991 inter
305 953 340 992 se
357 938 443 1008 quasi
463 938 658 1000 collidentes;
683 937 758 991 radii
778 936 907 991 striatim
927 935 1163 990 transmicabant
1176 935 1249 994 illas.

108 1018 163 1087 qui
190 1032 275 1071 nunc
295 1016 354 1072 visi
376 1027 448 1072 sunt
466 1018 547 1071 acuti
566 1017 644 1072 sicut
663 1032 831 1078 mucrones,
847 1030 928 1070 nunc
946 1015 1047 1070 obtusi
1066 1014 1145 1069 sicut
1162 1031 1250 1069 enses

108 1094 222 1157 'radin
242 1095 334 1150 striae
348 1097 416 1150 illae
429 1113 509 1150 nunc
521 1098 719 1151 excurrebant
732 1096 860 1156 obviam,
874 1110 954 1149 nunc
968 1094 1159 1149 retrahebant
1171 1110 1203 1148 se
1219 1095 1248 1147 in

108 1191 147 1238 te,
165 1175 266 1246 plane
279 1175 358 1230 sicut
371 1175 502 1247 pugiles:
523 1175 564 1229 ita
573 1175 801 1230 diversicolores
812 1175 879 1229 illae
889 1174 1055 1229 nubeculae
1065 1174 1250 1244 apparebant

108 1254 203 1326 quasi
219 1254 302 1309 inter
313 1270 346 1310 se
359 1255 546 1316 dimicarent,
556 1255 608 1309 sed
622 1255 774 1309 ludebant.
814 1253 852 1309 Et
861 1254 933 1324 quia
946 1253 1004 1308 hoc
1018 1263 1174 1308 meteoron
1188 1269 1248 1307 non

108 1334 225 1389 >rocul
250 1350 270 1388 a
290 1350 338 1388 me
359 1334 457 1388 visum
477 1344 532 1396 est,
553 1334 660 1388 sustuli
682 1335 796 1396 oculos,
818 1349 853 1387 ac
876 1333 992 1387 intendi
1012 1333 1117 1395 aciem,
1135 1342 1167 1386 et
1187 1332 1250 1386 vidi

108 1429 240 1476 suetos,
255 1413 381 1484 juvenes
394 1423 425 1467 et
437 1429 524 1468 senes
537 1412 683 1468 intrantes
696 1413 726 1467 in
740 1414 874 1474 domum,
884 1428 961 1483 quae
975 1423 1040 1467 erat
1052 1409 1203 1467 exstrudla
1213 1427 1250 1465 ex

108 1508 281 1554 narmore,
296 1502 328 1547 et
345 1491 516 1548 substrudia
534 1509 571 1547 ex
590 1492 780 1564 porphyrite:
799 1508 889 1563 super
907 1492 964 1546 hac
982 1492 1075 1545 domo
1093 1502 1156 1546 erat
1175 1491 1249 1545 illud

108 1573 365 1628 ihaenomenon.
407 1571 445 1627 Et
467 1582 540 1627 tunc
562 1588 655 1625 unum
674 1588 711 1626 ex
730 1572 912 1627 intrantibus
936 1571 1085 1626 allocutus
1106 1570 1250 1642 quaesivi,

108 1662 113 1684 ¹
164 1652 229 1707 uid
245 1650 327 1707 ibii''

124 1652 214 1787 QEt
233 1729 401 1801 respondit,
415 1729 494 1786 “Est
511 1731 708 1803 gymnasium,
724 1731 775 1784 ubi
794 1731 919 1801 juvenes
940 1729 1098 1786 initiantur
1118 1729 1148 1784 in
1166 1730 1249 1785 varia

108 1828 196 1886 quae
210 1810 380 1881 sapientiae
393 1810 491 1866 sunt.”

164 1889 248 1945 Hoc
263 1890 377 1951 audito,
392 1889 499 1945 intravi
518 1907 586 1945 cum
604 1890 678 1953 illis;
696 1905 777 1944 eram
795 1890 825 1943 in
841 1889 958 1961 spiritu,
971 1889 1030 1944 hoc
1045 1899 1100 1951 est,
1114 1888 1144 1943 in
1160 1888 1249 1943 simili

108 1980 201 2027 :tatu
219 1969 254 2023 in
270 1984 334 2039 quo
348 1980 419 2024 sunt
438 1969 576 2024 homines
595 1969 699 2024 mundi
718 1969 889 2040 spiritualis,
900 1969 952 2040 qui
968 1979 1115 2023 vocantur
1127 1967 1251 2039 spiritus

108 2061 135 2106 et
157 2048 290 2120 angeli3
311 2059 342 2103 et
360 2065 432 2104 ecce
452 2050 482 2103 in
500 2050 659 2120 gymnasio
678 2049 730 2103 illo
748 2049 881 2103 anterius
899 2049 964 2104 visa
982 2058 1028 2103 est
1046 2048 1199 2110 cathedra,
1219 2048 1249 2101 in

108 2128 222 2186 nedio
242 2144 373 2189 scamna,
392 2129 430 2182 ad
452 2129 546 2183 latera
564 2129 676 2183 circum
698 2129 778 2183 circa
796 2128 910 2191 sedilia,
929 2139 960 2182 et
978 2143 1069 2199 supra
1091 2126 1249 2181 introitum

108 2208 295 2266 ›rehestra2
319 2207 462 2262 cathedra
480 2218 545 2263 erat
564 2224 618 2279 pro
636 2209 796 2279 juvenibus
814 2207 865 2279 qui
884 2209 922 2262 ad
943 2208 1099 2279 problema
1116 2207 1167 2260 illa
1184 2206 1251 2260 vice

108 2287 359 2358 >mponendum
377 2288 604 2358 respondemnt,
618 2303 739 2343 scamna
755 2304 808 2359 pro
823 2287 1020 2350 auditoribus,
1033 2287 1140 2342 sedilia
1154 2287 1191 2341 ad
1209 2286 1251 2340 la·

108 2384 183 2425 ;era
208 2382 268 2438 pro
290 2366 348 2421 illis
369 2367 420 2437 qui
444 2367 525 2437 prius
546 2367 698 2437 sapienter
719 2367 948 2437 responderunt,
967 2377 998 2422 et
1019 2367 1173 2421 orchestra
1195 2381 1251 2436 pro

108 2447 302 2508 senioribus,
318 2445 371 2516 qui
386 2457 488 2501 essent
503 2446 607 2501 arbitri
626 2458 658 2501 et
676 2447 810 2517 judices;
830 2447 860 2500 in
876 2447 978 2501 medio
992 2446 1165 2500 orchestrae
1183 2456 1249 2499 erat

108 2537 308 2599 mggestum,
322 2525 373 2580 ubi
393 2527 472 2581 sedit
489 2525 536 2580 vir
554 2526 681 2596 sapiens,
694 2543 784 2597 quem
798 2527 948 2581 vocabant
967 2525 1248 2584 archididascalum.

108 2607 170 2680 qui
190 2607 353 2677 proposuit
372 2607 564 2677 problemata,
584 2607 621 2660 ad
641 2621 717 2677 quae
736 2606 862 2676 juvenes
883 2622 900 2660 e
922 2605 1066 2661 cathedra
1087 2606 1250 2676 responde·

108 2694 199 2741 rent.

176 2764 216 2819 Et
231 2774 394 2835 postquam
409 2764 582 2837 congregati
601 2773 681 2827 sunt,
693 2764 821 2818 surrexit
836 2764 883 2819 vir
896 2780 933 2819 ex
948 2773 1100 2836 suggesto,
1116 2774 1147 2819 et
1163 2764 1249 2824 dixit,

108 2854 121 2874 ·
139 2842 344 2914 Respondete
354 2860 442 2905 nunc,
451 2860 572 2914 quaeso,
581 2844 618 2911 ad
630 2843 688 2898 hoc
699 2845 861 2915 problema,
869 2854 901 2898 et
910 2845 1019 2899 solvite
1029 2844 1103 2898 illud
1113 2843 1138 2899 si
1150 2855 1250 2915 potes-

108 2922 173 2985 is,
187 2923 270 2994 Quid
278 2926 389 2985 anima,
401 2930 429 2977 et
443 2925 540 2993 qualis
553 2924 606 2977 illa
614 2923 648 2978 l”
965 2918 970 2932 '

180 3000 236 3057 His
251 3002 364 3056 auditis
379 3004 632 3074 obstupescebant
649 3018 764 3065 omnes,
780 3012 811 3057 et
826 3003 1059 3065 murmurabant,
1073 3012 1105 3057 et
1122 3001 1214 3073 aliqui
1233 3019 1250 3056 e

108 3091 214 3135 :oetn
230 3097 321 3151 super
333 3082 471 3144 scamnis,
484 3083 701 3145 exclamabant,
709 3091 731 3135 ,¹⁴
740 3081 815 3154 Quis
831 3082 986 3136 hominum
1003 3099 1098 3152 usque
1113 3098 1131 3136 a
1147 3081 1250 3137 Satur-

108 3157 199 3215 ιὶιιο
210 3177 287 3216 aevo
300 3161 337 3215 ad
352 3163 411 3215 hoc
423 3172 559 3216 nostrum
570 3163 631 3216 ulla
644 3163 768 3218 rationis
781 3162 965 3234 cogitatione
974 3162 1076 3216 videre
1088 3174 1119 3217 et
1131 3165 1250 3234 assequi

108 3240 233 3302 notuit.
253 3240 326 3310 quid
349 3241 457 3302 anima,
476 3252 507 3296 et
522 3242 622 3296 adhuc
642 3243 740 3297 minus
761 3243 859 3314 qualis
881 3240 954 3297 illa?
974 3253 1060 3296 estne
1083 3242 1142 3297 hoc
1160 3259 1251 3314 supra

108 3319 259 3373 *mnium
275 3319 445 3375 intellectus
460 3321 657 3392 sphaeram?”

182 3397 238 3454 Sed
253 3400 292 3454 ad
309 3399 384 3454 haec
399 3401 568 3457 retulerunt
580 3418 617 3456 ex
632 3401 795 3464 orchestra,
808 3408 824 3430 ⁴⁴
836 3400 911 3456 Hoc
920 3418 981 3455 non
997 3412 1044 3456 est
1059 3418 1149 3473 supra
1161 3401 1251 3458 intel·

108 3473 245 3541 ectum,
258 3480 313 3534 sed
328 3480 358 3533 in
372 3480 424 3533 illo
437 3491 468 3535 et
480 3496 581 3535 coram
596 3481 661 3543 i110;
681 3482 862 3551 respondete
875 3481 995 3536 modo.”

184 3555 219 3611 Et
227 3569 421 3613 surrexerunt
432 3560 558 3630 juvenes
569 3560 620 3614 illo
631 3561 680 3615 die
693 3559 788 3621 electi.
799 3561 850 3631 qui
860 3560 1057 3615 ascenderent
1066 3561 1249 3621 cathedram,

108 3637 153 3683 ²2
178 3636 213 3690 ad
232 3639 387 3708 problema
407 3639 639 3708 responderent:
658 3651 743 3694 erant
758 3640 899 3710 quinque,
912 3640 964 3710 qui
983 3640 1184 3695 asenioribus
1198 3657 1249 3695 ex-

108 3707 235 3770 >letati
254 3732 290 3771 ac
311 3717 425 3771 inventi
441 3718 604 3788 sagacitate
623 3719 778 3788 pollentes,
792 3730 823 3774 et
838 3728 911 3775 tunc
925 3720 963 3774 ad
979 3721 1074 3775 latera
1088 3720 1249 3775 cathedrae

108 3797 216 3864 ⁵uper
226 3795 302 3851 toris
314 3796 471 3859 sedentes;
490 3807 522 3851 et
535 3797 566 3850 hi
580 3808 686 3867 postea
700 3798 729 3851 in
742 3799 855 3861 ordine,
867 3798 896 3853 in
907 3815 968 3869 quo
981 3801 1135 3862 sedebant,
1146 3815 1250 3854 ascen·

108 3860 251 3940 lerunt:
278 3886 311 3931 et
332 3875 460 3947 quisque
481 3892 550 3930 cum
573 3878 748 3932 ascenderet
771 3878 916 3934 induebat
937 3879 1069 3934 tunicam
1093 3896 1130 3934 ex
1152 3878 1249 3934 serico

108 3955 236 4018 wpelini
249 3957 369 4020 coloris,
382 3967 413 4011 et
426 3973 519 4028 super
531 3957 582 4012 illa
593 3968 695 4029 togam
709 3948 746 4014 eir
760 3959 842 4013 molli
855 3960 931 4021 lana,
944 3960 992 4014 cui
1006 3961 1093 4015 liores
1106 3969 1191 4015 erant
1205 3959 1249 4013 in·

108 4030 211 4096 l-exti,
222 4045 252 4091 et
266 4037 389 4107 insuper
401 4036 520 4108 pileum,
531 4053 621 4109 super
632 4039 717 4109 cujus
727 4038 839 4094 vertice
851 4050 915 4095 erat
927 4040 1070 4095 rosarium
1084 4037 1248 4094 incinctum

113 4115 225 4170 parvis
237 4117 396 4187 sapphiris

187 4190 220 4248 tt
239 4197 300 4251 vidi
325 4197 455 4267 primurn
478 4196 522 4251 ita
543 4197 681 4251 indutum
703 4197 926 4261 ascendentem,
947 4197 999 4269 qui
1022 4196 1114 4253 dixit:
1141 4196 1248 4271 “Quid

127 4268 226 4329 anima
238 4287 268 4330 et
280 4276 378 4347 qualis
394 4276 451 4337 illa,
464 4292 483 4332 a
497 4276 546 4331 die
561 4277 721 4333 creationis
737 4294 797 4331 non
814 4279 977 4333 revelatum
993 4277 1122 4340 catulli:
1140 4289 1187 4333 est
1202 4294 1248 4333 ar·

135 4355 234 4431 fanum
252 4356 281 4410 in
297 4356 448 4411 thesauris
462 4356 555 4411 solius
570 4355 644 4411 Dei:
662 4358 714 4412 sed
735 4357 794 4412 hoc
809 4355 962 4412 detetlum
977 4368 1032 4418 est,
1048 4357 1129 4428 quod
1148 4357 1250 4413 anima

143 4435 174 4477 ¹¹¹
183 4428 289 4491 homine
300 4435 379 4491 sicut
392 4435 494 4507 regina
506 4435 650 4499 resideat:
668 4451 772 4491 verum
786 4436 907 4490 ubinam
917 4436 983 4507 ejus
992 4437 1060 4491 aula
1071 4446 1124 4498 est,
1135 4437 1247 4492 eruditi
