2850 5026
390 469 441 522 un
464 467 600 522 anona
622 467 942 535 comosum-u.
966 453 1034 534 146.
1206 469 1265 518 121

153 629 214 716 est,
232 641 422 724 sapientiae
441 649 477 704 et
496 640 633 715 amoris,
650 638 820 721 inquibus
838 649 918 702 sunt
937 637 1071 720 angeli3
1096 636 1157 701 lux
1176 638 1267 701 enim

153 738 311 802 caelestis
328 755 430 799 unum
450 737 523 817 agit
543 754 618 798 cum
639 736 819 817 sapientia,
839 744 875 797 et
898 734 993 797 calor
1012 733 1172 796 caelestis
1191 753 1267 796 cum

152 853 286 909 amore;
310 841 345 894 et
362 831 450 893 sicut
467 829 636 910 sapientia
652 839 687 892 et
705 828 776 909 ejus
792 848 887 891 amor
903 837 1061 891 crescunt
1076 827 1166 908 apud
1184 846 1267 890 con·

147 927 254 1008 juges,
284 927 333 988 ita
362 921 558 1007 purificatur
582 943 678 987 amor
704 922 905 1004 conjugialis
928 923 1017 1004 apud
1047 921 1146 999 illos;
1176 923 1267 1004 quod

151 1023 226 1104 quia
241 1020 279 1084 fit
299 1020 502 1092 successive,
520 1019 671 1102 sequitur
686 1019 777 1101 quod
797 1018 854 1080 ille
875 1017 950 1100 plus
966 1027 1002 1080 et
1021 1017 1097 1100 plus
1115 1016 1174 1080 fiat
1192 1036 1266 1080 cas·

150 1125 213 1179 tus.
260 1113 452 1178 Purificatio
467 1112 526 1175 illa
543 1114 727 1195 spiritualis
744 1113 933 1195 comparari
949 1121 1067 1195 potest
1084 1131 1160 1175 cum
1178 1112 1266 1194 puri·

150 1209 309 1274 ficatione
332 1208 538 1272 naturalium
562 1209 749 1290 spirituum,
774 1228 860 1288 quae
883 1205 968 1269 frunt
992 1227 1012 1270 a
1034 1206 1210 1287 chymicis,
1231 1216 1266 1270 et

150 1315 316 1369 vocantur
349 1303 552 1376 defaecatio,
590 1300 801 1376 rectificatio,
835 1303 1033 1382 castigatio,
1070 1300 1265 1374 cohobati0,

149 1402 270 1474 acutio,
287 1400 498 1471 decantatio,
516 1398 733 1474 sublimatio;
758 1407 793 1460 et
810 1398 980 1477 sapientia
997 1397 1173 1480 purificata
1190 1415 1266 1460 cum

149 1495 316 1565 alcohole,
342 1494 432 1575 quod
461 1502 514 1555 est
541 1493 679 1573 spiritus
698 1511 829 1555 summe
852 1489 1067 1555 redtificatus.
1115 1508 1142 1571 3.
1167 1491 1266 1555 Nunc

149 1590 223 1670 quia
240 1589 408 1670 sapientia
423 1588 607 1668 spiritualis
626 1588 659 1648 in
676 1607 713 1648 se
730 1585 809 1649 talis
826 1595 890 1658 est,
908 1597 946 1649 ut
965 1585 1117 1649 calescat
1137 1585 1212 1668 plus
1231 1596 1267 1649 et

149 1683 222 1765 plus
241 1702 358 1746 amore
376 1682 541 1763 sapiendi,
559 1690 594 1745 et
614 1702 658 1744 ex
678 1681 743 1744 hoc
763 1690 896 1743 crescat
915 1682 948 1743 in
968 1691 1157 1754 aeternum,
1175 1680 1265 1762 quod

149 1776 239 1841 litut
258 1776 430 1859 perficitur
446 1779 533 1840 sicut
553 1797 613 1859 per
628 1775 893 1851 defaecationes,
914 1777 1171 1857 castigationes,
1191 1793 1265 1838 rec·

148 1870 362 1944 tificationes,
386 1873 576 1945 acutioneS,
595 1872 869 1945 decantationes,
887 1882 923 1935 et
940 1870 1211 1945 sublimationes,
1228 1879 1265 1933 et

148 1966 212 2028 hae
230 1966 523 2047 perelimationes
542 1976 578 2030 et
597 1964 847 2030 abstractiones
870 1963 1066 2029 intellectus
1085 1986 1105 2027 a
1124 1964 1265 2028 fallaciis

147 2079 318 2134 sensuum,
343 2071 379 2125 et
403 2062 591 2125 voluntatis
614 2063 658 2124 ab
680 2061 850 2125 illecebris
873 2061 1033 2142 corporis,
1054 2069 1153 2142 patet
1173 2059 1265 2141 quod

148 2155 300 2218 similiter
318 2175 412 2219 amor
431 2155 642 2236 conjugialis,
663 2154 755 2236 cujus
774 2175 896 2238 parens
915 2165 969 2219 est
988 2155 1167 2237 sapientia,
1187 2173 1263 2216 suc·

148 2251 278 2313 cessive
298 2250 373 2332 plus
391 2260 426 2313 et
446 2250 521 2330 plus
540 2249 600 2312 fiat
628 2270 739 2332 purus,
760 2250 809 2312 ita
828 2259 951 2311 castus.
1008 2246 1110 2329 Quod
1137 2249 1264 2331 primus

147 2354 261 2408 status
283 2346 409 2407 amoris
428 2347 518 2408 inter
541 2344 704 2425 conjuges
723 2345 767 2406 sit
791 2353 904 2406 status
923 2343 1046 2406 caloris
1069 2364 1129 2424 per
1152 2344 1262 2405 lucem

149 2440 298 2502 nondum
318 2440 512 2520 temperati,
533 2439 592 2502 sed
612 2439 702 2520 quod
722 2438 913 2501 successive
933 2448 1154 2517 temperetur,
1175 2438 1264 2500 sicut

148 2535 287 2598 maritus
307 2532 477 2616 perficitur
493 2535 671 2615 sapientia,
691 2543 726 2596 et
743 2553 831 2595 uxor
849 2543 943 2596 amat
959 2532 1053 2596 illam
1072 2534 1106 2596 in
1126 2533 1260 2607 marito,

130 2629 304 2692 ,videatur
322 2630 354 2691 in
376 2628 591 2691 Memorabili
611 2628 658 2711 (n.
679 2627 764 2710 137).

208 2724 308 2805 146·
337 2721 388 2785 At
407 2723 581 2785 sciendum
598 2732 663 2798 est,
683 2722 774 2804 quod
794 2742 890 2785 amor
906 2721 1107 2804 conjugialis
1126 2741 1263 2804 prorsus

146 2826 259 2879 castus
276 2837 335 2879 seu
355 2838 455 2900 purus
475 2837 543 2880 non
559 2819 658 2881 detur
674 2819 763 2900 apud
782 2817 951 2891 homines,
970 2837 1032 2880 nec
1050 2818 1138 2897 apud
1155 2836 1262 2897 ange·

147 2909 220 2989 los;
244 2921 421 2994 estusque
444 2912 570 2995 aliquid
595 2931 662 2975 non
686 2921 820 2975 castum
844 2933 903 2975 seu
927 2932 995 2975 non
1020 2931 1150 2995 purum,
1170 2911 1262 2994 quod

146 3004 194 3067 illi
214 3026 251 3068 se
267 3005 422 3087 adjungit
446 3017 481 3071 et
504 3005 700 3088 subjungit:
725 3007 787 3070 sed
810 3007 875 3070 hoc
896 3028 941 3071 ex
964 3006 1031 3070 alia
1050 3017 1172 3070 natura
1195 3015 1261 3081 est,

147 3119 246 3181 quam
271 3122 315 3163 ex
339 3122 404 3183 qua
427 3112 480 3165 est
503 3102 697 3179 incastum;
722 3112 775 3165 est
791 3102 889 3165 ‘enim
913 3103 1003 3185 apud
1026 3102 1104 3164 illos
1128 3110 1261 3165 castum

146 3214 255 3276 supra,
279 3205 315 3258 et
339 3216 407 3257 non
431 3206 563 3258 castum
586 3196 682 3270 infra,
706 3207 741 3260 et
765 3217 785 3260 a
808 3197 957 3259 Domino
980 3197 1184 3277 interposita
1207 3205 1262 3260 est

147 3299 308 3371 tanquam
324 3289 426 3370 janua
442 3310 519 3352 cum
539 3292 687 3365 cardine,
708 3312 794 3372 quae
813 3292 961 3374 aperitur
977 3312 1036 3374 per
1055 3291 1261 3353 determina·

147 3385 287 3456 tionem,
318 3394 353 3446 et
383 3387 588 3467 prospicitur
617 3405 659 3448 ne
689 3385 748 3448 illa
777 3396 847 3448 stet
875 3396 1006 3467 aperta,
1037 3395 1074 3448 ut
1105 3394 1262 3449 transeat

147 3497 249 3540 unum
267 3480 301 3540 in
322 3479 478 3552 alterum,
495 3489 531 3542 et
555 3500 592 3542 se
611 3481 878 3544 commisceant:
904 3480 1061 3544 naturale
1084 3480 1174 3543 enim
1198 3479 1262 3542 ho·

146 3573 242 3635 minis
265 3593 285 3635 a
309 3574 492 3637 nativitate
516 3583 570 3637 est
593 3576 864 3638 contaminatum
887 3585 923 3638 et
950 3575 1111 3638 refertum
1142 3575 1260 3652 malis;

144 3676 180 3729 at
199 3668 376 3749 spirituale
398 3667 468 3749 ejus
492 3689 560 3731 non
583 3669 643 3743 ita,
661 3670 738 3749 quia
760 3669 857 3750 hujus
880 3671 1044 3733 nativitas
1068 3680 1120 3733 est
1145 3689 1165 3732 a
1188 3669 1260 3733 Do·

146 3762 247 3837 mino,
267 3773 322 3826 est
343 3764 432 3825 enim
451 3764 689 3844 regenerati03
713 3773 749 3826 et
772 3764 856 3827 haec
876 3775 929 3828 est
949 3766 1142 3827 successiva
1161 3784 1261 3846 sepa·

144 3857 232 3919 ratio
261 3878 281 3919 a
310 3857 418 3931 malis,
443 3879 528 3939 quae
558 3858 834 3921 inclinationibus
864 3859 993 3921 adnata
1022 3869 1111 3922 sunt.
1158 3857 1261 3938 Quod

145 3950 257 4013 nullus
280 3971 375 4014 amor
398 3953 488 4033 apud
518 3952 673 4015 homines
696 3962 731 4016 et
761 3952 852 4035 apud
880 3953 1024 4034 angelos
1051 3955 1096 4016 sit
1124 3972 1261 4034 prorsus

144 4064 256 4126 purus,
271 4067 333 4110 nec
351 4050 441 4129 quod
458 4048 528 4111 fieri
546 4049 665 4128 possit,
683 4049 742 4111 sed
759 4049 849 4131 quod
867 4047 952 4123 finis,
970 4049 1183 4131 propositum
1201 4067 1260 4110 seu

144 4140 291 4205 intentio
309 4143 499 4205 voluntatis
519 4143 677 4225 primario
700 4140 874 4223 spectetur
892 4163 912 4204 a
935 4143 1095 4216 Domino,
1116 4151 1152 4203 et
1168 4139 1260 4221 quod

145 4235 221 4300 ideo
237 4246 402 4318 quantum
422 4236 526 4298 homo
542 4238 575 4299 in
595 4236 661 4299 illis
680 4247 744 4310 est,
762 4247 798 4300 et
818 4238 851 4299 in
871 4237 937 4299 illis
957 4244 1162 4319 perseverat,
1180 4244 1260 4296 tan·

145 4338 218 4394 tum
238 4332 391 4394 initietur
410 4333 443 4393 in
464 4332 660 4413 puritatem,
680 4342 716 4395 et
741 4341 877 4395 tantum
897 4331 940 4394 ad
964 4332 1056 4394 illam
1081 4329 1259 4412 progredi·

144 4426 234 4491 endo
252 4428 408 4504 accedat,
429 4427 585 4490 videatur
604 4447 704 4509 supra
725 4425 771 4510 (n.
788 4426 857 4511 71).
