2782 5026
143 426 204 516 il4
484 447 667 499 DELlCIllE
689 446 920 499 SAPIENTIAE

190 619 228 675 Et
242 619 469 690 responderunt,
480 625 496 646 ‘⁸
507 616 664 678 Dicemus:
680 616 731 673 sed
745 617 816 688 quia
824 616 917 671 homo
927 632 988 670 non
998 615 1087 671 sumit
1095 613 1214 686 quicquan

136 717 173 756 ex
192 716 232 759 se.
249 700 300 754 sed
321 714 357 753 ex
378 697 518 758 Domino,
534 697 668 752 dicemus
686 713 724 751 ex
744 695 822 767 ipso,
838 706 869 751 at
887 712 984 766 usque
1004 712 1023 750 a
1044 695 1125 750 nobis
1137 694 1218 748 sicut

136 779 249 833 nobis.”
287 778 325 832 Et
338 789 411 832 tunc
424 777 572 837 dixerunt,
586 784 602 804 ‘⁴
613 774 740 830 ‘Arbor'
750 775 899 846 significat
910 774 1074 836 hominem,
1084 785 1115 828 et
1124 765 1221 826 urutu

135 858 215 929 ejus¹
238 859 351 911 bonum
376 857 477 917 vitae:
504 856 573 910 inde
598 872 651 925 per
672 856 822 909 ‘arborem
844 854 938 909 vitae’
957 853 1140 925 significatur
1156 851 1225 933 hono

134 938 240 992 vivens
248 952 285 990 ex
297 935 370 997 Deo,
380 950 433 990 seu
446 934 528 990 Deus
534 935 639 989 vivens
653 934 681 988 in
694 934 832 996 homine:
851 944 882 988 et
890 933 962 1004 quia
970 949 1057 987 amor
1064 935 1096 988 'et
1105 931 1230 1002 sapienta

134 1031 169 1072 ac
177 1016 306 1070 charitas
313 1026 345 1070 et
355 1015 437 1075 fides,
448 1031 500 1069 seu
511 1015 623 1069 bonum
634 1025 665 1068 et
674 1029 787 1073 verum,
795 1013 908 1067 iaciunt
916 1012 1008 1066 vitam
1020 1011 1076 1066 Dei
1086 1011 1116 1065 in
1126 1007 1235 1065 homino

135 1111 189 1166 per
201 1096 349 1150 ‘arborem
363 1094 460 1148 vitae'
474 1093 680 1165 significantur
692 1094 774 1154 haec,
787 1103 818 1147 et
834 1091 903 1146 inde
916 1090 1032 1146 homini
1045 1091 1109 1145 vita
1120 1094 1229 1145 aetern²

135 1175 231 1230 simile
239 1174 424 1245 significatur
433 1174 642 1243 per‘arborem
651 1170 1068 1242 vitae,equadabituredere'
1076 1172 1171 1240 (apoc.
1181 1168 1233 1225 iil

135 1270 199 1324 oap.
213 1255 282 1308 xxii.
296 1267 320 1314 2,
338 1253 391 1320 14).
429 1253 488 1307 Per
503 1253 652 1307 'arborem
673 1252 815 1305 scientiae
835 1251 905 1305 boni
924 1260 956 1304 et
974 1249 1061 1304 mali·
1076 1242 1252 1321 significatu?

138 1333 231 1388 homo
244 1333 370 1387 credens
384 1332 466 1402 quod
481 1332 563 1385 vivat
579 1346 616 1385 ex
631 1347 671 1392 se,
684 1341 716 1385 et
731 1345 792 1384 non
810 1346 848 1384 ex
868 1329 951 1392 Deo:
975 1329 1019 1383 ita
1030 1329 1112 1401 quod
1126 1343 1205 1382 amor
1224 1322 1260 1371 ὅ

135 1412 289 1482 sapientia,
302 1411 431 1466 charitas
444 1422 475 1465 et
487 1410 570 1472 tides,
584 1410 643 1464 hoc
656 1421 710 1472 est,
724 1411 836 1464 bonum
850 1419 881 1464 et
893 1424 1007 1469 verum,
1017 1409 1080 1463 sint
1093 1408 1123 1462 in
1136 1405 1264 1461 homine

135 1492 201 1561 ejus
211 1501 241 1545 et
253 1507 311 1545 non
325 1490 397 1550 Dei:
417 1490 475 1544 hoc
485 1491 609 1544 credens
620 1489 690 1560 quia
699 1489 812 1560 cogitat
821 1499 853 1542 et
862 1489 935 1549 vult,
945 1503 981 1542 ac
991 1488 1126 1558 loquitur
1134 1498 1164 1542 et
1176 1477 1270 1540 ίαεὶῑ·

137 1569 165 1623 in
177 1570 259 1624 omni
270 1569 467 1623 similitudine
480 1580 510 1623 et
523 1569 697 1638 apparentia
710 1568 789 1622 sicut
801 1584 838 1622 ex
851 1583 901 1621 se:
919 1578 950 1621 et
959 1566 1032 1637 quia
1044 1567 1138 1621 homo
1149 1581 1185 1621 ex
1197 1564 1272 1619 uae

136 1649 194 1704 lide
219 1649 275 1703 sibi
300 1649 461 1719 persuadet
479 1648 561 1719 quod
583 1647 665 1702 Deus
689 1647 831 1701 indiderit
856 1645 903 1709 Se,
923 1662 976 1701 seu
1003 1645 1149 1701 infuderit
1169 1643 1278 1707 suun,

137 1729 280 1783 Divinum
295 1729 325 1782 in
340 1729 432 1791 illum,
446 1728 515 1782 ideo
525 1727 602 1781 dixit
617 1743 740 1798 serpens

181 1858 187 1878 ¹
196 1855 269 1900 Novit
281 1855 355 1906 Deus,
367 1868 417 1911 quo
427 1854 467 1899 die
477 1852 628 1899 comederitis
639 1853 670 1897 de
679 1852 685 1867 ⁹
696 1851 776 1897 lrudlu
788 1851 850 1896 illius
862 1851 961 1904 arboris,
970 1856 976 1874 ⁸
985 1850 1125 1910 aperientur
1133 1851 1195 1898 oculi
1204 1844 1281 1894 vd

256 1916 292 1969 tri,
303 1923 327 1961 et
338 1917 401 1961 eritis
411 1915 472 1960 sicut
483 1915 558 1968 Deus,
569 1914 671 1959 scientes
680 1914 773 1958 bonurn
786 1920 809 1958 et
820 1911 925 1957 malum’
937 1913 1009 1971 (Gen,
1021 1913 1053 1958 iii.
1066 1909 1102 1973 5).

137 2051 195 2106 Per
210 2051 323 2106 ‘esum'
343 2070 379 2107 en
399 2051 456 2106 illis
475 2051 629 2106 arboribus
647 2049 833 2121 significatur
844 2049 977 2120 receptio
995 2059 1028 2104 et
1046 2045 1281 2121 appropriati‘

136 2147 189 2201 per
202 2138 299 2187 ‘esum
316 2148 352 2185 en
367 2133 472 2186 arbore
487 2131 581 2185 vitae'
594 2130 726 2200 receptio
738 2129 818 2184 vitae
830 2138 979 2190 aeternae,
992 2140 1024 2183 et
1040 2145 1095 2200 per
1108 2137 1203 2184 ‘esum
1216 2130 1281 2181 ὅ

134 2212 240 2265 arbore
261 2210 404 2265 scientiae
426 2211 497 2265 boni
520 2221 551 2265 et
573 2209 658 2263 mali'
680 2209 812 2279 receptio
831 2208 1052 2270 damnationis:
1076 2208 1145 2264 ideo
1164 2205 1281 2263 etia!

135 2300 269 2360 uterque,
286 2288 422 2343 Adamus
441 2300 472 2343 et
491 2289 556 2356 ejus
575 2292 659 2348 uxor,
674 2304 733 2341 una
751 2303 818 2342 cum
835 2297 984 2357 serpente,
1000 2287 1153 2343 maledicti
1172 2304 1225 2343 sun
1245 2278 1281 2325 ‘¹

135 2385 188 2438 per
203 2367 402 2439 ‘serpentem’
420 2367 598 2437 intelligitur
612 2366 750 2422 diabolus
764 2366 863 2438 quoad
879 2383 1013 2420 amorem
1030 2366 1077 2421 sui
1094 2377 1126 2422 et
1145 2364 1281 2423 fastu!

135 2447 273 2517 propriae
287 2446 520 2517 intelligentiae:
545 2455 577 2500 et
593 2445 641 2499 hic
653 2460 738 2500 amor
751 2455 797 2499 est
813 2460 967 2515 possessor
982 2445 1062 2500 illius
1073 2446 1202 2506 arboris:
1223 2443 1282 2499 1

134 2526 272 2580 homines
290 2526 341 2596 qui
362 2525 392 2579 in
412 2524 490 2578 fastu
509 2539 547 2578 ex
565 2524 617 2578 illo
632 2539 733 2578 amore
748 2533 826 2586 sunt,
840 2523 909 2578 illae
924 2525 1046 2578 arbores
1061 2535 1143 2580 sunt.
1180 2520 1281 2581 sna

135 2604 234 2674 itaque
245 2604 287 2657 illi
302 2604 331 2657 in
345 2603 459 2657 enormi
470 2619 576 2663 errore,
587 2602 637 2673 qui
650 2603 778 2656 credunt
787 2602 938 2656 Adamum
949 2603 1085 2673 sapuisse
1098 2613 1130 2658 et
1142 2600 1281 2658 bonuffl

133 2681 238 2736 iecisse
253 2699 290 2736 ex
305 2698 344 2743 se,
358 2693 388 2736 ct
402 2683 460 2736 hoc
474 2682 564 2736 luisse
577 2691 688 2736 statum
702 2681 767 2751 ejus
780 2681 976 2752 integritatis:
994 2697 1064 2736 curn
1078 2692 1180 2737 tamen
1194 2680 1281 2752 ip!

134 2760 270 2814 Adamus
286 2771 408 2830 propter
423 2761 502 2815 illam
518 2760 607 2815 fidem
624 2758 799 2814 maledidlus
813 2771 875 2821 est:
898 2760 957 2814 hoc
975 2761 1056 2815 enirn
1072 2760 1282 2833 significat!

134 2855 187 2909 per
198 2839 303 2892 ‘edere
318 2855 355 2892 ex
371 2840 475 2894 arbore
488 2839 631 2894 scientiae
647 2839 718 2893 boni
732 2849 764 2892 et
780 2839 849 2893 mali
859 2839 876 2900 :⁹
894 2855 986 2909 quare
1001 2849 1077 2895 tunc
1091 2839 1206 2895 excidit
1220 2852 1276 2894 e>

133 2927 212 2971 statu
225 2917 412 2987 integritatis
422 2918 475 2988 qui
487 2919 528 2971 illi
539 2918 596 2971 luit
606 2935 642 2972 ex
652 2934 697 2979 eo,
706 2918 787 2988 quod
798 2918 935 2972 crederet
945 2934 977 2972 se
986 2934 1091 2989 sapere
1102 2929 1134 2975 et
1143 2919 1281 2974 bonurfl

134 2995 230 3050 iacere
250 3012 287 3049 ex
309 2994 382 3057 Deo,
398 3007 428 3050 ct
448 2997 522 3050 nihil
541 3013 578 3051 ex
599 3013 638 3057 se,
658 2997 717 3051 hoc
734 2997 814 3050 enirn
833 2996 1010 3068 intelligitur
1028 3014 1083 3068 per
1098 2999 1203 3054 ‘edere
1221 3000 1281 3052 ez

132 3074 237 3127 arbore
250 3074 348 3128 vitae!
384 3073 473 3128 Solus
487 3074 644 3136 Dominus,
657 3090 725 3129 cum
739 3074 797 3130 fuit
812 3075 841 3129 in
859 3077 982 3137 mundo,
996 3077 1099 3146 sapuit
1111 3094 1149 3133 ex
1166 3076 1214 3139 Se,
1226 3082 1281 3132 Γ

133 3152 245 3204 bonum
260 3152 331 3206 iecit
345 3169 382 3206 ex
398 3152 444 3213 Se,
457 3154 527 3223 quia
543 3155 638 3223 ipsum
654 3153 795 3208 Divinum
811 3171 829 3209 a
845 3154 1002 3209 nativitate
1016 3154 1075 3210 luit
1091 3156 1124 3210 in
1142 3156 1213 3228 Ipso
1227 3154 1281 3212 εἰ

134 3229 238 3299 ipsius,
248 3246 338 3300 quare
347 3232 436 3285 etiam
451 3248 487 3286 en
501 3233 620 3302 propria
629 3233 765 3302 potentia
773 3232 869 3287 ladius
881 3244 929 3288 est
943 3226 1136 3305 Redemptor
1147 3247 1180 3291 et
1194 3235 1281 3291 Sal*

132 3307 246 3361 vator.''

187 3384 230 3438 Ex
241 3386 287 3439 his
297 3396 327 3440 et
338 3386 395 3440 illis
403 3387 579 3442 conclusum
588 3387 723 3443 lecerunt
734 3389 792 3443 hoc
802 3396 817 3418 ‘¹
827 3387 915 3461 Quod
928 3406 981 3460 per
990 3390 1147 3448 ‘arborem
1157 3381 1281 3455 vitat?

132 3473 162 3518 et
176 3479 228 3532 per
241 3465 392 3518 ‘arborem
406 3466 549 3526 scientiae
563 3467 634 3521 boni
648 3478 678 3521 et
693 3469 779 3529 mali,'
792 3479 823 3523 et
837 3484 890 3538 per
903 3477 1003 3522 ‘esum
1017 3486 1054 3524 ex
1070 3471 1139 3535 illis,
1165 3472 1279 3545 signi«

132 3541 237 3595 licetur
249 3544 330 3611 quod
344 3543 406 3597 vita
418 3544 533 3597 homini
548 3545 587 3599 sit
601 3545 683 3600 Deus
699 3547 728 3600 in
745 3547 804 3608 illo,
818 3558 849 3602 et
864 3549 946 3617 quod
960 3559 1034 3602 tunc
1048 3549 1077 3603 ei
1090 3551 1212 3605 caelum
1228 3561 1256 3606 rt

130 3619 194 3672 vita
207 3631 342 3682 aeterna:
361 3632 392 3674 at
406 3622 487 3691 quod
505 3639 584 3677 mors
600 3625 714 3679 homini
730 3626 769 3679 sit
785 3627 937 3695 persuasio
953 3637 985 3681 et
1000 3627 1078 3682 fides
1094 3631 1181 3700 quod
1197 3630 1259 3685 vita

132 3698 247 3751 bomini
264 3715 323 3751 non
343 3700 381 3752 sit
399 3698 481 3753 Deus
497 3702 549 3754 sed
570 3703 641 3771 ipse,
657 3703 738 3758 unde
756 3704 785 3758 ei
804 3704 953 3759 infernum
972 3716 1005 3761 et
1024 3722 1109 3762 mors
1123 3721 1258 3773 aeterna,

130 3787 264 3846 quaeest
278 3777 459 3831 damnatio.”

184 3855 271 3924 136.
299 3854 372 3909 Post
391 3855 464 3909 haec
484 3855 678 3924 inspexerunt
696 3859 829 3914 chartam
849 3861 887 3915 ab
905 3862 1021 3932 angelis
1039 3879 1136 3936 super
1154 3881 1257 3923 mensa

130 3930 270 3993 relitiam,
284 3943 315 3987 et
327 3933 467 3986 viderunt
480 3935 688 4004 subscriptum,
704 3939 876 4010 Conjungrle
887 3941 940 3993 illa
953 3944 1016 3994 treis
1036 3945 1071 3996 in
1087 3962 1182 4000 unam
1196 3964 1257 4002 sen·

129 4012 250 4063 tenttitm
260 4031 273 4071 ,·
291 4020 322 4064 et
337 4020 409 4065 tunc
425 4011 610 4080 collegerunt
625 4015 680 4076 illa,
694 4027 725 4069 et
739 4018 887 4078 viderunt,
901 4019 983 4089 quod
999 4021 1058 4075 tria
1074 4022 1128 4078 illa
1148 4025 1179 4079 in
1199 4042 1257 4082 una

128 4087 204 4142 serie
220 4088 423 4150 cohaererent,
439 4100 470 4143 et
485 4090 565 4157 quod
583 4093 673 4146 series
688 4110 740 4147 seu
756 4097 905 4150 sententia
921 4097 971 4152 illa
988 4099 1029 4152 sit
1047 4100 1258 4177 haec,“9uod

129 4166 220 4218 homo
231 4177 349 4220 creatus
362 4167 409 4227 sit,
423 4178 457 4221 ut
470 4167 593 4236 recipiat
606 4185 737 4225 amorem
751 4184 782 4226 et
794 4174 971 4242 sapientiam
985 4191 1003 4230 a
1017 4176 1095 4242 Deo,
1106 4192 1139 4236 et
1153 4192 1259 4238 tamen

129 4241 160 4295 in
174 4245 255 4297 omni
269 4244 466 4298 similitudine
480 4245 557 4298 sicut
573 4262 591 4300 a
609 4263 648 4306 se,
662 4259 693 4301 et
707 4252 764 4304 hoc
777 4263 900 4321 propter
913 4256 1123 4323 receptionem
1138 4272 1172 4316 et
1186 4279 1260 4318 con·

127 4318 329 4388 juntiionem:
350 4334 381 4377 et
397 4322 478 4393 quod
496 4323 564 4377 idco
580 4324 673 4379 homo
686 4343 746 4381 non
763 4341 900 4384 nascatur
916 4333 944 4384 in
961 4334 1095 4404 aliquem
1110 4354 1261 4405 amorem,

128 4397 233 4449 necin
252 4401 382 4471 aliquam
407 4401 572 4463 scientiam,
592 4412 624 4457 et
645 4420 765 4475 quoque
787 4425 847 4462 non
870 4410 900 4463 in
922 4411 1055 4481 aliquam
1082 4423 1259 4486 potentiam
