<?xml version="1.0" encoding="UTF-8"?>
<!DOCTYPE html PUBLIC "-//W3C//DTD XHTML 1.0 Transitional//EN"
    "http://www.w3.org/TR/xhtml1/DTD/xhtml1-transitional.dtd">
<html xmlns="http://www.w3.org/1999/xhtml" xml:lang="en" lang="en">
 <head>
  <title>
</title>
<meta http-equiv="Content-Type" content="text/html;charset=utf-8" />
  <meta name='ocr-system' content='tesseract 3.04.00' />
  <meta name='ocr-capabilities' content='ocr_page ocr_carea ocr_par ocr_line ocrx_word'/>
</head>
<body>
  <div class='ocr_page' id='page_1' title='image "./deliciaesapient00swedgoog_0235.png"; bbox 0 0 2850 5026; ppageno 0'>
   <div class='ocr_carea' id='block_1_1' title="bbox 222 443 1006 511">
    <p class='ocr_par' dir='ltr' id='par_1_1' title="bbox 222 443 1006 511">
     <span class='ocr_line' id='line_1_1' title="bbox 222 443 1006 511; baseline -0.003 -1"><span class='ocrx_word' id='word_1_1' title='bbox 222 443 287 511; x_wconf 88' lang='lat'>226</span> <span class='ocrx_word' id='word_1_2' title='bbox 571 458 753 509; x_wconf 76' lang='lat' dir='ltr'>namcmu</span> <span class='ocrx_word' id='word_1_3' title='bbox 777 457 1006 511; x_wconf 64' lang='lat' dir='ltr'>sumamma</span> 
     </span>
    </p>
   </div>
   <div class='ocr_carea' id='block_1_2' title="bbox 202 629 1381 4510">
    <p class='ocr_par' dir='ltr' id='par_1_2' title="bbox 203 629 1381 4127">
     <span class='ocr_line' id='line_1_2' title="bbox 220 629 1334 719; baseline 0.004 -25"><span class='ocrx_word' id='word_1_4' title='bbox 220 639 419 713; x_wconf 87' lang='lat' dir='ltr'>potestate;</span> <span class='ocrx_word' id='word_1_5' title='bbox 444 629 587 719; x_wconf 89' lang='lat' dir='ltr'>dejure,</span> <span class='ocrx_word' id='word_1_6' title='bbox 607 631 698 714; x_wconf 92' lang='lat' dir='ltr'>quod</span> <span class='ocrx_word' id='word_1_7' title='bbox 719 632 905 695; x_wconf 90' lang='lat' dir='ltr'>secundum</span> <span class='ocrx_word' id='word_1_8' title='bbox 925 641 1059 697; x_wconf 90' lang='lat' dir='ltr'>statuta</span> <span class='ocrx_word' id='word_1_9' title='bbox 1082 630 1173 715; x_wconf 68' lang='lat' dir='ltr'>pad&#39;ti</span> <span class='ocrx_word' id='word_1_10' title='bbox 1197 632 1334 698; x_wconf 87' lang='lat' dir='ltr'>loederis</span> 
     </span>
     <span class='ocr_line' id='line_1_3' title="bbox 219 725 1334 809; baseline 0.004 -21"><span class='ocrx_word' id='word_1_11' title='bbox 219 727 264 789; x_wconf 85' lang='lat' dir='ltr'>sit</span> <span class='ocrx_word' id='word_1_12' title='bbox 283 725 485 808; x_wconf 85' lang='lat' dir='ltr'>aequalitas,</span> <span class='ocrx_word' id='word_1_13' title='bbox 506 737 541 790; x_wconf 86' lang='lat' dir='ltr'>et</span> <span class='ocrx_word' id='word_1_14' title='bbox 561 726 667 790; x_wconf 89' lang='lat' dir='ltr'>cuivis</span> <span class='ocrx_word' id='word_1_15' title='bbox 683 727 835 808; x_wconf 85' lang='lat' dir='ltr'>dignitas</span> <span class='ocrx_word' id='word_1_16' title='bbox 855 727 888 790; x_wconf 93' lang='lat' dir='ltr'>in</span> <span class='ocrx_word' id='word_1_17' title='bbox 904 725 1024 790; x_wconf 87' lang='lat' dir='ltr'>officiis</span> <span class='ocrx_word' id='word_1_18' title='bbox 1040 748 1121 791; x_wconf 90' lang='lat' dir='ltr'>suae</span> <span class='ocrx_word' id='word_1_19' title='bbox 1139 727 1334 809; x_wconf 66' lang='lat' dir='ltr'>iunetionis3</span> 
     </span>
     <span class='ocr_line' id='line_1_4' title="bbox 218 821 1335 903; baseline 0.004 -19"><span class='ocrx_word' id='word_1_20' title='bbox 218 821 317 884; x_wconf 87' lang='lat' dir='ltr'>etde</span> <span class='ocrx_word' id='word_1_21' title='bbox 337 830 526 902; x_wconf 86' lang='lat' dir='ltr'>potestate,</span> <span class='ocrx_word' id='word_1_22' title='bbox 547 822 639 903; x_wconf 91' lang='lat' dir='ltr'>quod</span> <span class='ocrx_word' id='word_1_23' title='bbox 662 821 878 885; x_wconf 90' lang='lat' dir='ltr'>insistatura</span> <span class='ocrx_word' id='word_1_24' title='bbox 901 823 980 885; x_wconf 88' lang='lat' dir='ltr'>viris</span> <span class='ocrx_word' id='word_1_25' title='bbox 1003 823 1036 885; x_wconf 96' lang='lat' dir='ltr'>in</span> <span class='ocrx_word' id='word_1_26' title='bbox 1061 824 1220 886; x_wconf 90' lang='lat' dir='ltr'>omnibus</span> <span class='ocrx_word' id='word_1_27' title='bbox 1242 825 1335 888; x_wconf 83' lang='lat' dir='ltr'>rebus</span> 
     </span>
     <span class='ocr_line' id='line_1_5' title="bbox 217 916 1333 998; baseline 0.004 -21"><span class='ocrx_word' id='word_1_28' title='bbox 217 916 311 978; x_wconf 95' lang='lat' dir='ltr'>domi</span> <span class='ocrx_word' id='word_1_29' title='bbox 331 917 563 997; x_wconf 92' lang='lat' dir='ltr'>superioritas,</span> <span class='ocrx_word' id='word_1_30' title='bbox 582 916 658 998; x_wconf 89' lang='lat' dir='ltr'>quia</span> <span class='ocrx_word' id='word_1_31' title='bbox 678 928 757 979; x_wconf 93' lang='lat' dir='ltr'>sunt</span> <span class='ocrx_word' id='word_1_32' title='bbox 774 917 845 989; x_wconf 91' lang='lat' dir='ltr'>viri,</span> <span class='ocrx_word' id='word_1_33' title='bbox 864 927 899 980; x_wconf 91' lang='lat' dir='ltr'>et</span> <span class='ocrx_word' id='word_1_34' title='bbox 915 917 1048 980; x_wconf 82' lang='lat' dir='ltr'>feminis</span> <span class='ocrx_word' id='word_1_35' title='bbox 1064 919 1108 980; x_wconf 92' lang='lat' dir='ltr'>sit</span> <span class='ocrx_word' id='word_1_36' title='bbox 1125 918 1333 994; x_wconf 67' lang='lat' dir='ltr'>interioritas,</span> 
     </span>
     <span class='ocr_line' id='line_1_6' title="bbox 217 1008 1334 1092; baseline 0.004 -20"><span class='ocrx_word' id='word_1_37' title='bbox 217 1012 295 1092; x_wconf 89' lang='lat' dir='ltr'>quia</span> <span class='ocrx_word' id='word_1_38' title='bbox 314 1022 395 1074; x_wconf 94' lang='lat' dir='ltr'>sunt</span> <span class='ocrx_word' id='word_1_39' title='bbox 415 1011 571 1085; x_wconf 77' lang='lat' dir='ltr'>feminae,</span> <span class='ocrx_word' id='word_1_40' title='bbox 592 1013 683 1074; x_wconf 90' lang='lat' dir='ltr'>inter</span> <span class='ocrx_word' id='word_1_41' title='bbox 701 1012 843 1092; x_wconf 88' lang='lat' dir='ltr'>cognita</span> <span class='ocrx_word' id='word_1_42' title='bbox 861 1011 894 1073; x_wconf 92' lang='lat' dir='ltr'>in</span> <span class='ocrx_word' id='word_1_43' title='bbox 915 1008 1043 1075; x_wconf 82' lang='lat' dir='ltr'>&#39;mundo</span> <span class='ocrx_word' id='word_1_44' title='bbox 1061 1012 1231 1076; x_wconf 92' lang='lat' dir='ltr'>hodierno</span> <span class='ocrx_word' id='word_1_45' title='bbox 1250 1025 1334 1078; x_wconf 85' lang='lat' dir='ltr'>sunt.</span> 
     </span>
     <span class='ocr_line' id='line_1_7' title="bbox 217 1104 1369 1181; baseline 0.004 -14"><span class='ocrx_word' id='word_1_46' title='bbox 217 1104 322 1167; x_wconf 91' lang='lat' dir='ltr'>Tales</span> <span class='ocrx_word' id='word_1_47' title='bbox 345 1106 595 1169; x_wconf 85' lang='lat' dir='ltr'>aemulationes</span> <span class='ocrx_word' id='word_1_48' title='bbox 619 1106 721 1170; x_wconf 91' lang='lat' dir='ltr'>hodie</span> <span class='ocrx_word' id='word_1_49' title='bbox 750 1106 934 1170; x_wconf 82' lang='lat' dir='ltr'>familiares</span> <span class='ocrx_word' id='word_1_50' title='bbox 960 1127 1029 1170; x_wconf 93' lang='lat' dir='ltr'>non</span> <span class='ocrx_word' id='word_1_51' title='bbox 1056 1106 1196 1170; x_wconf 88' lang='lat' dir='ltr'>aliunde</span> <span class='ocrx_word' id='word_1_52' title='bbox 1220 1107 1333 1181; x_wconf 87' lang='lat' dir='ltr'>fluunt,</span> <span class='ocrx_word' id='word_1_53' title='bbox 1367 1127 1369 1131; x_wconf 76' lang='grc'>’</span> 
     </span>
     <span class='ocr_line' id='line_1_8' title="bbox 216 1200 1334 1284; baseline 0.001 -21"><span class='ocrx_word' id='word_1_54' title='bbox 216 1220 318 1282; x_wconf 91' lang='lat' dir='ltr'>quam</span> <span class='ocrx_word' id='word_1_55' title='bbox 338 1222 382 1265; x_wconf 91' lang='lat' dir='ltr'>ex</span> <span class='ocrx_word' id='word_1_56' title='bbox 403 1200 496 1264; x_wconf 90' lang='lat' dir='ltr'>nulla</span> <span class='ocrx_word' id='word_1_57' title='bbox 513 1202 725 1264; x_wconf 89' lang='lat' dir='ltr'>conscientia</span> <span class='ocrx_word' id='word_1_58' title='bbox 741 1202 784 1264; x_wconf 92' lang='lat' dir='ltr'>de</span> <span class='ocrx_word' id='word_1_59' title='bbox 801 1221 917 1264; x_wconf 89' lang='lat' dir='ltr'>amore</span> <span class='ocrx_word' id='word_1_60' title='bbox 933 1222 1013 1264; x_wconf 92' lang='lat' dir='ltr'>vere</span> <span class='ocrx_word' id='word_1_61' title='bbox 1028 1201 1225 1284; x_wconf 89' lang='lat' dir='ltr'>conjugiali,</span> <span class='ocrx_word' id='word_1_62' title='bbox 1243 1213 1278 1266; x_wconf 92' lang='lat' dir='ltr'>et</span> <span class='ocrx_word' id='word_1_63' title='bbox 1294 1222 1334 1266; x_wconf 87' lang='lat' dir='ltr'>ex</span> 
     </span>
     <span class='ocr_line' id='line_1_9' title="bbox 216 1295 1334 1378; baseline 0.002 -21"><span class='ocrx_word' id='word_1_64' title='bbox 216 1295 310 1359; x_wconf 89' lang='lat' dir='ltr'>nulla</span> <span class='ocrx_word' id='word_1_65' title='bbox 334 1298 556 1378; x_wconf 89' lang='lat' dir='ltr'>perceptione</span> <span class='ocrx_word' id='word_1_66' title='bbox 579 1317 699 1360; x_wconf 86' lang='lat' dir='ltr'>sensus</span> <span class='ocrx_word' id='word_1_67' title='bbox 722 1298 765 1360; x_wconf 92' lang='lat' dir='ltr'>de</span> <span class='ocrx_word' id='word_1_68' title='bbox 788 1296 1057 1360; x_wconf 89' lang='lat' dir='ltr'>beatitudinibus</span> <span class='ocrx_word' id='word_1_69' title='bbox 1080 1297 1170 1359; x_wconf 93' lang='lat' dir='ltr'>illius</span> <span class='ocrx_word' id='word_1_70' title='bbox 1192 1298 1334 1375; x_wconf 83' lang='lat' dir='ltr'>amoris;</span> 
     </span>
     <span class='ocr_line' id='line_1_10' title="bbox 215 1391 1334 1474; baseline 0.004 -22"><span class='ocrx_word' id='word_1_71' title='bbox 215 1410 261 1452; x_wconf 89' lang='lat' dir='ltr'>ex</span> <span class='ocrx_word' id='word_1_72' title='bbox 280 1411 422 1473; x_wconf 92' lang='lat' dir='ltr'>quarum</span> <span class='ocrx_word' id='word_1_73' title='bbox 441 1392 598 1454; x_wconf 89' lang='lat' dir='ltr'>absentia</span> <span class='ocrx_word' id='word_1_74' title='bbox 618 1412 678 1474; x_wconf 91' lang='lat' dir='ltr'>pro</span> <span class='ocrx_word' id='word_1_75' title='bbox 697 1411 813 1454; x_wconf 92' lang='lat' dir='ltr'>amore</span> <span class='ocrx_word' id='word_1_76' title='bbox 833 1391 893 1454; x_wconf 93' lang='lat' dir='ltr'>illo</span> <span class='ocrx_word' id='word_1_77' title='bbox 911 1401 965 1454; x_wconf 89' lang='lat' dir='ltr'>est</span> <span class='ocrx_word' id='word_1_78' title='bbox 984 1392 1117 1474; x_wconf 92' lang='lat' dir='ltr'>cupido,</span> <span class='ocrx_word' id='word_1_79' title='bbox 1136 1413 1224 1474; x_wconf 88' lang='lat' dir='ltr'>quae</span> <span class='ocrx_word' id='word_1_80' title='bbox 1243 1412 1334 1456; x_wconf 89' lang='lat' dir='ltr'>men·</span> 
     </span>
     <span class='ocr_line' id='line_1_11' title="bbox 215 1485 1335 1568; baseline 0.003 -21"><span class='ocrx_word' id='word_1_81' title='bbox 215 1487 300 1548; x_wconf 92' lang='lat' dir='ltr'>titur</span> <span class='ocrx_word' id='word_1_82' title='bbox 329 1485 423 1548; x_wconf 91' lang='lat' dir='ltr'>illum</span> <span class='ocrx_word' id='word_1_83' title='bbox 454 1505 626 1562; x_wconf 91' lang='lat' dir='ltr'>amorem;</span> <span class='ocrx_word' id='word_1_84' title='bbox 661 1507 706 1549; x_wconf 87' lang='lat' dir='ltr'>ex</span> <span class='ocrx_word' id='word_1_85' title='bbox 736 1486 800 1549; x_wconf 92' lang='lat' dir='ltr'>hac</span> <span class='ocrx_word' id='word_1_86' title='bbox 830 1487 999 1568; x_wconf 90' lang='lat' dir='ltr'>cupidine,</span> <span class='ocrx_word' id='word_1_87' title='bbox 1024 1496 1160 1548; x_wconf 92' lang='lat' dir='ltr'>remoto</span> <span class='ocrx_word' id='word_1_88' title='bbox 1189 1488 1335 1567; x_wconf 90' lang='lat' dir='ltr'>genuino</span> 
     </span>
     <span class='ocr_line' id='line_1_12' title="bbox 214 1579 1344 1663; baseline 0.003 -22"><span class='ocrx_word' id='word_1_89' title='bbox 214 1599 342 1655; x_wconf 89' lang='lat' dir='ltr'>amore,</span> <span class='ocrx_word' id='word_1_90' title='bbox 363 1579 500 1662; x_wconf 85' lang='lat' dir='ltr'>profluit</span> <span class='ocrx_word' id='word_1_91' title='bbox 519 1581 668 1644; x_wconf 90' lang='lat' dir='ltr'>ambitus</span> <span class='ocrx_word' id='word_1_92' title='bbox 687 1582 731 1643; x_wconf 88' lang='lat' dir='ltr'>de</span> <span class='ocrx_word' id='word_1_93' title='bbox 749 1591 938 1663; x_wconf 90' lang='lat' dir='ltr'>potestate,</span> <span class='ocrx_word' id='word_1_94' title='bbox 956 1580 1012 1662; x_wconf 92' lang='lat' dir='ltr'>qui</span> <span class='ocrx_word' id='word_1_95' title='bbox 1028 1581 1232 1662; x_wconf 89' lang='lat' dir='ltr'>quibusdam</span> <span class='ocrx_word' id='word_1_96' title='bbox 1249 1583 1344 1644; x_wconf 85' lang='lat' dir='ltr'>inest·</span> 
     </span>
     <span class='ocr_line' id='line_1_13' title="bbox 215 1673 1334 1758; baseline 0.003 -22"><span class='ocrx_word' id='word_1_97' title='bbox 215 1695 260 1736; x_wconf 87' lang='lat' dir='ltr'>ex</span> <span class='ocrx_word' id='word_1_98' title='bbox 276 1673 426 1754; x_wconf 89' lang='lat' dir='ltr'>jucundo</span> <span class='ocrx_word' id='word_1_99' title='bbox 445 1677 571 1738; x_wconf 91' lang='lat' dir='ltr'>amoris</span> <span class='ocrx_word' id='word_1_100' title='bbox 590 1676 801 1750; x_wconf 90' lang='lat' dir='ltr'>dominandi,</span> <span class='ocrx_word' id='word_1_101' title='bbox 821 1676 1023 1758; x_wconf 91' lang='lat' dir='ltr'>quibusdam</span> <span class='ocrx_word' id='word_1_102' title='bbox 1043 1675 1268 1757; x_wconf 89' lang='lat' dir='ltr'>implantatus</span> <span class='ocrx_word' id='word_1_103' title='bbox 1284 1687 1334 1740; x_wconf 91' lang='lat' dir='ltr'>est</span> 
     </span>
     <span class='ocr_line' id='line_1_14' title="bbox 213 1770 1332 1853; baseline 0.002 -21"><span class='ocrx_word' id='word_1_104' title='bbox 213 1790 234 1832; x_wconf 88' lang='lat' dir='ltr'>a</span> <span class='ocrx_word' id='word_1_105' title='bbox 264 1771 342 1832; x_wconf 91' lang='lat' dir='ltr'>sciis</span> <span class='ocrx_word' id='word_1_106' title='bbox 371 1770 504 1833; x_wconf 85' lang='lat' dir='ltr'>seminis</span> <span class='ocrx_word' id='word_1_107' title='bbox 531 1780 614 1833; x_wconf 90' lang='lat' dir='ltr'>ante</span> <span class='ocrx_word' id='word_1_108' title='bbox 644 1772 792 1853; x_wconf 90' lang='lat' dir='ltr'>nuptias,</span> <span class='ocrx_word' id='word_1_109' title='bbox 817 1781 853 1834; x_wconf 90' lang='lat' dir='ltr'>et</span> <span class='ocrx_word' id='word_1_110' title='bbox 877 1771 1077 1852; x_wconf 91' lang='lat' dir='ltr'>quibusdam</span> <span class='ocrx_word' id='word_1_111' title='bbox 1102 1781 1156 1833; x_wconf 94' lang='lat' dir='ltr'>est</span> <span class='ocrx_word' id='word_1_112' title='bbox 1184 1771 1332 1852; x_wconf 85' lang='lat' dir='ltr'>ignotus.</span> 
     </span>
     <span class='ocr_line' id='line_1_15' title="bbox 215 1864 1381 1947; baseline 0.003 -21"><span class='ocrx_word' id='word_1_113' title='bbox 215 1864 288 1928; x_wconf 90' lang='lat' dir='ltr'>Viri</span> <span class='ocrx_word' id='word_1_114' title='bbox 311 1865 367 1947; x_wconf 95' lang='lat' dir='ltr'>qui</span> <span class='ocrx_word' id='word_1_115' title='bbox 394 1866 427 1927; x_wconf 94' lang='lat' dir='ltr'>in</span> <span class='ocrx_word' id='word_1_116' title='bbox 453 1865 518 1927; x_wconf 90' lang='lat' dir='ltr'>hoc</span> <span class='ocrx_word' id='word_1_117' title='bbox 543 1866 674 1928; x_wconf 91' lang='lat' dir='ltr'>ambitu</span> <span class='ocrx_word' id='word_1_118' title='bbox 698 1874 788 1938; x_wconf 91' lang='lat' dir='ltr'>sunt,</span> <span class='ocrx_word' id='word_1_119' title='bbox 813 1876 849 1929; x_wconf 89' lang='lat' dir='ltr'>et</span> <span class='ocrx_word' id='word_1_120' title='bbox 877 1876 957 1947; x_wconf 89' lang='lat' dir='ltr'>post</span> <span class='ocrx_word' id='word_1_121' title='bbox 980 1864 1223 1929; x_wconf 85' lang='lat' dir='ltr'>aemulationis</span> <span class='ocrx_word' id='word_1_122' title='bbox 1244 1868 1332 1929; x_wconf 82' lang='lat' dir='ltr'>vices</span> <span class='ocrx_word' id='word_1_123' title='bbox 1377 1880 1381 1894; x_wconf 87' lang='lat'>&#39;</span> 
     </span>
     <span class='ocr_line' id='line_1_16' title="bbox 213 1959 1332 2041; baseline 0.003 -20"><span class='ocrx_word' id='word_1_124' title='bbox 213 1960 390 2041; x_wconf 89' lang='lat' dir='ltr'>imperium</span> <span class='ocrx_word' id='word_1_125' title='bbox 413 1962 585 2032; x_wconf 89' lang='lat' dir='ltr'>obtinent,</span> <span class='ocrx_word' id='word_1_126' title='bbox 610 1962 772 2041; x_wconf 89' lang='lat' dir='ltr'>redigunt</span> <span class='ocrx_word' id='word_1_127' title='bbox 796 1980 922 2022; x_wconf 86' lang='lat' dir='ltr'>uxores</span> <span class='ocrx_word' id='word_1_128' title='bbox 945 1959 999 2022; x_wconf 94' lang='lat' dir='ltr'>vel</span> <span class='ocrx_word' id='word_1_129' title='bbox 1023 1961 1057 2022; x_wconf 92' lang='lat' dir='ltr'>in</span> <span class='ocrx_word' id='word_1_130' title='bbox 1080 1961 1332 2041; x_wconf 88' lang='lat' dir='ltr'>possessionem</span> 
     </span>
     <span class='ocr_line' id='line_1_17' title="bbox 213 2054 1332 2139; baseline 0.003 -22"><span class='ocrx_word' id='word_1_131' title='bbox 213 2057 263 2117; x_wconf 93' lang='lat' dir='ltr'>sui</span> <span class='ocrx_word' id='word_1_132' title='bbox 278 2054 371 2135; x_wconf 87' lang='lat' dir='ltr'>juris,</span> <span class='ocrx_word' id='word_1_133' title='bbox 389 2055 444 2118; x_wconf 92' lang='lat' dir='ltr'>vel</span> <span class='ocrx_word' id='word_1_134' title='bbox 460 2056 493 2118; x_wconf 93' lang='lat' dir='ltr'>in</span> <span class='ocrx_word' id='word_1_135' title='bbox 511 2056 673 2138; x_wconf 91' lang='lat' dir='ltr'>obsequia</span> <span class='ocrx_word' id='word_1_136' title='bbox 689 2057 739 2118; x_wconf 92' lang='lat' dir='ltr'>sui</span> <span class='ocrx_word' id='word_1_137' title='bbox 759 2056 899 2128; x_wconf 89' lang='lat' dir='ltr'>arbitrii,</span> <span class='ocrx_word' id='word_1_138' title='bbox 918 2054 972 2118; x_wconf 92' lang='lat' dir='ltr'>vel</span> <span class='ocrx_word' id='word_1_139' title='bbox 992 2055 1025 2117; x_wconf 93' lang='lat' dir='ltr'>in</span> <span class='ocrx_word' id='word_1_140' title='bbox 1045 2056 1227 2137; x_wconf 90' lang='lat' dir='ltr'>mancipia,</span> <span class='ocrx_word' id='word_1_141' title='bbox 1245 2058 1332 2139; x_wconf 93' lang='lat' dir='ltr'>quis·</span> 
     </span>
     <span class='ocr_line' id='line_1_18' title="bbox 213 2148 1331 2232; baseline 0.003 -21"><span class='ocrx_word' id='word_1_142' title='bbox 213 2171 277 2230; x_wconf 90' lang='lat' dir='ltr'>que</span> <span class='ocrx_word' id='word_1_143' title='bbox 290 2151 477 2213; x_wconf 92' lang='lat' dir='ltr'>secundum</span> <span class='ocrx_word' id='word_1_144' title='bbox 491 2151 640 2213; x_wconf 90' lang='lat' dir='ltr'>ambitus</span> <span class='ocrx_word' id='word_1_145' title='bbox 654 2150 741 2212; x_wconf 92' lang='lat' dir='ltr'>illius</span> <span class='ocrx_word' id='word_1_146' title='bbox 754 2151 898 2230; x_wconf 90' lang='lat' dir='ltr'>gradum</span> <span class='ocrx_word' id='word_1_147' title='bbox 911 2159 946 2212; x_wconf 86' lang='lat' dir='ltr'>et</span> <span class='ocrx_word' id='word_1_148' title='bbox 957 2148 1188 2232; x_wconf 90' lang='lat' dir='ltr'>qualificatum</span> <span class='ocrx_word' id='word_1_149' title='bbox 1203 2162 1331 2215; x_wconf 84' lang='lat' dir='ltr'>statum</span> 
     </span>
     <span class='ocr_line' id='line_1_19' title="bbox 213 2244 1331 2327; baseline 0.004 -22"><span class='ocrx_word' id='word_1_150' title='bbox 213 2245 351 2307; x_wconf 90' lang='lat' dir='ltr'>insitum</span> <span class='ocrx_word' id='word_1_151' title='bbox 368 2255 403 2308; x_wconf 86' lang='lat' dir='ltr'>et</span> <span class='ocrx_word' id='word_1_152' title='bbox 424 2245 592 2309; x_wconf 90' lang='lat' dir='ltr'>latentem</span> <span class='ocrx_word' id='word_1_153' title='bbox 608 2245 699 2327; x_wconf 92' lang='lat' dir='ltr'>apud</span> <span class='ocrx_word' id='word_1_154' title='bbox 718 2266 774 2321; x_wconf 87' lang='lat' dir='ltr'>se;</span> <span class='ocrx_word' id='word_1_155' title='bbox 799 2246 827 2306; x_wconf 92' lang='lat' dir='ltr'>si</span> <span class='ocrx_word' id='word_1_156' title='bbox 846 2244 962 2307; x_wconf 85' lang='lat' dir='ltr'>autem</span> <span class='ocrx_word' id='word_1_157' title='bbox 982 2265 1108 2307; x_wconf 85' lang='lat' dir='ltr'>uxores</span> <span class='ocrx_word' id='word_1_158' title='bbox 1127 2245 1160 2306; x_wconf 94' lang='lat' dir='ltr'>in</span> <span class='ocrx_word' id='word_1_159' title='bbox 1177 2244 1245 2309; x_wconf 92' lang='lat' dir='ltr'>hoc</span> <span class='ocrx_word' id='word_1_160' title='bbox 1261 2266 1331 2309; x_wconf 89' lang='lat' dir='ltr'>am·</span> 
     </span>
     <span class='ocr_line' id='line_1_20' title="bbox 211 2338 1329 2422; baseline 0.004 -22"><span class='ocrx_word' id='word_1_161' title='bbox 211 2338 284 2401; x_wconf 87' lang='lat' dir='ltr'>bitu</span> <span class='ocrx_word' id='word_1_162' title='bbox 308 2348 396 2413; x_wconf 88' lang='lat' dir='ltr'>sunt,</span> <span class='ocrx_word' id='word_1_163' title='bbox 421 2350 457 2402; x_wconf 93' lang='lat' dir='ltr'>et</span> <span class='ocrx_word' id='word_1_164' title='bbox 481 2349 558 2422; x_wconf 91' lang='lat' dir='ltr'>post</span> <span class='ocrx_word' id='word_1_165' title='bbox 580 2339 820 2402; x_wconf 91' lang='lat' dir='ltr'>aemulationis</span> <span class='ocrx_word' id='word_1_166' title='bbox 843 2340 936 2401; x_wconf 85' lang='lat' dir='ltr'>vices</span> <span class='ocrx_word' id='word_1_167' title='bbox 958 2340 1135 2420; x_wconf 89' lang='lat' dir='ltr'>imperium</span> <span class='ocrx_word' id='word_1_168' title='bbox 1160 2341 1329 2411; x_wconf 81' lang='lat' dir='ltr'>obtinent,</span> 
     </span>
     <span class='ocr_line' id='line_1_21' title="bbox 211 2432 1329 2516; baseline 0.001 -20"><span class='ocrx_word' id='word_1_169' title='bbox 211 2434 370 2514; x_wconf 87' lang='lat' dir='ltr'>redigunt</span> <span class='ocrx_word' id='word_1_170' title='bbox 387 2435 529 2497; x_wconf 92' lang='lat' dir='ltr'>maritos</span> <span class='ocrx_word' id='word_1_171' title='bbox 545 2455 624 2496; x_wconf 92' lang='lat' dir='ltr'>suos</span> <span class='ocrx_word' id='word_1_172' title='bbox 641 2433 696 2496; x_wconf 94' lang='lat' dir='ltr'>vel</span> <span class='ocrx_word' id='word_1_173' title='bbox 716 2435 750 2496; x_wconf 91' lang='lat' dir='ltr'>in</span> <span class='ocrx_word' id='word_1_174' title='bbox 769 2434 1016 2516; x_wconf 91' lang='lat' dir='ltr'>aequalitatem</span> <span class='ocrx_word' id='word_1_175' title='bbox 1032 2432 1114 2513; x_wconf 88' lang='lat' dir='ltr'>juris</span> <span class='ocrx_word' id='word_1_176' title='bbox 1133 2454 1261 2510; x_wconf 89' lang='lat' dir='ltr'>secum,</span> <span class='ocrx_word' id='word_1_177' title='bbox 1279 2435 1329 2498; x_wconf 92' lang='lat' dir='ltr'>vel</span> 
     </span>
     <span class='ocr_line' id='line_1_22' title="bbox 210 2528 1328 2613; baseline 0.002 -22"><span class='ocrx_word' id='word_1_178' title='bbox 210 2528 244 2591; x_wconf 91' lang='lat' dir='ltr'>in</span> <span class='ocrx_word' id='word_1_179' title='bbox 264 2530 427 2611; x_wconf 90' lang='lat' dir='ltr'>obsequia</span> <span class='ocrx_word' id='word_1_180' title='bbox 447 2530 495 2591; x_wconf 94' lang='lat' dir='ltr'>sui</span> <span class='ocrx_word' id='word_1_181' title='bbox 515 2530 655 2602; x_wconf 90' lang='lat' dir='ltr'>arbitrii,</span> <span class='ocrx_word' id='word_1_182' title='bbox 674 2528 727 2592; x_wconf 89' lang='lat' dir='ltr'>vel</span> <span class='ocrx_word' id='word_1_183' title='bbox 744 2531 777 2592; x_wconf 91' lang='lat' dir='ltr'>in</span> <span class='ocrx_word' id='word_1_184' title='bbox 798 2529 986 2611; x_wconf 89' lang='lat' dir='ltr'>mancipia;</span> <span class='ocrx_word' id='word_1_185' title='bbox 1010 2537 1047 2591; x_wconf 94' lang='lat' dir='ltr'>at</span> <span class='ocrx_word' id='word_1_186' title='bbox 1066 2529 1227 2611; x_wconf 90' lang='lat' dir='ltr'>quoniam</span> <span class='ocrx_word' id='word_1_187' title='bbox 1243 2531 1328 2613; x_wconf 90' lang='lat' dir='ltr'>apud</span> 
     </span>
     <span class='ocr_line' id='line_1_23' title="bbox 211 2622 1328 2705; baseline 0.002 -21"><span class='ocrx_word' id='word_1_188' title='bbox 211 2643 347 2697; x_wconf 86' lang='lat' dir='ltr'>uxores,</span> <span class='ocrx_word' id='word_1_189' title='bbox 369 2633 448 2703; x_wconf 87' lang='lat' dir='ltr'>post</span> <span class='ocrx_word' id='word_1_190' title='bbox 468 2623 633 2686; x_wconf 91' lang='lat' dir='ltr'>obtentos</span> <span class='ocrx_word' id='word_1_191' title='bbox 657 2625 786 2705; x_wconf 89' lang='lat' dir='ltr'>imperii</span> <span class='ocrx_word' id='word_1_192' title='bbox 809 2623 919 2686; x_wconf 83' lang='lat' dir='ltr'>fasces</span> <span class='ocrx_word' id='word_1_193' title='bbox 941 2623 985 2684; x_wconf 94' lang='lat' dir='ltr'>ab</span> <span class='ocrx_word' id='word_1_194' title='bbox 1004 2622 1080 2697; x_wconf 83' lang='lat' dir='ltr'>illis,</span> <span class='ocrx_word' id='word_1_195' title='bbox 1098 2635 1255 2688; x_wconf 89' lang='lat' dir='ltr'>remanet</span> <span class='ocrx_word' id='word_1_196' title='bbox 1274 2645 1328 2688; x_wconf 89' lang='lat' dir='ltr'>cu·</span> 
     </span>
     <span class='ocr_line' id='line_1_24' title="bbox 210 2717 1329 2802; baseline 0 -21"><span class='ocrx_word' id='word_1_197' title='bbox 210 2720 290 2801; x_wconf 89' lang='lat' dir='ltr'>pido</span> <span class='ocrx_word' id='word_1_198' title='bbox 319 2740 405 2802; x_wconf 91' lang='lat' dir='ltr'>quae</span> <span class='ocrx_word' id='word_1_199' title='bbox 435 2720 600 2781; x_wconf 87' lang='lat' dir='ltr'>mentitur</span> <span class='ocrx_word' id='word_1_200' title='bbox 629 2737 782 2781; x_wconf 91' lang='lat' dir='ltr'>amorem</span> <span class='ocrx_word' id='word_1_201' title='bbox 816 2717 1055 2798; x_wconf 87' lang='lat' dir='ltr'>conjugialem,</span> <span class='ocrx_word' id='word_1_202' title='bbox 1087 2717 1259 2783; x_wconf 83' lang='lat' dir='ltr'>refrenata</span> <span class='ocrx_word' id='word_1_203' title='bbox 1286 2739 1329 2783; x_wconf 89' lang='lat' dir='ltr'>ex</span> 
     </span>
     <span class='ocr_line' id='line_1_25' title="bbox 209 2812 1328 2895; baseline 0.001 -19"><span class='ocrx_word' id='word_1_204' title='bbox 209 2813 287 2894; x_wconf 89' lang='lat' dir='ltr'>lege</span> <span class='ocrx_word' id='word_1_205' title='bbox 316 2824 352 2877; x_wconf 90' lang='lat' dir='ltr'>et</span> <span class='ocrx_word' id='word_1_206' title='bbox 382 2834 427 2875; x_wconf 90' lang='lat' dir='ltr'>ex</span> <span class='ocrx_word' id='word_1_207' title='bbox 455 2814 578 2875; x_wconf 89' lang='lat' dir='ltr'>timore</span> <span class='ocrx_word' id='word_1_208' title='bbox 608 2814 835 2895; x_wconf 91' lang='lat' dir='ltr'>separationis</span> <span class='ocrx_word' id='word_1_209' title='bbox 859 2813 1044 2894; x_wconf 84' lang='lat' dir='ltr'>legitimae,</span> <span class='ocrx_word' id='word_1_210' title='bbox 1067 2812 1095 2874; x_wconf 95' lang='lat' dir='ltr'>si</span> <span class='ocrx_word' id='word_1_211' title='bbox 1119 2823 1328 2894; x_wconf 87' lang='lat' dir='ltr'>potestatem</span> 
     </span>
     <span class='ocr_line' id='line_1_26' title="bbox 208 2907 1328 2982; baseline 0.001 -12"><span class='ocrx_word' id='word_1_212' title='bbox 208 2927 303 2971; x_wconf 89' lang='lat' dir='ltr'>suam</span> <span class='ocrx_word' id='word_1_213' title='bbox 323 2907 413 2970; x_wconf 91' lang='lat' dir='ltr'>ultra</span> <span class='ocrx_word' id='word_1_214' title='bbox 436 2907 486 2969; x_wconf 85' lang='lat' dir='ltr'>sas</span> <span class='ocrx_word' id='word_1_215' title='bbox 506 2907 538 2969; x_wconf 92' lang='lat' dir='ltr'>in</span> <span class='ocrx_word' id='word_1_216' title='bbox 563 2907 657 2969; x_wconf 81' lang='lat' dir='ltr'>nefas</span> <span class='ocrx_word' id='word_1_217' title='bbox 680 2909 887 2982; x_wconf 87' lang='lat' dir='ltr'>extendunt,</span> <span class='ocrx_word' id='word_1_218' title='bbox 908 2909 986 2970; x_wconf 88' lang='lat' dir='ltr'>ideo</span> <span class='ocrx_word' id='word_1_219' title='bbox 1005 2909 1202 2970; x_wconf 87' lang='lat' dir='ltr'>consociam</span> <span class='ocrx_word' id='word_1_220' title='bbox 1223 2908 1328 2971; x_wconf 89' lang='lat' dir='ltr'>vitam</span> 
     </span>
     <span class='ocr_line' id='line_1_27' title="bbox 208 3001 1328 3082; baseline 0.001 -18"><span class='ocrx_word' id='word_1_221' title='bbox 208 3022 285 3065; x_wconf 92' lang='lat' dir='ltr'>cum</span> <span class='ocrx_word' id='word_1_222' title='bbox 307 3002 436 3064; x_wconf 92' lang='lat' dir='ltr'>maritis</span> <span class='ocrx_word' id='word_1_223' title='bbox 454 3010 573 3081; x_wconf 90' lang='lat' dir='ltr'>agunt.</span> <span class='ocrx_word' id='word_1_224' title='bbox 620 3001 739 3082; x_wconf 84' lang='lat' dir='ltr'>Qualis</span> <span class='ocrx_word' id='word_1_225' title='bbox 759 3013 874 3066; x_wconf 91' lang='lat' dir='ltr'>autem</span> <span class='ocrx_word' id='word_1_226' title='bbox 898 3022 993 3065; x_wconf 88' lang='lat' dir='ltr'>amor</span> <span class='ocrx_word' id='word_1_227' title='bbox 1012 3014 1048 3065; x_wconf 92' lang='lat' dir='ltr'>et</span> <span class='ocrx_word' id='word_1_228' title='bbox 1071 3002 1224 3066; x_wconf 89' lang='lat' dir='ltr'>amicitia</span> <span class='ocrx_word' id='word_1_229' title='bbox 1242 3003 1328 3065; x_wconf 88' lang='lat' dir='ltr'>inter</span> 
     </span>
     <span class='ocr_line' id='line_1_28' title="bbox 208 3097 1328 3179; baseline 0.003 -21"><span class='ocrx_word' id='word_1_230' title='bbox 208 3097 382 3158; x_wconf 91' lang='lat' dir='ltr'>dominam</span> <span class='ocrx_word' id='word_1_231' title='bbox 412 3115 554 3159; x_wconf 90' lang='lat' dir='ltr'>uxorem</span> <span class='ocrx_word' id='word_1_232' title='bbox 582 3105 618 3159; x_wconf 89' lang='lat' dir='ltr'>et</span> <span class='ocrx_word' id='word_1_233' title='bbox 649 3098 809 3160; x_wconf 89' lang='lat' dir='ltr'>maritum</span> <span class='ocrx_word' id='word_1_234' title='bbox 838 3116 984 3170; x_wconf 92' lang='lat' dir='ltr'>servum,</span> <span class='ocrx_word' id='word_1_235' title='bbox 1010 3107 1083 3160; x_wconf 87' lang='lat' dir='ltr'>tum</span> <span class='ocrx_word' id='word_1_236' title='bbox 1107 3097 1218 3179; x_wconf 93' lang='lat' dir='ltr'>qualis</span> <span class='ocrx_word' id='word_1_237' title='bbox 1241 3098 1328 3161; x_wconf 88' lang='lat' dir='ltr'>inter</span> 
     </span>
     <span class='ocr_line' id='line_1_29' title="bbox 207 3192 1326 3275; baseline 0.004 -22"><span class='ocrx_word' id='word_1_238' title='bbox 207 3192 382 3253; x_wconf 93' lang='lat' dir='ltr'>dominum</span> <span class='ocrx_word' id='word_1_239' title='bbox 400 3192 558 3254; x_wconf 90' lang='lat' dir='ltr'>maritum</span> <span class='ocrx_word' id='word_1_240' title='bbox 576 3202 611 3254; x_wconf 92' lang='lat' dir='ltr'>et</span> <span class='ocrx_word' id='word_1_241' title='bbox 629 3212 770 3255; x_wconf 85' lang='lat' dir='ltr'>uxorem</span> <span class='ocrx_word' id='word_1_242' title='bbox 790 3212 935 3263; x_wconf 87' lang='lat' dir='ltr'>servam,</span> <span class='ocrx_word' id='word_1_243' title='bbox 952 3193 1146 3265; x_wconf 87' lang='lat' dir='ltr'>intercedit,</span> <span class='ocrx_word' id='word_1_244' title='bbox 1165 3213 1233 3255; x_wconf 94' lang='lat' dir='ltr'>non</span> <span class='ocrx_word' id='word_1_245' title='bbox 1250 3204 1326 3275; x_wconf 92' lang='lat' dir='ltr'>pot·</span> 
     </span>
     <span class='ocr_line' id='line_1_30' title="bbox 207 3286 1326 3366; baseline 0.001 -17"><span class='ocrx_word' id='word_1_246' title='bbox 207 3295 261 3349; x_wconf 91' lang='lat' dir='ltr'>est</span> <span class='ocrx_word' id='word_1_247' title='bbox 286 3286 401 3366; x_wconf 90' lang='lat' dir='ltr'>paucis</span> <span class='ocrx_word' id='word_1_248' title='bbox 424 3287 535 3348; x_wconf 88' lang='lat' dir='ltr'>verbis</span> <span class='ocrx_word' id='word_1_249' title='bbox 559 3287 728 3363; x_wconf 89' lang='lat' dir='ltr'>describi;</span> <span class='ocrx_word' id='word_1_250' title='bbox 763 3288 867 3349; x_wconf 91' lang='lat' dir='ltr'>immo</span> <span class='ocrx_word' id='word_1_251' title='bbox 897 3288 924 3350; x_wconf 91' lang='lat' dir='ltr'>si</span> <span class='ocrx_word' id='word_1_252' title='bbox 958 3287 1171 3350; x_wconf 81' lang='lat' dir='ltr'>differentiae</span> <span class='ocrx_word' id='word_1_253' title='bbox 1194 3287 1326 3350; x_wconf 89' lang='lat' dir='ltr'>illarum</span> 
     </span>
     <span class='ocr_line' id='line_1_31' title="bbox 208 3380 1325 3463; baseline 0.001 -19"><span class='ocrx_word' id='word_1_254' title='bbox 208 3381 441 3444; x_wconf 81' lang='lat' dir='ltr'>conferrentur</span> <span class='ocrx_word' id='word_1_255' title='bbox 459 3382 492 3444; x_wconf 91' lang='lat' dir='ltr'>in</span> <span class='ocrx_word' id='word_1_256' title='bbox 513 3383 655 3463; x_wconf 88' lang='lat' dir='ltr'>species,</span> <span class='ocrx_word' id='word_1_257' title='bbox 676 3392 711 3446; x_wconf 89' lang='lat' dir='ltr'>et</span> <span class='ocrx_word' id='word_1_258' title='bbox 731 3382 795 3445; x_wconf 89' lang='lat' dir='ltr'>hae</span> <span class='ocrx_word' id='word_1_259' title='bbox 814 3393 1084 3455; x_wconf 88' lang='lat' dir='ltr'>recenserentur,</span> <span class='ocrx_word' id='word_1_260' title='bbox 1105 3402 1174 3445; x_wconf 93' lang='lat' dir='ltr'>non</span> <span class='ocrx_word' id='word_1_261' title='bbox 1193 3380 1325 3445; x_wconf 87' lang='lat' dir='ltr'>suffice·</span> 
     </span>
     <span class='ocr_line' id='line_1_32' title="bbox 207 3477 1325 3557; baseline -0.001 -18"><span class='ocrx_word' id='word_1_262' title='bbox 207 3485 283 3539; x_wconf 90' lang='lat' dir='ltr'>rent</span> <span class='ocrx_word' id='word_1_263' title='bbox 303 3478 449 3557; x_wconf 87' lang='lat' dir='ltr'>paginae</span> <span class='ocrx_word' id='word_1_264' title='bbox 465 3498 472 3543; x_wconf 92' lang='lat'>:</span> <span class='ocrx_word' id='word_1_265' title='bbox 496 3486 575 3539; x_wconf 91' lang='lat' dir='ltr'>sunt</span> <span class='ocrx_word' id='word_1_266' title='bbox 591 3478 681 3539; x_wconf 91' lang='lat' dir='ltr'>enim</span> <span class='ocrx_word' id='word_1_267' title='bbox 697 3478 810 3539; x_wconf 90' lang='lat' dir='ltr'>variae</span> <span class='ocrx_word' id='word_1_268' title='bbox 827 3486 861 3539; x_wconf 89' lang='lat' dir='ltr'>et</span> <span class='ocrx_word' id='word_1_269' title='bbox 877 3478 1051 3554; x_wconf 90' lang='lat' dir='ltr'>diversae;</span> <span class='ocrx_word' id='word_1_270' title='bbox 1075 3477 1189 3539; x_wconf 90' lang='lat' dir='ltr'>variae</span> <span class='ocrx_word' id='word_1_271' title='bbox 1205 3496 1325 3540; x_wconf 92' lang='lat' dir='ltr'>secun·</span> 
     </span>
     <span class='ocr_line' id='line_1_33' title="bbox 206 3571 1325 3654; baseline 0 -21"><span class='ocrx_word' id='word_1_272' title='bbox 206 3571 287 3633; x_wconf 94' lang='lat' dir='ltr'>dum</span> <span class='ocrx_word' id='word_1_273' title='bbox 317 3571 466 3634; x_wconf 90' lang='lat' dir='ltr'>ambitus</span> <span class='ocrx_word' id='word_1_274' title='bbox 496 3581 653 3634; x_wconf 89' lang='lat' dir='ltr'>naturam</span> <span class='ocrx_word' id='word_1_275' title='bbox 683 3572 771 3653; x_wconf 92' lang='lat' dir='ltr'>apud</span> <span class='ocrx_word' id='word_1_276' title='bbox 796 3573 897 3646; x_wconf 91' lang='lat' dir='ltr'>viros,</span> <span class='ocrx_word' id='word_1_277' title='bbox 922 3572 1078 3634; x_wconf 91' lang='lat' dir='ltr'>similiter</span> <span class='ocrx_word' id='word_1_278' title='bbox 1101 3571 1214 3634; x_wconf 92' lang='lat' dir='ltr'>variae</span> <span class='ocrx_word' id='word_1_279' title='bbox 1238 3571 1325 3654; x_wconf 91' lang='lat' dir='ltr'>apud</span> 
     </span>
     <span class='ocr_line' id='line_1_34' title="bbox 206 3666 1325 3749; baseline 0 -21"><span class='ocrx_word' id='word_1_280' title='bbox 206 3685 354 3743; x_wconf 87' lang='lat' dir='ltr'>uxores;</span> <span class='ocrx_word' id='word_1_281' title='bbox 388 3675 424 3728; x_wconf 91' lang='lat' dir='ltr'>et</span> <span class='ocrx_word' id='word_1_282' title='bbox 455 3666 609 3729; x_wconf 90' lang='lat' dir='ltr'>diversae</span> <span class='ocrx_word' id='word_1_283' title='bbox 639 3669 787 3729; x_wconf 90' lang='lat' dir='ltr'>virorum</span> <span class='ocrx_word' id='word_1_284' title='bbox 818 3668 861 3729; x_wconf 92' lang='lat' dir='ltr'>ab</span> <span class='ocrx_word' id='word_1_285' title='bbox 894 3666 972 3738; x_wconf 87' lang='lat' dir='ltr'>illis,</span> <span class='ocrx_word' id='word_1_286' title='bbox 1003 3687 1090 3749; x_wconf 91' lang='lat' dir='ltr'>quae</span> <span class='ocrx_word' id='word_1_287' title='bbox 1123 3676 1204 3729; x_wconf 87' lang='lat' dir='ltr'>sunt</span> <span class='ocrx_word' id='word_1_288' title='bbox 1237 3667 1325 3749; x_wconf 92' lang='lat' dir='ltr'>apud</span> 
     </span>
     <span class='ocr_line' id='line_1_35' title="bbox 205 3759 1324 3825; baseline -0.001 -2"><span class='ocrx_word' id='word_1_289' title='bbox 205 3761 366 3824; x_wconf 82' lang='lat' dir='ltr'>feminas:</span> <span class='ocrx_word' id='word_1_290' title='bbox 391 3760 452 3823; x_wconf 90' lang='lat' dir='ltr'>viri</span> <span class='ocrx_word' id='word_1_291' title='bbox 469 3761 558 3823; x_wconf 91' lang='lat' dir='ltr'>tales</span> <span class='ocrx_word' id='word_1_292' title='bbox 577 3763 667 3825; x_wconf 90' lang='lat' dir='ltr'>enim</span> <span class='ocrx_word' id='word_1_293' title='bbox 688 3764 720 3825; x_wconf 92' lang='lat' dir='ltr'>in</span> <span class='ocrx_word' id='word_1_294' title='bbox 741 3761 833 3823; x_wconf 92' lang='lat' dir='ltr'>nulla</span> <span class='ocrx_word' id='word_1_295' title='bbox 852 3761 1003 3824; x_wconf 90' lang='lat' dir='ltr'>amicitia</span> <span class='ocrx_word' id='word_1_296' title='bbox 1022 3761 1147 3824; x_wconf 92' lang='lat' dir='ltr'>amoris</span> <span class='ocrx_word' id='word_1_297' title='bbox 1166 3770 1247 3824; x_wconf 89' lang='lat' dir='ltr'>sunt</span> <span class='ocrx_word' id='word_1_298' title='bbox 1264 3759 1324 3823; x_wconf 92' lang='lat' dir='ltr'>nisi</span> 
     </span>
     <span class='ocr_line' id='line_1_36' title="bbox 204 3853 1324 3937; baseline 0 -20"><span class='ocrx_word' id='word_1_299' title='bbox 204 3855 308 3929; x_wconf 84' lang='lat' dir='ltr'>latua,</span> <span class='ocrx_word' id='word_1_300' title='bbox 323 3864 358 3917; x_wconf 90' lang='lat' dir='ltr'>et</span> <span class='ocrx_word' id='word_1_301' title='bbox 376 3875 501 3917; x_wconf 86' lang='lat' dir='ltr'>uxores</span> <span class='ocrx_word' id='word_1_302' title='bbox 517 3857 550 3917; x_wconf 93' lang='lat' dir='ltr'>in</span> <span class='ocrx_word' id='word_1_303' title='bbox 567 3857 718 3919; x_wconf 90' lang='lat' dir='ltr'>amicitia</span> <span class='ocrx_word' id='word_1_304' title='bbox 734 3856 859 3919; x_wconf 90' lang='lat' dir='ltr'>amoris</span> <span class='ocrx_word' id='word_1_305' title='bbox 875 3856 977 3937; x_wconf 91' lang='lat' dir='ltr'>spurii</span> <span class='ocrx_word' id='word_1_306' title='bbox 994 3876 1038 3917; x_wconf 92' lang='lat' dir='ltr'>ex</span> <span class='ocrx_word' id='word_1_307' title='bbox 1055 3855 1223 3937; x_wconf 90' lang='lat' dir='ltr'>cupidine.</span> <span class='ocrx_word' id='word_1_308' title='bbox 1249 3853 1324 3936; x_wconf 85' lang='lat' dir='ltr'>Qua</span> 
     </span>
     <span class='ocr_line' id='line_1_37' title="bbox 204 3951 1322 4033; baseline -0.001 -20"><span class='ocrx_word' id='word_1_309' title='bbox 204 3959 320 4013; x_wconf 88' lang='lat' dir='ltr'>autem</span> <span class='ocrx_word' id='word_1_310' title='bbox 339 3959 413 4012; x_wconf 89' lang='lat' dir='ltr'>arte</span> <span class='ocrx_word' id='word_1_311' title='bbox 431 3971 557 4013; x_wconf 89' lang='lat' dir='ltr'>uxores</span> <span class='ocrx_word' id='word_1_312' title='bbox 575 3961 788 4033; x_wconf 92' lang='lat' dir='ltr'>potestatem</span> <span class='ocrx_word' id='word_1_313' title='bbox 806 3970 907 4032; x_wconf 89' lang='lat' dir='ltr'>super</span> <span class='ocrx_word' id='word_1_314' title='bbox 922 3951 1012 4013; x_wconf 90' lang='lat' dir='ltr'>viros</span> <span class='ocrx_word' id='word_1_315' title='bbox 1029 3951 1091 4013; x_wconf 92' lang='lat' dir='ltr'>sibi</span> <span class='ocrx_word' id='word_1_316' title='bbox 1110 3959 1322 4032; x_wconf 89' lang='lat' dir='ltr'>comparant,</span> 
     </span>
     <span class='ocr_line' id='line_1_38' title="bbox 203 4046 852 4127; baseline 0.002 -19"><span class='ocrx_word' id='word_1_317' title='bbox 203 4046 238 4109; x_wconf 94' lang='lat' dir='ltr'>in</span> <span class='ocrx_word' id='word_1_318' title='bbox 257 4065 345 4108; x_wconf 90' lang='lat' dir='ltr'>nunc</span> <span class='ocrx_word' id='word_1_319' title='bbox 363 4055 527 4127; x_wconf 89' lang='lat' dir='ltr'>sequente</span> <span class='ocrx_word' id='word_1_320' title='bbox 547 4046 691 4109; x_wconf 91' lang='lat' dir='ltr'>articulo</span> <span class='ocrx_word' id='word_1_321' title='bbox 710 4047 852 4109; x_wconf 90' lang='lat' dir='ltr'>dicetur.</span> 
     </span>
    </p>

    <p class='ocr_par' dir='ltr' id='par_1_3' title="bbox 202 4138 1321 4510">
     <span class='ocr_line' id='line_1_39' title="bbox 266 4138 1321 4227; baseline -0.001 -25"><span class='ocrx_word' id='word_1_322' title='bbox 266 4154 362 4223; x_wconf 67' lang='grc' dir='ltr'>οφ.</span> <span class='ocrx_word' id='word_1_323' title='bbox 394 4139 498 4222; x_wconf 87' lang='lat' dir='ltr'>(xxi.)</span> <span class='ocrx_word' id='word_1_324' title='bbox 526 4140 622 4217; x_wconf 84' lang='lat' dir='ltr'>Quod</span> <span class='ocrx_word' id='word_1_325' title='bbox 641 4142 761 4204; x_wconf 83' lang='lat' dir='ltr'>dentur</span> <span class='ocrx_word' id='word_1_326' title='bbox 777 4141 933 4227; x_wconf 84' lang='lat' dir='ltr'>conjugia</span> <span class='ocrx_word' id='word_1_327' title='bbox 948 4140 1132 4221; x_wconf 81' lang='lat' dir='ltr'>infernalia</span> <span class='ocrx_word' id='word_1_328' title='bbox 1150 4140 1186 4203; x_wconf 85' lang='lat' dir='ltr'>in</span> <span class='ocrx_word' id='word_1_329' title='bbox 1201 4138 1321 4205; x_wconf 80' lang='lat' dir='ltr'>mundo</span> 
     </span>
     <span class='ocr_line' id='line_1_40' title="bbox 203 4235 1321 4317; baseline 0 -19"><span class='ocrx_word' id='word_1_330' title='bbox 203 4237 290 4298; x_wconf 79' lang='lat' dir='ltr'>inter</span> <span class='ocrx_word' id='word_1_331' title='bbox 303 4235 461 4317; x_wconf 62' lang='lat' dir='ltr'>cominges,</span> <span class='ocrx_word' id='word_1_332' title='bbox 482 4236 542 4316; x_wconf 85' lang='lat' dir='ltr'>qui</span> <span class='ocrx_word' id='word_1_333' title='bbox 554 4237 694 4298; x_wconf 80' lang='lat' dir='ltr'>interius</span> <span class='ocrx_word' id='word_1_334' title='bbox 710 4245 789 4298; x_wconf 85' lang='lat' dir='ltr'>sunt</span> <span class='ocrx_word' id='word_1_335' title='bbox 806 4236 1032 4315; x_wconf 71' lang='lat' dir='ltr'>anfenst&#39;ssimi</span> <span class='ocrx_word' id='word_1_336' title='bbox 1046 4235 1168 4311; x_wconf 78' lang='lat' dir='ltr'>hostes,</span> <span class='ocrx_word' id='word_1_337' title='bbox 1186 4246 1219 4298; x_wconf 85' lang='lat' dir='ltr'>et</span> <span class='ocrx_word' id='word_1_338' title='bbox 1232 4246 1321 4299; x_wconf 78' lang='lat' dir='ltr'>exte·</span> 
     </span>
     <span class='ocr_line' id='line_1_41' title="bbox 202 4329 1319 4413; baseline -0.001 -21"><span class='ocrx_word' id='word_1_339' title='bbox 202 4332 278 4393; x_wconf 84' lang='lat' dir='ltr'>rins</span> <span class='ocrx_word' id='word_1_340' title='bbox 294 4329 378 4392; x_wconf 83' lang='lat' dir='ltr'>sicut</span> <span class='ocrx_word' id='word_1_341' title='bbox 392 4330 651 4412; x_wconf 63' lang='lat' dir='ltr'>connnnnsimi</span> <span class='ocrx_word' id='word_1_342' title='bbox 665 4330 928 4394; x_wconf 73' lang='lat' dir='ltr'>arnt&#39;ci.—Vetor</span> <span class='ocrx_word' id='word_1_343' title='bbox 944 4333 1080 4413; x_wconf 91' lang='lat' dir='ltr'>quidem</span> <span class='ocrx_word' id='word_1_344' title='bbox 1097 4332 1141 4394; x_wconf 89' lang='lat' dir='ltr'>ab</span> <span class='ocrx_word' id='word_1_345' title='bbox 1157 4332 1319 4395; x_wconf 87' lang='lat' dir='ltr'>uxoribus</span> 
     </span>
     <span class='ocr_line' id='line_1_42' title="bbox 203 4425 1319 4510; baseline -0.002 -19"><span class='ocrx_word' id='word_1_346' title='bbox 203 4427 284 4491; x_wconf 93' lang='lat' dir='ltr'>talis</span> <span class='ocrx_word' id='word_1_347' title='bbox 301 4427 415 4501; x_wconf 90' lang='lat' dir='ltr'>sortis,</span> <span class='ocrx_word' id='word_1_348' title='bbox 435 4446 522 4508; x_wconf 91' lang='lat' dir='ltr'>quae</span> <span class='ocrx_word' id='word_1_349' title='bbox 541 4425 574 4487; x_wconf 91' lang='lat' dir='ltr'>in</span> <span class='ocrx_word' id='word_1_350' title='bbox 594 4425 761 4508; x_wconf 90' lang='lat' dir='ltr'>spirituali</span> <span class='ocrx_word' id='word_1_351' title='bbox 781 4428 909 4490; x_wconf 93' lang='lat' dir='ltr'>mundo</span> <span class='ocrx_word' id='word_1_352' title='bbox 924 4436 1015 4503; x_wconf 89' lang='lat' dir='ltr'>sunt,</span> <span class='ocrx_word' id='word_1_353' title='bbox 1036 4426 1193 4510; x_wconf 83' lang='lat' dir='ltr'>conjugia</span> <span class='ocrx_word' id='word_1_354' title='bbox 1212 4427 1271 4491; x_wconf 87' lang='lat' dir='ltr'>illa</span> <span class='ocrx_word' id='word_1_355' title='bbox 1288 4426 1319 4490; x_wconf 89' lang='lat' dir='ltr'>in</span> 
     </span>
    </p>
   </div>
   <div class='ocr_carea' id='block_1_3' title="bbox 0 0 1430 5026">
    <p class='ocr_par' dir='ltr' id='par_1_4' title="bbox 0 0 1430 5026">
     <span class='ocr_line' id='line_1_43' title="bbox 0 0 1430 5026; baseline 0 6"><span class='ocrx_word' id='word_1_356' title='bbox 0 0 1430 5026; x_wconf 95' lang='lat' dir='ltr'> </span> 
     </span>
    </p>
   </div>
  </div>
 </body>
</html>
