2782 5026
406 446 456 498 oc
479 445 614 499 anons
636 447 954 514 colimbum-n.
974 451 1025 518 70.
1232 437 1273 504 61

153 611 218 698 ejus
233 614 483 680 excellentiam
502 634 583 698 prae
598 615 753 699 reliquis;
778 638 855 681 usus
874 628 927 682 est
946 616 1150 700 propagatio
1168 638 1274 702 gene·

153 711 194 774 ris
215 710 370 785 humani,
395 721 431 774 et
454 711 532 775 inde
555 712 641 774 caeli
664 712 829 793 angelici:
861 724 896 777 et
924 715 1001 796 quia
1024 714 1078 778 hic
1102 735 1181 777 usus
1210 715 1272 778 fuit

153 803 223 868 finis
244 805 366 868 finium
385 807 576 880 creationis,
598 807 817 889 consequitur
833 809 925 890 quod
948 829 1068 873 omnes
1087 809 1272 873 beatitudi-

153 923 221 987 nes,
244 901 454 974 faustitates,
475 899 718 981 jucunditates,
742 903 972 966 amoenitates
998 912 1034 967 et
1064 903 1271 984 voluptates,

152 1015 235 1077 quae
268 1014 290 1058 a
320 994 472 1057 Domino
503 993 667 1058 Creatore
691 1016 831 1077 usquam
855 996 998 1060 conferri
1026 1006 1208 1078 potuerant
1238 998 1272 1060 in

152 1089 335 1163 hominem,
358 1090 393 1152 in
416 1089 506 1152 hunc
529 1088 600 1170 ejus
622 1109 774 1154 amorem
798 1091 945 1154 collatae
968 1092 1047 1154 sint.
1093 1089 1195 1172 Quod
1218 1090 1271 1173 ju·

152 1184 262 1247 cunda
280 1195 468 1266 sequantur
487 1204 596 1259 usum,
616 1194 651 1248 et
674 1186 861 1249 secundum
881 1184 976 1266 hujus
996 1204 1147 1249 amorem
1165 1186 1271 1250 insint

151 1277 289 1353 homini,
304 1288 403 1361 patet
420 1300 465 1343 ex
477 1277 634 1360 jucundis
651 1281 797 1362 quinque
813 1299 984 1353 sensuum,
1002 1281 1103 1355 visuS,
1121 1281 1269 1355 auditus,

152 1371 303 1447 offadlus,
324 1385 456 1455 gustus,
476 1385 512 1437 et
531 1372 664 1452 taetus3
689 1376 868 1457 unicuique
886 1375 1007 1438 horum
1026 1385 1105 1438 sunt
1121 1374 1270 1456 jucunda

152 1485 224 1530 cum
242 1468 491 1532 variationibus
509 1471 696 1532 secundum
715 1469 891 1551 specificos
909 1469 1043 1534 illorum
1068 1489 1165 1533 usus:
1189 1468 1268 1552 quid

152 1579 218 1624 non
247 1564 361 1625 sensui
391 1564 516 1627 amoris
539 1563 751 1645 conjugialis,
771 1563 865 1644 cujus
889 1585 967 1626 usus
990 1573 1043 1627 est
1067 1563 1269 1646 complexus

151 1656 299 1719 omnium
318 1657 523 1740 reliquorum
543 1659 686 1721 usuum?

209 1751 288 1830 69.
318 1750 397 1817 Scio
426 1753 516 1835 quod
546 1754 644 1835 pauci
665 1752 812 1834 agnituri
835 1753 914 1828 sint,
934 1753 1025 1835 quod
1055 1754 1087 1816 in
1117 1773 1268 1818 amorem

150 1845 375 1927 conjugialem
392 1848 520 1910 collata
537 1848 606 1910 sint
624 1849 739 1910 omnia
755 1849 880 1928 gaudia
898 1858 934 1910 et
952 1867 1072 1911 omnes
1088 1848 1229 1912 deliciae
1249 1869 1269 1912 a

151 1941 264 2020 primis
286 1942 330 2004 ad
354 1942 485 2016 ultima,
505 1962 551 2005 ex
575 1962 678 2005 causa
695 1943 774 2025 quia
795 1963 891 2006 amor
906 1962 985 2006 vere
1004 1942 1214 2024 coniugialis,
1234 1943 1268 2006 in

149 2055 247 2119 quem
265 2036 394 2100 collata
409 2047 499 2110 sunt,
513 2035 615 2100 hodie
633 2047 704 2100 tam
720 2058 813 2099 rarus
826 2046 890 2111 est,
904 2047 942 2100 ut
961 2056 1030 2101 non
1042 2034 1169 2102 sciatur
1184 2043 1267 2121 qua·

148 2129 184 2194 lis
207 2141 275 2206 est,
295 2142 332 2194 et
354 2131 413 2194 vix
437 2131 527 2214 quod
551 2133 604 2205 sit,
625 2132 812 2195 secundum
835 2131 894 2194 illa
916 2153 1003 2214 quae
1021 2152 1122 2214 supra
1143 2131 1191 2213 (n.
1217 2135 1267 2212 58,

146 2223 213 2308 59,)
235 2225 413 2306 explicata
431 2234 466 2287 et
485 2225 687 2289 confirmata
705 2235 795 2300 sunt,
813 2245 892 2289 nam
912 2227 945 2288 in
964 2225 1031 2289 alio
1051 2247 1166 2291 amore
1185 2247 1267 2291 con·

140 2317 260 2403 jugiali
279 2339 381 2402 quam
401 2321 550 2401 genuino
568 2341 637 2384 non
656 2330 755 2383 sunt:
783 2329 819 2384 et
842 2320 920 2403 quia
942 2321 996 2384 hic
1020 2322 1053 2383 in
1077 2323 1175 2384 terris
1194 2332 1266 2386 tam

140 2433 238 2478 rarus
251 2425 317 2490 est,
330 2415 539 2496 impossibile
554 2426 608 2479 est
620 2415 912 2496 supereminentes
929 2413 998 2495 ejus
1012 2413 1193 2479 felicitates
1205 2416 1267 2479 ali·

140 2510 235 2574 unde
260 2509 464 2584 describere,
484 2529 584 2592 quam
608 2530 653 2573 ex
677 2530 735 2572 ore
757 2508 969 2590 angelorum,
991 2509 1068 2591 quia
1090 2508 1124 2571 hi
1150 2509 1183 2571 in
1206 2508 1267 2573 illo

136 2614 234 2668 sunt.
282 2603 330 2670 Hi
352 2603 515 2667 dixerunt
533 2604 625 2686 quod
648 2604 790 2668 deliciae
813 2602 883 2684 ejus
902 2605 1055 2678 intimae,
1075 2623 1162 2685 quae
1185 2612 1266 2665 sunt

135 2702 291 2775 animae,
311 2699 345 2761 in
365 2717 466 2780 quam
486 2698 629 2779 primum
645 2698 752 2761 influit
769 2697 960 2780 conjugiale
975 2698 1100 2761 amoris
1119 2707 1155 2760 et
1174 2697 1264 2777 sapi·

133 2796 259 2858 entiae
275 2814 336 2856 seu
354 2793 435 2856 boni
454 2802 491 2856 et
509 2793 579 2856 veri
601 2814 622 2856 a
645 2792 804 2866 Domino,
824 2793 894 2856 sint
913 2791 1203 2874 imperceptibiles
1226 2800 1263 2854 et

132 2887 222 2952 inde
241 2885 440 2963 ineffabiles,
465 2887 543 2970 quia
560 2897 639 2950 sunt
658 2887 757 2949 simul
777 2887 869 2967 pacis
888 2896 924 2951 et
943 2887 1180 2964 innocentiae3
1203 2885 1264 2949 sed

129 2984 234 3068 quod
254 2983 397 3046 eaedem
421 2983 453 3045 in
473 2983 638 3046 descensu
657 2981 741 3045 fiant
759 2981 835 3063 plus
858 2991 894 3044 et
917 2980 992 3063 plus
1010 2981 1263 3063 perceptibiles,

129 3077 176 3141 in
203 3077 431 3159 superioribus
454 3077 579 3140 mentis
609 3077 697 3140 sicut
726 3076 967 3150 beatitudines,
991 3076 1026 3139 in
1056 3076 1265 3140 inferioribus

129 3155 270 3237 mentis
293 3172 382 3235 sicut
405 3171 608 3246 faustitates,
633 3171 667 3233 in
697 3168 834 3251 potiore
857 3170 944 3233 sicut
963 3166 1196 3250 jucunditates
1218 3191 1264 3233 ex

126 3265 219 3342 illis,
240 3276 276 3331 et
295 3265 388 3349 quod
407 3287 452 3329 ex
472 3263 609 3346 pediore
626 3285 664 3328 se
683 3263 871 3327 diffundant
891 3264 924 3326 in
943 3264 1057 3327 omnia
1076 3273 1112 3327 et
1131 3263 1265 3344 singula

125 3362 305 3443 torporis,
322 3380 362 3423 ac
380 3360 517 3423 demum
534 3359 650 3422 uniant
666 3359 752 3422 sein
772 3358 899 3421 ultimis
915 3358 949 3420 in
966 3357 1124 3421 delicium
1141 3357 1259 3420 delici-

128 3474 257 3535 arum3
285 3475 387 3537 porro
403 3454 516 3536 angeli
533 3454 575 3517 de
591 3453 656 3516 illis
673 3453 837 3516 mirabilia
854 3463 1086 3526 narraverunt,
1103 3452 1260 3516 dicentes

129 3553 246 3616 etiam
265 3550 358 3633 quod
376 3551 561 3613 varietates
576 3548 708 3612 illarum
724 3547 918 3611 deliciarum
938 3547 972 3610 in
988 3547 1169 3628 conjugum
1188 3547 1262 3610 ani·

134 3646 272 3720 mabus,
292 3654 329 3708 et
348 3644 393 3708 ab
410 3643 462 3707 his
481 3645 514 3706 in
533 3643 666 3706 illorum
686 3642 867 3717 mentibus,
887 3650 923 3706 et
941 3642 985 3705 ab
1003 3642 1055 3704 his
1073 3643 1107 3705 in
1126 3641 1261 3705 illorum

133 3738 347 3820 pectoribus,
372 3739 442 3803 sint
469 3737 633 3812 infinitae,
661 3745 697 3801 et
728 3757 862 3819 quoque
888 3745 1070 3812 aeternae3
1100 3735 1260 3818 quodque

136 3835 330 3898 secundum
360 3833 564 3915 sapientiam
591 3832 680 3912 apud
704 3833 845 3894 maritos
875 3829 1095 3907 exaltentur;
1130 3838 1165 3892 et
1195 3828 1260 3891 hoc

112 3959 115 3965 ·
139 3928 218 4010 quia
241 3930 275 3992 in
298 3927 382 3993 flore
400 3948 480 3991 suae
499 3927 624 3990 aetatis
642 3926 760 3989 vivunt
782 3926 816 3988 in
835 3934 1024 3998 aeternum,
1045 3931 1080 3986 et
1099 3922 1177 4005 quia
1195 3921 1261 3985 illis

142 4023 223 4086 nihil
243 4023 380 4087 beatius
398 4031 452 4085 est
471 4041 572 4104 quam
590 4019 667 4102 plus
689 4028 725 4085 et
747 4019 823 4102 plus
841 4039 971 4101 sapere.
1016 4016 1083 4081 Sed
1103 4015 1199 4098 plura
1217 4016 1260 4080 de

145 4117 271 4182 deliciis
283 4117 352 4181 illis
364 4137 410 4179 ex
423 4136 481 4179 ore
493 4114 693 4196 angelorum
705 4123 872 4189 enarrata,
886 4113 1065 4176 videantur
1080 4111 1114 4173 in
1127 4109 1261 4173 Memo-

145 4213 315 4287 rabilibus,
340 4211 503 4292 imprimis
532 4210 566 4273 in
592 4208 658 4272 illis
679 4229 766 4291 quae
789 4217 867 4294 post
890 4207 1002 4288 aliqua
1025 4205 1138 4287 capita
1160 4223 1260 4286 porro

147 4315 390 4486 Ἢξῗῗιξζίἰ.)
415 4396 486 4464 Sed
498 4396 589 4482 quod
609 4418 672 4462 non
693 4396 758 4464 alii
776 4395 810 4461 in
833 4396 928 4461 illum
948 4415 1094 4460 amorem
1111 4382 1267 4471 veniant.
