2782 5026
337 109 388 160 na
409 108 543 161 nuoua
566 109 884 177 commorant-u.
904 99 955 181 36.
1161 118 1200 193 33

67 289 168 346 amet
184 280 361 357 subditos,
375 291 411 346 et
426 281 518 365 quod
534 282 661 347 subditi
676 286 794 348 ament
809 264 938 368 regem,
951 286 1042 369 quod
1059 286 1201 352 maritus

67 387 168 442 amet
183 395 359 451 uxorem,
383 387 419 441 et
446 378 537 460 quod
565 389 676 442 mater
701 379 838 456 liberos,
861 390 898 445 et
924 381 1095 461 vicissim;
1125 391 1200 446 tum

64 472 165 556 quod
184 471 244 535 hic
264 480 302 536 et
317 471 376 535 ille
391 482 485 535 amet
505 473 661 555 patriam,
679 475 848 548 concives,
866 477 1082 558 proximum:
1106 478 1200 540 simi·

66 566 154 631 liter
172 567 219 631 de
239 567 341 630 rebus
360 564 542 631 abstrattis
560 588 581 630 a
595 588 753 650 persona,
774 579 811 632 ut
830 570 920 651 quod
943 580 1036 634 amet
1054 570 1119 635 hoc
1139 580 1199 636 aut

63 661 171 725 illud.
218 660 288 725 Sed
311 663 453 726 tametsi
475 681 572 724 amor
593 672 666 725 tam
689 662 879 726 universale
903 674 957 727 est
984 665 1017 726 in
1041 664 1198 747 loquelis,

63 776 184 838 usque
202 757 262 819 vix
281 754 402 839 aliquis
421 757 518 819 novit
536 756 616 839 quid
635 776 753 834 amor;
777 758 857 820 dum
877 758 1064 822 meditatur
1082 759 1126 822 de
1144 768 1198 834 eo,

63 851 154 933 quia
170 859 253 914 tunc
271 869 340 913 non
357 860 474 932 potest
490 850 637 932 aliquam
653 851 765 915 ideam
783 853 1004 934 cogitationis
1020 853 1062 915 de
1078 874 1120 916 eo
1136 854 1198 920 sibi

60 945 234 1020 formare,
247 945 297 1009 ita
313 964 381 1008 non
394 946 515 1008 sistere
530 944 671 1008 illumin
688 945 799 1009 lucem
814 945 1021 1022 intelledtus,
1035 969 1080 1010 ex
1096 968 1199 1011 causa

60 1042 155 1124 quia
174 1060 245 1104 non
264 1050 319 1105 est
335 1040 511 1116 'lucis,<sed
531 1051 585 1104 est
604 1041 738 1116 caloris,
755 1043 838 1106 dicit
854 1043 949 1106 illum
965 1044 1020 1106 vel
1037 1064 1106 1108 non
1122 1064 1199 1108 esse

61 1135 217 1218 aliquid,
237 1136 293 1199 vel
311 1134 422 1198 solum
440 1156 517 1199 esse
535 1135 672 1217 aliquod
691 1135 835 1200 influens
853 1158 898 1201 ex
913 1138 997 1212 visu,
1015 1139 1143 1213 auditu,
1161 1147 1198 1202 et

60 1233 353 1305 conversatione,
368 1240 404 1293 et
419 1230 467 1293 sic
485 1249 648 1309 movens;
668 1232 779 1294 nescit
794 1251 942 1314 prorsus,
956 1233 1047 1314 quod
1063 1235 1108 1297 sit
1124 1234 1197 1314 ipsa

60 1325 148 1406 ejus
170 1325 254 1399 vita,
278 1344 347 1387 non
371 1324 475 1388 modo
497 1326 569 1388 vita
592 1326 783 1389 communis
805 1327 914 1389 totius
940 1327 1011 1408 ejus
1034 1328 1197 1408 corporis,

60 1429 107 1483 et
137 1419 214 1482 vita
242 1420 432 1482 communis
455 1420 606 1482 omnium
629 1418 700 1500 ejus
723 1420 985 1501 cogitationum,
1010 1421 1070 1484 sed
1094 1422 1197 1485 etiam

58 1514 148 1578 vita
163 1514 316 1576 omnium
332 1513 554 1595 singularium
571 1533 698 1577 eorum.
743 1513 821 1577 Hoc
835 1524 953 1597 potest
969 1517 1104 1597 sapiens
1120 1537 1198 1600 per·

60 1610 190 1690 cipere
206 1628 252 1671 ex
267 1608 344 1682 hoc,
360 1627 437 1671 cum
455 1609 588 1682 dicitur,
606 1607 641 1672 Si
657 1628 813 1673 removes
828 1607 1043 1673 affedlionem
1059 1612 1196 1687 amoris,

61 1723 116 1766 an
149 1713 253 1786 potes
282 1703 436 1784 cogitare
465 1702 615 1786 aliquid?
643 1712 681 1767 et
710 1723 754 1766 an
781 1713 883 1786 potes
912 1723 1015 1785 agere
1044 1704 1196 1787 aliquid?

59 1816 192 1861 annon
212 1808 379 1880 quantum
397 1797 550 1880 frigescit
568 1794 702 1862 affectio
720 1818 807 1881 quae
830 1807 883 1862 est
903 1800 1039 1874 amoris,
1059 1808 1195 1863 tantum

58 1893 239 1974 frigescat
255 1892 434 1973 cogitatio,
452 1891 589 1975 loquela
604 1901 640 1956 et
655 1890 757 1966 actio,
774 1902 810 1956 et
826 1903 990 1976 quantum
1007 1893 1195 1970 incalescit,

60 1995 216 2050 tantum
238 1986 453 2050 incalescant
475 1986 579 2050 illae?
634 1986 700 2050 Est
722 1986 839 2070 itaque
869 2007 965 2051 amor
987 1987 1081 2050 calor
1103 1989 1196 2052 vitae

59 2080 235 2156 hominis,
256 2101 316 2144 seu
334 2081 429 2145 calor
444 2081 558 2149 vitalis
574 2079 664 2162 ejus;
688 2080 784 2145 calor
800 2083 987 2163 sanguinis,
1006 2092 1041 2146 et
1060 2096 1196 2164 quoque

61 2178 178 2241 rubor
196 2175 278 2258 ejus,
298 2195 367 2239 non
390 2175 527 2239 aliunde
549 2185 650 2254 sunt;
674 2175 763 2258 ignis
783 2176 864 2239 solis
883 2176 1042 2258 angelici,
1062 2176 1118 2258 qui
1141 2185 1195 2240 est

63 2288 176 2353 purus
196 2290 303 2346 amor,
323 2270 389 2334 hoc
407 2271 502 2335 iacit.
812 2342 814 2345 .

134 2381 210 2452 35·
240 2363 342 2447 Quod
358 2385 437 2428 suus
452 2383 549 2429 amor
559 2364 665 2429 cuivis
681 2365 736 2441 sit,
750 2385 810 2430 seu
825 2364 1006 2430 distindius
1022 2365 1066 2430 ab
1078 2386 1195 2431 amore

62 2459 225 2535 alterius,
249 2458 314 2523 hoc
338 2470 404 2534 est,
428 2461 519 2543 quod
548 2480 617 2523 non
640 2459 759 2524 similis
782 2480 879 2524 amor
901 2462 946 2523 sit
969 2463 1025 2524 uni
1052 2462 1193 2538 homini,

64 2555 129 2637 qui
148 2562 204 2617 est
226 2553 337 2630 alteri,
358 2565 517 2618 constare
541 2565 659 2636 potest
682 2576 727 2618 ex
751 2554 882 2618 infinita
899 2556 1068 2619 varietate
1091 2556 1194 2619 sacie-

64 2667 167 2727 rum;
198 2648 303 2713 facies
325 2659 405 2713 sunt
431 2650 504 2732 typi
531 2668 708 2727 amorum;
732 2668 813 2712 nam
835 2650 927 2732 quod
955 2660 1130 2714 mutentur
1152 2670 1192 2715 ac

64 2745 248 2808 varientur
264 2743 368 2808 iacies
387 2745 574 2807 secundum
597 2743 794 2809 affedtiones
817 2745 952 2820 amoris,
973 2755 1093 2809 notum
1117 2755 1192 2825 est;

64 2838 243 2903 desideria
260 2839 377 2913 etiam,
397 2859 484 2921 quae
503 2849 583 2902 sunt
601 2840 737 2916 amoris,
758 2848 832 2903 tum
855 2841 979 2921 gaudia
1001 2851 1036 2903 et
1057 2841 1193 2904 dolores

65 2931 155 3014 ejus,
185 2932 326 2997 elucent
356 2931 457 2996 inde:
489 2954 534 2996 ex
564 2933 630 2997 hoc
657 2943 768 3017 patet,
792 2934 883 3014 quod
911 2933 1015 2997 homo
1042 2935 1087 2998 sit
1114 2955 1193 2998 suus

66 3042 180 3104 amor,
204 3029 312 3091 immo
333 3029 383 3091 sui
413 3030 537 3091 amoris
566 3027 684 3091 forma.
737 3027 789 3091 At
819 3029 995 3090 sciendum
1023 3040 1076 3092 est
1100 3029 1191 3110 quod

68 3120 215 3187 interior
229 3123 345 3198 homo,
362 3124 418 3206 qui
438 3123 529 3187 idem
547 3133 602 3187 est
621 3142 698 3186 cum
715 3124 834 3205 spiritu
851 3121 922 3203 ejus
938 3124 993 3204 qui
1009 3125 1093 3187 vivit
1113 3133 1192 3205 post

69 3230 233 3293 mortem,
247 3220 292 3282 sit
308 3218 416 3282 forma
432 3220 482 3281 sui
498 3218 642 3297 amoris;
667 3238 736 3281 non
752 3218 908 3281 similiter
921 3220 1073 3281 exterior
1088 3219 1193 3282 homo

72 3311 108 3377 in
125 3315 264 3389 mundo,
285 3314 364 3396 quia
382 3313 436 3376 hic
453 3314 498 3376 ab
515 3313 658 3377 infantia
673 3314 792 3376 didicit
808 3313 982 3376 occultare
999 3315 1049 3376 sui
1067 3313 1192 3377 amoris

74 3406 251 3483 desideria,
271 3409 378 3471 immo
393 3407 552 3471 simulare
569 3427 611 3471 ac
631 3408 798 3490 praeferre
816 3407 883 3470 alia
902 3427 1003 3490 quam
1023 3429 1092 3470 sua.
1117 3450 1118 3453 κ

136 3501 210 3585 36.
240 3501 343 3589 Quod
359 3523 438 3565 suus
454 3521 551 3565 amor
566 3503 656 3585 apud
673 3504 932 3585 unumquemvis
948 3512 1027 3583 post
1044 3511 1191 3566 mortem

79 3607 223 3671 maneat,
242 3607 297 3660 est
316 3597 394 3679 quia
411 3616 509 3661 amor
524 3607 578 3660 est
596 3597 670 3660 vita
688 3597 836 3659 hominis
854 3595 906 3678 (ut
925 3615 1008 3660 mox
1026 3616 1137 3677 supra,
1158 3617 1191 3660 n.

85 3700 128 3767 34,
146 3688 271 3754 dictum
291 3689 375 3773 est),
395 3700 431 3754 et
447 3691 528 3755 inde
547 3701 601 3754 est
624 3693 696 3773 ipse
715 3690 830 3753 homo.
876 3689 941 3753 Est
961 3690 1065 3753 homo
1085 3691 1190 3754 etiam

85 3801 136 3846 sua
155 3786 335 3868 cogitatio,
360 3785 409 3848 ita
431 3806 493 3848 sua
518 3785 750 3867 intelligentia
772 3793 809 3849 et
831 3785 1013 3865 sapientia,
1038 3784 1098 3846 sed
1125 3784 1191 3849 hae

88 3895 176 3944 unum
196 3881 327 3945 faciunt
347 3898 424 3942 cum
443 3879 514 3961 ejus
534 3899 650 3943 amore
662 3900 670 3958 ;
695 3899 774 3942 nam
797 3879 902 3942 homo
921 3899 966 3942 ex
990 3897 1106 3941 amore
1129 3899 1190 3943 suo

90 3982 118 4034 et
133 3977 314 4041 secundum
335 3972 431 4037 illum
448 3975 592 4057 cogitat,
610 3975 715 4038 immo
730 3974 760 4038 si
778 3975 812 4037 in
832 3973 939 4036 libero
958 3984 1022 4047 est,
1041 3972 1191 4054 loquitur

91 4075 119 4129 et
140 4073 228 4154 agit;
251 4090 301 4137 ex
325 4088 395 4154 quo
417 4070 523 4134 videri
552 4079 682 4152 potest,
705 4067 797 4151 quod
828 4087 925 4133 amor
946 4070 990 4131 sit
1019 4066 1105 4133 Esse
1129 4087 1189 4133 seu
