2782 5026
272 111 325 164 DE
349 110 485 163 AMORE
507 108 826 177 CONJUGIALL-N.
850 107 1044 177 1§5[secundo].
1165 109 1222 176 131

82 283 225 339 auditus
234 298 282 338 me
292 280 510 353 expergefecit;
528 290 559 335 et
573 279 642 334 inde
653 278 682 333 in
696 278 792 349 prima
802 278 912 350 vigilia,
921 294 998 349 quae
1012 279 1136 340 interna,
1146 277 1227 350 paci-

82 356 164 417 fica
178 374 206 419 et
219 363 316 417 dulcis
331 372 380 416 est
399 377 468 432 prae
483 360 676 431 sequentibus
692 359 759 420 diei,
776 359 862 428 potui
881 358 1064 428 aliquamdiu
1079 359 1174 412 teneri
1195 359 1226 412 in

81 440 211 505 spiritu
219 443 298 497 sicut
310 452 396 495 extra
405 456 521 510 corpus,
532 450 563 494 et
573 438 721 510 exquisite
731 439 887 492 attendere
896 438 934 491 ad
948 435 1137 492 alietlionem
1148 452 1227 507 quae

81 523 273 576 canebatur.
311 518 427 576 Cantus
445 519 520 573 caeli
540 534 600 572 non
615 518 696 573 aliud
716 530 762 572 est
777 533 867 588 quam
883 515 1003 571 allectio
1018 516 1136 577 mentis,
1149 530 1227 587 quae

80 604 125 646 ut
146 601 341 654 modulamen
355 615 408 668 per
417 614 453 651 os
463 598 627 659 emittitur,
645 608 693 652 est
702 597 783 651 enim
793 612 886 651 sonus
896 607 1226 666 separatusasermone

79 668 252 756 loquentis
266 695 304 733 ex
322 676 483 732 alletlione
502 677 619 738 amoris,
635 693 712 747 quae
728 677 781 730 dat
800 676 935 746 loquelae
950 676 1053 729 vitam.
1091 673 1125 729 ln
1145 684 1225 728 statu

78 749 152 807 illo
172 758 293 828 percepi,
306 757 389 828 quod
404 767 484 811 esset
499 755 620 811 afledlio
635 756 808 811 deliciarum
825 757 935 810 amoris
950 753 1136 826 conjugialis,
1149 768 1227 823 quae

74 828 128 881 ab
152 839 296 891 uxoribus
316 837 346 890 in
366 837 450 890 caelo
469 852 579 891 canora
595 834 673 890 ladla
687 847 749 898 est;
768 837 850 905 quod
868 835 910 889 ita
924 845 1011 895 esset,
1026 832 1225 888 animadverti

74 919 125 961 ex
146 931 226 970 sono
238 927 353 976 cantus,
368 916 473 987 inquo
493 915 560 969 illae
573 915 697 970 deliciae
716 915 901 969 mirabilibus
915 913 1013 969 modis
1026 913 1225 967 variebantur.

72 1058 82 1071 ·
154 992 230 1050 Post
248 996 323 1050 haec
338 996 462 1056 surrexi,
476 1007 507 1049 et
526 994 663 1064 prospexi
683 994 713 1048 in
729 995 874 1048 mundum
891 992 1093 1063 spiritualem
1113 1002 1143 1046 et
1156 1007 1225 1045 ecce

71 1077 114 1118 ¹¹¹
135 1076 262 1130 oriente
274 1076 331 1130 sub
344 1075 408 1129 sole
422 1075 462 1128 ibi
476 1074 614 1144 apparuit
626 1072 704 1128 sicut
712 1074 820 1143 pluvia
831 1090 930 1127 aurea.
958 1072 1028 1126 Erat
1042 1088 1090 1125 ros
1104 1071 1226 1124 matuti-
1252 1076 1256 1085 '

68 1155 169 1233 ¹¹98,
182 1155 210 1208 in
223 1154 275 1209 tali
289 1154 378 1225 copia
390 1154 584 1214 descendens,
598 1153 650 1224 qui
663 1151 786 1206 stridtus
798 1169 816 1206 a
829 1153 918 1207 radiis
931 1153 1003 1206 solis
1015 1150 1145 1221 speciem
1160 1150 1225 1220 plu-

64 1232 170 1287 viae
181 1250 285 1289 aureae
297 1250 400 1289 coram
414 1234 480 1287 visu
494 1248 563 1287 meo
574 1232 752 1286 exhibebat:
771 1248 807 1286 ex
822 1232 877 1286 hac
889 1232 988 1286 adhuc
1002 1230 1119 1301 plenius
1132 1230 1226 1300 evigi-

63 1295 181 1367 latus
189 1313 266 1368 exivi
281 1313 312 1366 in
325 1313 441 1383 spiritu,
452 1322 483 1366 et
495 1312 635 1382 angelum
646 1311 720 1365 mihi
730 1311 808 1366 forte
818 1322 890 1365 tunc
901 1311 1023 1365 obvium
1035 1308 1225 1381 interrogavi,

63 1392 174 1445 num
187 1392 296 1447 viderit
310 1392 442 1462 pluviam
458 1407 577 1445 auream
591 1390 825 1445 descendentem
840 1407 856 1444 e
870 1390 941 1445 sole.

151 1469 194 1525 Et
213 1471 378 1542 respondit,
393 1470 475 1540 quod
491 1470 593 1524 videat
614 1470 694 1524 illam
717 1469 837 1539 quoties
858 1469 887 1523 in
908 1468 1103 1523 meditatione
1122 1477 1168 1522 est
1186 1467 1226 1522 de

58 1547 203 1606 amore
220 1551 392 1622 conjugiali‚
405 1561 436 1604 et
454 1560 529 1604 tunc
549 1549 617 1603 illuc
635 1549 728 1603 vertit
743 1549 856 1604 oculos.
895 1548 933 1602 Et
948 1548 1033 1610 dixit,
1047 1546 1162 1603 “Cadit
1175 1548 1225 1601 illa

57 1618 202 1685 pluvia
217 1647 307 1701 super
321 1630 429 1690 aulam,
444 1628 546 1700 inqua
564 1638 635 1683 sunt
655 1639 715 1682 tres
734 1629 832 1682 mariti
848 1643 916 1681 cum
934 1629 996 1682 suis
1009 1628 1159 1688 uxoribus,
1173 1627 1225 1698 qul

56 1689 240 1764 habitant
258 1709 288 1763 in
308 1709 410 1763 meato
429 1708 558 1779 paradisi
578 1708 740 1762 orientaus.
777 1706 867 1779 ouon
886 1708 1025 1761 viaeatur
1039 1707 1108 1762 tans
1123 1706 1226 1776 pluvia

56 1785 191 1866 ⁸}1per
203 1789 302 1843 aulam
317 1787 396 1842 illam
410 1804 429 1841 a
441 1788 504 1841 sole
517 1787 660 1848 cadentis,
670 1797 716 1841 est
729 1787 800 1858 quia
813 1786 923 1840 residet
933 1785 1012 1856 apud
1027 1786 1094 1841 illos
1106 1786 1225 1856 sapien-

54 1859 131 1941 }la
149 1870 193 1924 de
205 1884 308 1923 amore
323 1866 486 1938 conjuglali
499 1877 530 1921 et
542 1868 607 1936 ejus
620 1865 744 1928 deliciis,
757 1866 836 1936 apud
851 1866 974 1920 maritos
986 1865 1024 1920 de
1037 1882 1140 1920 amore
1152 1882 1225 1919 con-

52 1946 213 2012 lugiali,
228 1959 260 2002 et
279 1948 359 2018 apud
381 1963 490 2001 uxores
508 1947 546 2000 de
567 1946 682 2000 deliciis
701 1946 780 2015 ejus:
799 1946 852 2000 sed
872 1945 1011 2016 percipio,
1030 1947 1111 2015 quod
1131 1944 1173 2000 sis
1194 1945 1224 1999 in

57 2025 298 2098 meditatione
312 2027 350 2082 de
363 2026 478 2081 deliciis
490 2025 601 2080 amoris
613 2025 799 2096 conjugialis,
809 2040 900 2096 quare
914 2025 1020 2079 ducam
1032 2036 1061 2079 te
1074 2025 1111 2079 ad
1124 2025 1223 2079 aulam

58 2091 191 2168 luam,
204 2118 235 2161 et
249 2104 468 2161 introducam.''

149 2185 193 2240 Et
202 2186 290 2240 duxlt
300 2202 348 2240 me
358 2202 411 2256 per
420 2184 605 2254 paradisiaca
617 2184 655 2238 ad
666 2185 774 2238 domos
783 2199 861 2254 quae
871 2181 1000 2238 strudlae
1011 2192 1096 2237 erant
1105 2199 1123 2236 a
1135 2181 1224 2253 lignis

60 2252 193 2326 oleae,
205 2276 238 2320 et
249 2266 328 2319 duae
340 2265 499 2319 columnae
512 2280 549 2318 ex
562 2263 659 2318 cedris
674 2274 745 2318 ante
759 2273 885 2332 portam,
898 2273 929 2317 et
946 2261 1111 2316 introduxit
1125 2278 1171 2316 me
1185 2262 1223 2316 ad

66 2343 232 2405 maritos,
246 2355 279 2399 et
297 2343 386 2415 petiit
405 2355 440 2398 ut
459 2343 563 2398 liceret
583 2342 657 2397 mihi
677 2342 707 2396 in
726 2341 895 2414 praesentia
914 2341 1032 2396 illorum
1053 2341 1136 2412 loqui
1154 2357 1224 2395 cum

66 2419 254 2479 uxoribus.

151 2500 194 2557 Et
205 2511 384 2562 annuerunt,
398 2512 430 2556 et
441 2497 625 2557 vocaverunt
638 2501 713 2557 illas.

151 2579 221 2637 Hae
234 2593 341 2654 argute
355 2580 563 2652 inspedabant
575 2583 680 2637 oculos
694 2596 793 2644 meos;
812 2590 842 2635 et
855 2580 996 2652 quaesivi,
1010 2577 1095 2634 “Cur
1108 2578 1189 2634 ita?”

151 2658 314 2722 Dixerunt,
323 2669 339 2690 ⁴⁶
349 2661 513 2716 Possumus
523 2661 668 2731 exquisite
678 2661 788 2722 videre,
797 2677 873 2731 quae
883 2660 938 2714 tibi
949 2659 1103 2714 inclinatio
1113 2670 1144 2713 et
1155 2659 1225 2714 inde

88 2729 229 2815 ξίίῖεᾶὶο,
242 2751 275 2796 et
286 2757 324 2796 ex
337 2741 394 2795 hac
406 2741 551 2811 cogitatio
563 2750 609 2794 est
622 2741 659 2794 de
672 2756 774 2794 amore
787 2756 884 2801 sexus,
898 2751 929 2793 et
941 2739 1078 2793 videmus
1091 2738 1171 2810 quod
1186 2740 1225 2794 de

92 2806 153 2868 illo
172 2821 295 2883 intense,
308 2820 361 2875 sed
378 2835 473 2891 usque
488 2830 569 2874 caste
588 2819 742 2874 mediteris
752 2819 776 2873 :''
795 2829 827 2874 et
845 2819 991 2880 dixerunt,
1006 2817 1109 2890 “Quid
1129 2818 1175 2873 vis
1190 2828 1224 2872 ut

99 2887 135 2943 de
152 2897 205 2955 illo
216 2901 273 2955 tibi
286 2899 460 2955 dicamus?”

106 3046 136 3099 ar
156 2977 195 3034 Et
208 2979 359 3050 respondi,
373 2987 389 3008 ¹·
397 2978 505 3040 Dicite,
518 2994 639 3049 quaeso,
651 2978 764 3050 aliquid
780 2979 818 3032 de
834 2977 948 3032 deliciis
962 2976 1073 3032 amoris
1088 2976 1225 3048 conjugi-

10 3102 12 3109 .
127 3058 185 3110 18.”

158 3135 196 3193 Et
207 3138 305 3194 mariti
319 3147 498 3199 annuerunt,
509 3137 679 3209 dicentes,“
687 3136 812 3207 Aperite
825 3137 850 3191 si
865 3137 962 3207 placet
971 3136 1083 3207 aliquid
1097 3137 1135 3190 de
1150 3136 1224 3199 illis;

113 3217 302 3273 tantillorum
316 3232 404 3272 aures
416 3216 543 3272 castae.’'

162 3295 197 3352 Et
209 3300 428 3371 quaesiverunt,
445 3296 545 3368 “Quis
560 3307 590 3351 te
606 3296 712 3352 docuit
726 3297 764 3351 de
780 3296 895 3351 deliciis
915 3297 993 3351 illius
1008 3299 1118 3352 amoris
1134 3297 1224 3353 inter-

102 3442 105 3451 ,
120 3381 208 3442 ¹08³oe
218 3377 295 3434 noa?
313 3394 368 3433 cur
380 3393 441 3432 non
455 3375 617 3431 maritos?''

167 3453 198 3510 Et
211 3458 360 3528 respondi,
374 3464 389 3485 ‘⁸
400 3457 459 3511 Hic
473 3456 597 3527 angelus
612 3455 664 3526 qui
683 3471 800 3510 mecum
817 3465 871 3515 est,
884 3454 961 3508 dixit
977 3454 1050 3508 mihi
1068 3455 1096 3508 in
1113 3472 1223 3517 aurern,

127 3535 190 3596 quod
207 3553 312 3592 uxores
331 3536 399 3590 sint
412 3535 527 3590 illarum
548 3535 735 3605 receptacula
752 3544 783 3589 et
801 3535 943 3597 sensoria,
959 3534 1028 3604 quia
1047 3545 1116 3588 sunt
1136 3546 1223 3589 natae

128 3624 227 3678 amores,
240 3629 272 3672 et
284 3632 391 3672 omnes
401 3616 524 3670 deliciae
537 3626 607 3670 sunt
620 3615 757 3669 amoris.”

169 3694 208 3750 Ad
219 3697 292 3753 haec
305 3695 479 3752 subridente
492 3712 543 3750 ore
557 3694 786 3765 respondebant,
798 3702 813 3722 ‘⁶
824 3694 897 3749 Esto
908 3694 1046 3765 prudens,
1056 3703 1087 3748 et
1100 3709 1161 3747 non
1175 3693 1224 3748 dic

131 3767 174 3825 tale
183 3776 249 3844 quid
262 3775 320 3831 nisi
334 3776 364 3829 in
378 3791 468 3829 sensu
482 3774 631 3845 ambiguo,
645 3773 716 3844 quia
729 3784 776 3828 est
791 3773 939 3844 sapientia
953 3774 1012 3828 alte
1028 3783 1178 3826 reservata
1193 3773 1224 3827 in

129 3852 243 3910 cordibus
252 3854 347 3909 nostri
361 3870 456 3915 sexus,
467 3864 498 3908 et
511 3869 571 3907 non
584 3853 672 3907 alicui
683 3853 791 3906 marito
801 3853 940 3922 aperitur,
951 3853 1007 3906 nisi
1017 3852 1067 3921 qui
1082 3851 1111 3905 in
1122 3866 1225 3906 amore

127 3941 181 4060 (titre
191 3933 417 4005 conjugiallest;
436 3949 541 3988 musae
551 3942 621 3987 sunt
632 3933 740 4003 plures,
750 3948 824 4003 quas
834 3932 914 4002 apud
925 3949 980 3987 nos
991 3931 1111 4002 penitus
1121 3946 1224 3985 recon-

146 4013 233 4068 rmus.”

168 4088 202 4146 Et
218 4102 289 4148 tunc
307 4080 447 4148 dixerunt
459 4091 568 4156 mariti,
582 4090 712 4148 “Sciunt
731 4108 840 4149 uxores
859 4108 964 4147 ornnes
985 4099 1082 4147 status
1103 4100 1222 4147 nostrae
