2782 5026
132 404 196 487 376
461 413 709 467 vocumrss
732 413 918 464 rnsnnmu

129 598 251 668 extra;
274 596 311 652 at
330 587 364 652 in
382 586 553 651 adulterio
567 585 757 650 voluntatis
772 586 844 668 agit
859 584 1023 649 voluntas
1041 584 1086 648 ab
1105 585 1193 648 intra
1208 572 1305 648 ae4

129 680 326 749 intellectus
345 683 390 746 ab
407 693 529 760 extra;
551 702 593 745 ac
610 681 772 745 voluntas
790 691 844 745 est
862 681 935 762 ipse
954 679 1071 753 homo,
1089 699 1130 743 ae
1148 678 1245 743 intel·
1292 691 1305 705 ⁴

130 777 239 844 ledtus
251 787 306 842 est
321 777 427 841 homo
441 797 487 840 ex
503 775 703 853 voluntate;
726 796 767 841 ac
783 775 818 839 id
834 775 926 858 quod
940 776 1033 839 intra
1044 775 1130 857 agit,
1143 773 1247 839 domi·

129 884 232 938 natur
248 893 350 956 super
367 873 402 935 id
419 873 512 956 quod
530 882 633 936 extra
650 872 734 954 agit.

193 981 294 1050 491.
328 963 406 1049 (xi.)
440 965 538 1044 Quod
563 966 734 1030 adulterio
765 965 808 1029 ab
837 965 893 1029 his
912 967 1016 1047 falia
1033 966 1165 1048 gravia
1185 965 1251 1030 sint

129 1062 305 1125 secundum
326 1060 746 1145 confirmationes—Solus
774 1058 972 1125 intellectus
1000 1060 1195 1138 confirmat,
1217 1071 1251 1124 et

129 1175 207 1220 cum
230 1156 422 1230 confirmat,
442 1156 661 1219 voluntatem
679 1157 852 1230 adsciscit,
872 1167 908 1220 et
930 1157 1059 1219 circum
1082 1178 1120 1219 se
1144 1158 1250 1238 ponit,

129 1261 166 1314 et
185 1252 232 1315 sic
251 1251 361 1334 adigit
376 1252 471 1315 illam
489 1252 533 1314 ad
552 1251 771 1332 obsequium:
796 1250 1074 1314 confirmationes
1090 1250 1178 1315 fiunt
1195 1271 1253 1334 per

129 1347 317 1422 ratiocinia,
337 1367 424 1429 quae
444 1367 542 1409 mens
559 1357 680 1428 captat
699 1346 755 1410 vel
777 1367 797 1410 e
820 1348 960 1427 regione
983 1365 1045 1408 sua
1067 1347 1251 1428 superiore,

129 1440 185 1504 vel
204 1462 223 1503 e
242 1443 383 1523 regione
401 1442 578 1517 inferiore;
603 1443 630 1504 si
648 1462 668 1505 e
686 1442 828 1522 regione
847 1441 1031 1523 superiore,
1050 1461 1142 1523 quae
1160 1460 1252 1506 com·

130 1536 281 1599 municat
293 1555 370 1599 cum
380 1536 488 1611 caelo,
499 1535 681 1599 confirmat
694 1535 851 1617 conjugia
863 1546 899 1599 et
911 1536 1054 1599 damnat
1064 1536 1252 1614 adulteria;

130 1640 168 1694 at
194 1632 223 1693 si
247 1652 267 1696 e
290 1633 433 1713 regione
455 1631 622 1707 inferiore,
645 1652 734 1714 quae
757 1633 987 1695 communicat
1010 1650 1090 1696 cum
1113 1632 1252 1706 mundo,

130 1724 309 1791 confirmat
341 1727 522 1801 adulteria,
553 1736 590 1789 et
622 1725 782 1808 conjugia
813 1725 1043 1807 floccipendit.
1101 1726 1254 1810 Quisque

129 1830 247 1901 potest
264 1820 464 1885 confirmare
480 1821 606 1884 malum
622 1842 732 1904 aeque
748 1841 787 1884 ac
807 1821 945 1894 bonum,
959 1822 1117 1885 similiter
1134 1821 1255 1885 salsum

129 1924 167 1978 et
200 1935 328 1991 verum,
362 1927 399 1981 et
432 1915 648 1981 confirmatio
680 1917 761 1979 mali
797 1913 1034 1979 deledlabilius
1069 1918 1256 2000 percipitur

131 2028 231 2090 quam
251 2009 464 2075 confirmatio
482 2011 574 2086 boni,
593 2030 634 2075 ac
653 2010 869 2074 confirmatio
887 2010 961 2073 falsi
983 2010 1129 2074 lucidius
1148 2032 1254 2094 appa·

130 2113 185 2168 ret
212 2125 315 2188 quam
345 2105 560 2169 confirmatio
582 2107 672 2169 veri:
706 2126 811 2169 causa
839 2115 904 2179 est,
928 2106 1008 2188 quia
1036 2105 1255 2170 confirmatio

130 2199 211 2262 mali
227 2209 263 2262 et
279 2199 354 2265 falsi
369 2201 475 2264 trahit
491 2221 551 2263 sua
566 2201 747 2264 ratiocinia
762 2221 808 2263 ex
821 2199 989 2282 jucundis,
1002 2200 1254 2281 voluptatibus,

130 2297 340 2378 apparentiis
366 2307 402 2360 et
431 2296 576 2360 fallaciis
599 2315 759 2359 sensuum
783 2297 945 2376 corporis,
970 2306 1008 2360 at
1038 2295 1256 2361 confirmatio

130 2391 211 2454 boni
230 2402 266 2455 et
284 2392 356 2455 veri
374 2391 481 2455 trahit
499 2412 576 2454 suas
595 2393 748 2455 rationes
766 2412 786 2455 e
801 2392 942 2473 regione
961 2410 1065 2472 supra
1083 2390 1256 2455 sensualia

130 2487 292 2567 corporis.
337 2486 437 2550 Nunc
460 2487 538 2569 quia
562 2486 653 2549 mala
682 2496 719 2549 et
749 2486 834 2549 salsa
861 2507 969 2568 aeque
992 2496 1140 2568 possunt
1171 2505 1254 2550 con-

130 2579 253 2644 firmari
272 2581 359 2644 sicut
383 2582 474 2645 bona
496 2589 532 2644 et
555 2602 647 2656 vera,
667 2591 702 2644 et
726 2582 805 2663 quia
828 2578 1025 2644 intellectus
1045 2580 1255 2645 confirmans

130 2675 237 2739 trahit
261 2676 478 2739 voluntatem
507 2677 541 2739 in
570 2697 650 2739 suas
673 2688 862 2758 partesue
893 2676 1055 2738 voluntas
1086 2696 1154 2738 una
1178 2695 1254 2740 eum

130 2767 309 2833 intellectu
327 2770 452 2833 format
476 2781 640 2845 mentem,
661 2772 892 2853 consequitur,
913 2771 1004 2853 quod
1027 2770 1139 2833 forma
1157 2789 1254 2835 men·

130 2865 176 2928 tis
198 2865 368 2928 humanae
391 2866 436 2929 sit
459 2867 649 2929 secundum
673 2865 962 2938 confirmationes,
983 2886 1082 2928 versa
1106 2866 1151 2928 ad
1174 2885 1253 2930 cae·

131 2958 201 3022 lum
221 2961 248 3021 si
267 2959 545 3023 confirmationes
562 2959 632 3040 ejus
651 2970 731 3024 sunt
755 2981 817 3043 pro
836 2960 1015 3041 conjugiis,
1034 2970 1071 3022 at
1090 2981 1193 3025 versa
1211 2961 1254 3025 ad

132 3055 298 3118 infernum
318 3056 346 3117 si
365 3064 445 3118 sunt
465 3077 527 3138 pro
545 3057 743 3132 adulteriis;
767 3067 803 3119 et
823 3055 932 3137 qualis
953 3065 1006 3118 est
1025 3055 1137 3118 forma
1156 3075 1254 3120 meu·

131 3151 176 3214 tis
194 3151 352 3225 hominis,
370 3151 450 3213 talis
469 3161 523 3215 est
542 3153 682 3233 spiritus
701 3151 782 3231 ejus,
801 3152 945 3232 proinde
963 3150 1044 3213 talis
1063 3160 1118 3213 est
1138 3151 1254 3215 homo.

132 3245 189 3309 Ex
219 3246 272 3308 his
299 3264 387 3307 nunc
415 3255 565 3321 constat,
589 3246 680 3328 quod
710 3244 879 3308 adulteria
901 3244 999 3324 hujus
1022 3245 1151 3326 gradus
1174 3255 1257 3330 post

132 3349 279 3405 mortem
298 3340 510 3420 imputentur
527 3341 714 3404 secundum
733 3339 1023 3403 confirmationes.

193 3449 295 3519 492.
319 3433 408 3516 (xii.)
435 3433 532 3511 Quod
542 3435 710 3498 adulteria
724 3435 843 3516 quarti
850 3435 988 3516 gradus
1003 3433 1073 3496 sint
1084 3433 1259 3500 adultm'a

132 3529 325 3605 voluntatis,
339 3550 424 3611 quae
424 3529 519 3612 fiunt
529 3529 572 3592 ab
584 3530 655 3592 illis
667 3530 728 3611 qui
733 3529 870 3608 faciunt
885 3529 947 3592 illa
962 3529 1053 3591 licita
1069 3538 1102 3590 et
1111 3529 1255 3610 placita,

133 3647 188 3689 nec
205 3625 302 3700 tanti,
323 3634 360 3687 ut
381 3634 548 3688 mereatur
566 3625 607 3687 de
628 3624 698 3687 illis
716 3623 885 3687 consulere
899 3623 1257 3689 attellanam—Haec

132 3721 302 3786 adulteria
316 3721 573 3801 distinguuntur
592 3740 612 3782 a
631 3720 808 3801 prioribus,
826 3740 872 3783 ex
891 3719 1026 3782 illorum
1043 3719 1256 3800 originibus:

132 3818 231 3898 origo
246 3817 365 3879 horum
381 3815 626 3879 adulteriorum
643 3825 697 3878 est
716 3835 761 3877 ex
781 3834 887 3897 prava
902 3813 1086 3876 voluntate
1101 3824 1258 3878 connata

132 3912 273 3986 homini,
292 3930 352 3974 seu
371 3931 417 3973 ex
437 3909 529 3972 malo
547 3909 765 3984 hereditario,
785 3911 839 3973 cui
862 3909 977 3981 homo,
999 3919 1186 3991 postquam
1206 3910 1258 3973 sui

129 4007 246 4090 judicii
273 4004 381 4069 ladius
411 4015 476 4078 est,
501 4024 606 4068 caece
629 4005 760 4077 obedit,
786 4003 871 4067 nihil
896 4002 1068 4085 judiando
1107 4004 1153 4068 de
1182 4003 1253 4067 illis

134 4122 214 4166 num
234 4101 325 4164 mala
344 4102 412 4164 sint
430 4100 486 4162 vel
505 4118 594 4175 non;
618 4120 722 4180 quare
739 4100 872 4173 dicitur,
889 4098 981 4179 quod
1001 4096 1059 4161 illa
1079 4117 1148 4160 non
1164 4098 1257 4162 tanti

134 4207 281 4279 reputet,
305 4206 342 4259 ut
373 4205 544 4258 mereatur
573 4203 610 4256 ut
640 4195 684 4256 de
714 4193 780 4256 illis
810 4194 1011 4256 consulatur
1033 4190 1255 4257 intellectus:

134 4295 231 4374 origo
251 4304 366 4355 autem
386 4290 643 4360 adulteriorum,
664 4309 751 4370 quae
773 4297 941 4351 vocantur
959 4287 1128 4350 adulteria
1147 4287 1255 4351 ratio·

135 4390 197 4464 nis,
218 4398 297 4451 sunt
317 4409 361 4450 ex
380 4406 541 4469 perverso
561 4381 751 4460 intelledtu,
771 4392 807 4447 et
827 4381 911 4445 fiunt
934 4382 979 4444 ab
1000 4382 1068 4445 illis
1091 4384 1149 4467 qui
1171 4401 1255 4447 con·
