2782 5026
327 121 381 173 ns
403 120 538 172 suone
560 120 880 188 competant-u.
898 124 951 190 4²·
1160 126 1201 193 37

127 290 234 342 ‘'Simile
245 299 292 341 eat
302 305 419 353 regnum
429 291 561 341 caelorum
574 291 676 340 homini
688 290 754 354 regi,
768 290 813 354 qul
833 290 896 342 iecit
908 292 1016 355 nuptias
1027 291 1083 342 fillo
1097 307 1156 353 suo,
1165 308 1197 345 ac

202 357 308 406 emisit.
319 371 426 406 servos
438 365 465 406 et
477 357 601 405 invitavit
612 357 646 405 ad
658 355 787 419 nuptias”
799 356 907 417 (Marti.
919 357 982 408 xxii.
996 358 1084 420 1-14);

126 421 239 472 “Simile
252 432 297 471 est
315 436 429 484 regnum
447 423 582 470 caelorum
600 423 692 471 decem
708 422 865 485 virginibus,
879 437 959 485 quae.
970 460 976 473 .
986 460 992 472 .
1003 424 1156 474 ‚exiverunt
1170 425 1199 474 lu

204 501 349 537 occursum
365 487 461 552 Spousi
474 486 497 544 ;’'
515 501 549 536 ex
566 487 661 550 quibus
675 487 793 552 quinque
810 497 920 550 paratae
938 490 1076 551 ingressae
1091 499 1156 539 sunt
1173 490 1202 540 in

205 552 318 616 nuptias
329 553 437 614 (March.
450 566 511 603 xxv.
526 565 538 600 1
551 552 633 616 seq.);

55 685 167 841 gmd
184 684 356 748 Dominus
374 684 427 748 his
446 682 490 747 Se
509 684 734 760 intellexerit,
751 693 849 767 patet
868 705 890 749 a
907 705 995 750 vers.
1014 702 1051 767 13
1067 685 1125 762 ibi,
1143 687 1200 751 ubi

96 781 212 854 icitur,

121 901 278 1016 “Vigitlate.
288 939 308 962 .,
320 902 384 1019 <iujo
395 916 451 951 non
469 902 586 952 novistis
599 902 670 952 diem
683 910 710 951 et
723 902 827 962 horam,
839 917 894 966 qua
905 900 989 953 Filius
1003 903 1123 954 hominia
1136 918 1202 959 ven-

219 982 284 1017 urus
296 983 326 1017 es

53 1070 163 1137 Tum
184 1094 231 1136 ex
248 1071 486 1154 Apocalypsi:

118 1187 229 1238 “Venit
240 1197 348 1251 ternpus
361 1188 515 1251 nuptiarum
530 1188 611 1250 Agni,
623 1197 650 1238 et
663 1187 740 1239 Uxor
752 1187 827 1238 Illius
839 1188 945 1252 paravit
958 1203 1015 1239 se:.
1025 1226 1032 1239 .
1041 1226 1048 1239 .
1058 1188 1142 1240 ‚beati
1154 1189 1199 1254 qul

206 1253 242 1303 ad
253 1267 350 1302 cenam
363 1255 517 1317 nuptiarum
530 1254 603 1316 Agui
616 1255 704 1305 vocati
716 1253 802 1304 sunt”
814 1254 881 1318 (cap.
894 1255 947 1305 xix.
961 1266 983 1315 7,
996 1255 1030 1318 9).

53 1387 176 1471 Quod
193 1386 380 1468 spiritualis
395 1384 592 1451 intelletius
608 1388 653 1451 sit
669 1388 703 1450 in
716 1387 873 1451 omnibus
889 1397 926 1451 et
942 1387 1096 1468 singulis,
1109 1407 1197 1470 quae

54 1480 244 1545 Dominus
264 1481 400 1544 locutus
418 1491 481 1555 est,
502 1482 603 1562 plene
623 1492 801 1545 ostensum
820 1491 873 1546 est
892 1483 927 1545 in
946 1480 1109 1544 Dolin'na
1124 1481 1195 1544 No·

53 1597 132 1641 vae
146 1574 401 1658 Hierosolymae
414 1575 456 1638 de
477 1575 658 1656 Scriptura
680 1575 798 1653 Sacra,
816 1575 1084 1653 Amstelodami,
1104 1595 1197 1640 anno

61 1671 167 1754 1763,
188 1671 294 1735 edita.

572 1797 700 1810 —

133 1901 206 1973 42.
236 1886 302 1951 His
315 1886 489 1968 subjiciam
502 1888 569 1950 duo
582 1886 850 1952 Memorabiliae
864 1886 994 1951 Mundo
1007 1886 1192 1970 Spirituali.

59 1980 222 2047 Primum
240 1982 326 2046 hoc:

124 2110 268 2182 Quodam
289 2127 377 2166 mane
395 2112 515 2182 suspexi
535 2111 565 2166 in
584 2113 708 2176 caelum,
721 2123 752 2167 et
772 2113 833 2167 vidi
853 2129 942 2183 supra
961 2127 1009 2166 me
1028 2128 1192 2182 expansum

61 2205 164 2261 supra
178 2206 360 2260 expansum
379 2201 410 2244 et
422 2190 493 2253 vidi,
506 2192 587 2260 quod
603 2191 767 2261 aperiretur
781 2192 909 2262 primum
924 2207 1098 2261 expansum,
1111 2192 1194 2261 quod

62 2285 166 2340 prope
179 2280 253 2331 erat,
266 2279 298 2323 et
311 2285 382 2324 mox
396 2270 523 2324 alterum
537 2271 618 2340 quod
638 2271 783 2340 superius,
797 2282 828 2325 et
840 2271 962 2325 tandem
975 2269 1098 2324 tertium
1111 2272 1194 2340 quod

62 2360 136 2403 erat
148 2365 339 2419 supremum:
357 2358 437 2403 etex
454 2348 652 2405 illustratione
672 2349 741 2404 inde
762 2349 879 2420 peroepi
895 2350 976 2418 quod
992 2365 1082 2418 super
1097 2349 1194 2419 primo

62 2443 207 2498 expanso
224 2437 327 2482 essent
345 2427 444 2498 angeli
464 2429 627 2497 exquibus
647 2428 774 2498 primum
795 2445 846 2482 seu
866 2428 1006 2482 ultimum
1026 2428 1150 2491 caelum,
1164 2439 1196 2484 et

65 2521 163 2577 super
174 2507 309 2561 secundo
323 2522 459 2576 expanso
478 2517 579 2561 essent
591 2506 689 2577 angeli
708 2523 744 2562 ex
758 2507 866 2577 quibus
884 2507 1048 2562 secundum
1061 2524 1114 2562 seu
1134 2524 1195 2562 me·

64 2587 155 2640 dium
164 2586 290 2647 caelum,
300 2596 332 2639 et
344 2602 433 2655 super
442 2585 534 2640 tertio
544 2602 675 2656 expanso
685 2596 786 2641 essent
795 2585 893 2657 angeli
903 2603 941 2641 ex
950 2586 1058 2658 quibus
1070 2586 1193 2641 tertium

65 2681 125 2721 aen
137 2681 312 2735 supremum
326 2665 450 2719 caehrm.
818 2736 820 2741 ,

77 2796 85 2809 ,
126 2744 254 2799 Miratus
266 2760 333 2798 sum
347 2743 476 2814 primurn
489 2743 561 2814 quid
575 2753 606 2799 et
618 2759 672 2799 cur
684 2743 756 2807 hoc:
775 2754 806 2798 et
822 2760 893 2798 mox
906 2744 1009 2799 audita
1021 2752 1068 2798 est
1080 2760 1098 2798 e
1109 2745 1194 2799 caelo

65 2837 131 2879 vox
143 2824 224 2878 sicut
235 2824 334 2884 tubae,
348 2823 460 2884 dicens,
474 2829 490 2852 ⁶·
501 2822 700 2893 Percepimus,
713 2833 744 2877 et
757 2839 837 2877 nunc
849 2823 994 2883 videmus.
1005 2823 1085 2893 quod
1100 2824 1194 2878 medi·

68 2903 145 2957 teris
163 2903 203 2957 de
220 2918 324 2957 amore
342 2901 522 2973 conjugiali;
546 2912 578 2957 et
597 2902 716 2963 scimus,
732 2903 813 2971 quod
834 2901 933 2956 adhuc
953 2918 1012 2957 non
1033 2902 1142 2972 aliquis
1164 2902 1193 2956 in

67 2982 159 3038 terris
180 2980 257 3036 sciat
274 2981 347 3053 quid
369 2997 454 3036 amor
472 2997 542 3036 vere
564 2981 741 3052 coniugialia
764 2981 793 3035 in
816 2997 870 3036 sua
893 2981 1015 3052 origine,
1034 2990 1066 3035 et
1088 2981 1117 3034 in
1139 2998 1194 3036 sua

68 3060 203 3116 essentia
222 3070 278 3122 est,
296 3070 330 3115 et
348 3069 450 3114 tamen
469 3060 594 3115 interest
613 3070 648 3114 ut
668 3061 793 3123 sciatur;
815 3076 906 3130 quare
926 3060 1037 3131 placuit
1061 3058 1194 3115 Domino

68 3140 186 3211 aperire
199 3139 253 3194 tibi
266 3139 376 3200 caelos,
389 3149 423 3192 ut
437 3139 467 3193 in
481 3139 589 3194 mentis
608 3149 677 3213 tuae
691 3139 832 3193 interiora
847 3138 951 3193 influat
966 3139 1017 3192 lux
1033 3138 1192 3201 illustrans.

69 3229 102 3274 et
115 3219 186 3275 inde
199 3217 370 3289 perceptio:
388 3218 468 3288 apud
482 3234 537 3272 nos
557 3218 586 3271 in
602 3217 700 3280 caelis,
714 3217 859 3287 imprimis
878 3217 909 3270 in
928 3217 1026 3280 tertio,
1042 3228 1113 3272 sunt
1126 3235 1193 3273 cae·

70 3297 161 3354 lentes
180 3308 302 3353 nostrae
320 3296 444 3352 deliciae
464 3296 667 3367 principaliter
679 3313 717 3350 ea
731 3311 833 3350 amore
848 3295 1026 3366 conjugium
1045 3313 1136 3367 quare
1155 3313 1191 3351 ex

70 3378 142 3433 data
155 3378 243 3433 nobis
254 3376 343 3431 venia
356 3376 551 3431 demittemus
566 3376 604 3431 ad
618 3386 648 3430 te
662 3392 715 3446 par
726 3375 889 3445 conjugum
903 3386 936 3429 ut
951 3375 1080 3431 videas.”

125 3457 163 3513 Et
175 3472 246 3512 ecce
258 3467 332 3511 tuuc
344 3455 481 3525 apparuit
494 3471 599 3509 currus
613 3471 630 3509 e
645 3470 785 3524 supremo
797 3470 850 3509 seu
866 3453 957 3508 tertio
970 3455 1053 3508 caelo
1066 3455 1191 3509 descen-

73 3535 153 3598 deus,
167 3535 197 3591 in
210 3545 276 3606 quo·
286 3535 368 3589 visus
382 3543 429 3588 est
447 3550 524 3588 unus
536 3533 673 3604 angelum
689 3534 746 3591 ⁴sed
765 3533 843 3588 sicut
861 3533 1120 3603 appropinquavit,
1134 3534 1190 3587 visi

75 3626 140 3669 sunt
153 3615 184 3669 iu
197 3614 249 3670 illo
262 3613 342 3669 duo:
360 3628 464 3667 currus
477 3629 493 3667 e
511 3612 677 3683 longinquo
696 3611 779 3666 fulsit
797 3628 897 3666 coram
917 3611 1012 3666 oculis
1026 3612 1100 3666 meis
1113 3611 1191 3666 sicut

76 3693 198 3755 adama,
212 3702 244 3748 et
257 3692 286 3747 ei
305 3690 418 3762 alligati
437 3701 522 3746 erant
536 3691 608 3760 pulli
624 3707 769 3760 equorum
785 3690 904 3745 candidi
923 3690 1000 3744 sicut
1014 3689 1080 3751 nix;
1099 3699 1130 3744 et
1145 3706 1192 3744 se-

78 3771 176 3828 dentes
189 3773 220 3828 in
239 3788 330 3826 curru
348 3771 493 3826 tenebant
511 3771 649 3836 manibus
667 3771 743 3825 duos
761 3779 900 3831 turtures,
914 3780 944 3824 et
963 3769 1132 3824 clamabant
1150 3770 1189 3824 ad

79 3866 126 3912 me,
136 3860 152 3881 “
161 3851 216 3906 Vis
230 3861 265 3905 ut
278 3849 401 3920 propius
410 3850 620 3911 adveniamus;
639 3849 691 3904 sed
704 3865 777 3903 cave
789 3858 870 3909 tunc,
881 3865 918 3903 ne
931 3864 1096 3910 coruscum,
1107 3848 1189 3918 quod

79 3931 181 3986 ecaelo
194 3940 311 3991 nostro,
323 3944 341 3983 e
353 3945 414 3999 quo
429 3929 646 3990 descendimus,
659 3938 689 3981 et
704 3938 750 3982 est
769 3926 949 3987 flammeum.
963 3936 1098 3996 penetret
1115 3926 1190 3981 inte·

80 4007 136 4071 tius,
149 4027 166 4066 e
177 4009 268 4079 cujus
284 4007 398 4062 influxu
411 4007 534 4077 quidem
554 4007 743 4061 illustrantur
755 4006 839 4060 ideae
855 4003 1026 4060 intellectus
1040 4005 1086 4057 tui
1102 4021 1190 4076 supe·

81 4085 168 4153 riores,
189 4103 273 4161 quae
298 4087 331 4141 in
354 4101 387 4141 se
408 4097 478 4143 sunt
499 4086 658 4149 caelestes5
685 4096 715 4140 at
737 4085 793 4139 hae
816 4085 845 4138 in
868 4085 990 4147 mundo,
1012 4083 1042 4136 in
1065 4098 1127 4154 quo
1148 4099 1182 4139 es
