2850 5026
415 464 466 515 ou
488 463 624 514 anona
647 462 955 514 sarmatiam-u.
979 462 1027 530 55.
1239 463 1276 531 5¹

161 632 297 704 potentia
308 631 372 704 jugi
387 641 467 694 sunt,
480 642 512 687 et
529 631 561 686 hi
576 641 647 686 sunt
663 631 693 685 in
709 631 855 701 supremis
870 631 975 686 caelis:
993 641 1024 686 et
1036 646 1157 702 quoque
1172 633 1277 687 datum

159 723 204 768 est
215 711 369 783 percipere
383 712 527 766 influxum
544 712 633 782 hujus
646 712 756 766 amoris
776 712 805 765 in
821 710 997 766 affefiiones
1011 712 1146 766 cordium
1160 724 1278 768 nostro-

159 807 232 853 rum,
254 802 287 846 et
312 792 512 861 persensimus
537 791 621 844 illum
647 790 795 845 suavitate
819 792 1014 845 excedentem
1039 806 1160 846 omnem
1185 792 1276 846 alium

158 886 300 935 amorem,
315 882 435 941 praeter
449 887 581 925 amorem
598 871 727 924 duorum
745 871 918 940 conjugum,
933 887 1060 941 quorum
1076 872 1168 926 corda
1183 889 1276 926 unum

159 960 243 1005 sunt:
265 951 319 1004 sed
340 951 469 1020 petimus
491 960 525 1004 ut
544 949 695 1004 ventiletis
717 950 796 1004 hunc
818 965 960 1011 amorem,
979 950 1050 1019 quia
1071 966 1171 1005 coram
1191 953 1277 1008 vobis

158 1045 253 1085 novus
267 1039 314 1084 est
330 1041 361 1084 et
377 1031 513 1101 ignotus:
535 1039 566 1084 et
581 1029 652 1099 quia
669 1039 716 1083 est
735 1028 799 1098 ipsa
813 1029 989 1091 amoenitas.
1005 1046 1023 1084 a
1042 1029 1128 1086 nobis
1148 1030 1178 1084 in
1193 1032 1277 1087 caelo

158 1120 282 1163 vocatur
296 1109 433 1164 caelestis
446 1108 606 1163 suavitas.”

209 1187 286 1243 Cum
299 1189 399 1258 itaque
408 1189 596 1250 ventilarent,
607 1188 734 1258 primum
745 1186 837 1241 locuti
847 1198 919 1242 sunt
929 1188 970 1241 illi
981 1188 1032 1258 qui
1043 1204 1103 1243 non
1114 1199 1277 1258 potuerunt

157 1267 288 1338 cogitare
303 1266 472 1322 castitatem
489 1268 527 1323 de
539 1267 697 1337 conjugiis,
710 1278 741 1322 et
753 1267 881 1330 aiebant,
892 1266 993 1338 “Quis
1006 1268 1077 1321 dum
1091 1269 1175 1322 videt
1186 1269 1276 1340 virgi·
1294 1268 1298 1280 ’

157 1362 223 1400 nem
245 1356 299 1400 aut
319 1362 445 1400 uxorem
470 1347 623 1416 pulchram
646 1357 676 1401 et
697 1346 864 1408 amabilem,
887 1346 930 1399 ita
953 1357 1054 1417 potest
1074 1347 1221 1418 castigare
1245 1360 1277 1403 et

156 1425 311 1495 purificare
325 1426 407 1480 ideas
420 1426 612 1496 cogitationis
624 1442 695 1480 suae
708 1441 727 1479 a
738 1426 989 1495 concupiscentia,
1004 1436 1037 1479 ut
1052 1436 1133 1481 amet
1146 1427 1275 1496 pulchri·

156 1505 301 1567 tudinem,
317 1515 349 1559 et
367 1514 468 1559 tamen
489 1521 610 1574 prorsus
628 1520 689 1559 non
708 1506 789 1566 velit,
809 1505 834 1559 si
854 1505 933 1567 licet,
953 1505 1032 1558 illam
1052 1504 1164 1560 libare?
1178 1571 1186 1586 ἢ
1200 1503 1276 1577 Quis
1362 1512 1367 1521 '

157 1593 256 1653 potest
267 1595 384 1639 vertere
396 1583 669 1653 concupiscentiam
689 1584 783 1638 cuivis
799 1585 864 1638 viro
880 1584 1012 1638 innatam
1030 1584 1058 1638 in
1075 1586 1135 1639 tale
1149 1596 1274 1647 castum,

157 1661 197 1716 ita
216 1662 246 1716 in
266 1679 327 1716 uon
346 1679 387 1724 se,
400 1674 431 1718 et
450 1679 544 1733 usque
562 1662 682 1718 amare?
720 1662 800 1718 Num
818 1679 904 1718 amor
922 1680 1018 1723 sexus,
1035 1665 1107 1717 dum
1126 1664 1164 1718 ab
1179 1665 1275 1720 oculis

157 1741 247 1795 intrat
262 1741 293 1795 in
308 1743 515 1813 cogitationes,
531 1753 633 1812 potest
651 1743 812 1797 subsistere
832 1743 862 1797 in
878 1742 953 1797 facie
969 1742 1117 1797 feminae?
1155 1742 1275 1799 Numne

155 1819 310 1876 descendit
328 1833 482 1876 momento
502 1822 532 1876 in
552 1821 663 1892 pestus,
676 1834 707 1876 et
727 1820 825 1876 ultra?
862 1822 972 1892 Angeli
991 1822 1083 1876 locuti
1104 1833 1174 1877 sunt
1188 1839 1273 1886 vana,

156 1901 234 1969 quod
250 1901 298 1955 ille
311 1917 396 1955 amor
406 1902 495 1955 detur
506 1912 614 1964 castus,
624 1911 655 1956 et
668 1913 770 1956 tamen
781 1902 862 1971 quod
875 1903 1011 1956 omniurn
1021 1902 1215 1956 suavissimus
1225 1904 1273 1964 sit,

155 1989 186 2033 et
196 1979 278 2049 quod
294 1980 382 2034 unice
395 1981 503 2035 dabilis
516 1981 555 2035 sit
567 1981 646 2050 apud
663 1981 787 2034 maritos
800 1981 851 2050 qui
868 1981 896 2033 in
913 1997 1015 2035 amore
1027 1997 1097 2035 vere
1112 1982 1272 2052 conjugiali

154 2068 185 2113 et
202 2058 272 2112 inde
292 2059 322 2112 in
337 2061 541 2129 praepollente
561 2060 783 2130 potentiacum
803 2059 944 2114 uxoribus
963 2060 1025 2115 suis
1043 2071 1130 2114 sunt:
1149 2077 1220 2113 num
1241 2061 1272 2114 hi

156 2152 223 2207 prae
244 2137 319 2200 aliis,
342 2139 414 2192 dum
436 2139 541 2194 vident
563 2139 711 2209 pulchras,
734 2149 860 2208 possunt
882 2139 964 2193 ideas
985 2139 1179 2209 cogitationis
1199 2156 1272 2194 suae

155 2228 254 2271 tenere
270 2217 300 2271 in
316 2218 388 2279 alto,
402 2228 433 2272 et
445 2218 524 2273 sicut
539 2219 729 2288 suspendere,
743 2234 781 2272 ne
796 2219 982 2273 descendant
996 2228 1028 2272 et
1046 2230 1172 2290 pergant
1187 2219 1225 2273 ad
1242 2219 1272 2273 id

155 2297 232 2366 quod
247 2295 319 2351 facit
331 2313 463 2351 amorem
477 2298 560 2351 illurn
570 2297 600 2352 ?’'

208 2375 282 2430 Post
295 2377 351 2430 hos
363 2377 456 2430 locuti
467 2388 538 2431 sunt
548 2377 598 2446 qui
612 2387 643 2431 et
657 2377 687 2430 in
701 2375 809 2447 frigore
822 2386 852 2431 et
867 2377 896 2429 in
906 2376 1004 2431 calore
1014 2387 1107 2437 erant,
1119 2377 1148 2430 in
1162 2376 1272 2448 frigore

154 2455 191 2509 ad
210 2471 279 2509 suas
299 2472 416 2516 uxores,
432 2467 462 2510 et
483 2456 512 2509 in
533 2456 631 2510 calore
653 2457 690 2509 ad
713 2472 833 2516 sexum:
852 2466 883 2509 et
901 2456 1049 2516 dicebant,
1065 2454 1169 2526 “Quid
1188 2470 1273 2508 amor

154 2549 240 2589 sexus
255 2533 377 2589 castus?
415 2535 507 2590 Estne
525 2552 610 2589 amor
624 2552 712 2589 sexus
731 2533 930 2589 contradifiio
945 2551 1012 2590 cum
1028 2535 1169 2605 adjicitur
1183 2534 1272 2588 casti-

153 2612 220 2667 tas?
238 2614 310 2683 quid
327 2613 525 2669 contradifiio
542 2615 571 2668 in
587 2613 716 2684 adjecto,
733 2614 789 2668 nisi
806 2630 852 2669 res
867 2614 915 2668 cui
934 2614 1068 2672 aufertur
1082 2631 1137 2669 sua
1155 2613 1271 2684 praedi·

153 2692 239 2754 catio,
254 2709 332 2763 quae
347 2710 408 2747 non
424 2704 469 2748 est
487 2693 622 2763 aliquid?
659 2692 822 2764 Quomodo
840 2710 925 2748 amor
942 2709 1031 2748 sexus
1049 2703 1150 2748 castus
1169 2702 1271 2763 potest

153 2787 215 2826 esse
229 2773 363 2826 omnium
377 2789 512 2827 amorum
527 2773 730 2834 suavissimus,
740 2789 809 2826 cum
822 2773 945 2827 castitas
958 2772 1094 2843 deprivat
1107 2772 1189 2827 illum
1203 2789 1271 2828 sua·

152 2851 242 2906 vitate
262 2851 334 2906 sua?
367 2851 469 2906 Nostis
488 2868 593 2906 omnes
612 2852 662 2906 ubi
682 2853 792 2907 residet
807 2853 937 2906 suavitas
957 2852 1034 2906 illius
1051 2852 1175 2914 amoris:
1200 2868 1270 2906 cum

153 2930 250 3000 itaque
264 2931 331 2985 idea
340 2929 532 3000 conjuniiiva
541 2948 609 2985 cum
623 2932 681 2984 hoc
694 2933 818 2993 exsulat,
829 2932 881 2985 ubi
893 2942 924 2985 et
939 2933 1018 2985 uude
1029 2941 1102 2985 tunc
1112 2930 1262 2986 suavitas?

203 3010 288 3063 Tunc
298 3021 479 3079 exceperunt
488 3010 587 3080 aliqui,
598 3021 630 3064 et
643 3010 791 3071 dixerunt,
804 3009 894 3065 “Nos
906 3009 1017 3065 fuimus
1028 3026 1096 3064 cum
1108 3010 1271 3080 pulcherri-

152 3088 214 3148 mis,
227 3099 258 3143 et
277 3106 337 3143 non
353 3088 533 3158 cupivimus;
552 3105 642 3159 quare
659 3106 714 3144 nos
728 3090 840 3143 scimus
855 3089 926 3159 quid
942 3106 1027 3143 amor
1041 3106 1129 3144 sexus
1144 3088 1270 3144 castus.”

203 3168 245 3223 At
260 3168 400 3229 consocii,
413 3168 464 3238 qui
480 3179 628 3222 noverunt
643 3168 778 3223 lascivias
794 3169 921 3230 illorum,
937 3169 1167 3238 respondebant,
1181 3169 1269 3223 “Vos

150 3257 222 3302 tunc
238 3248 268 3301 iu
284 3259 363 3302 statu
380 3247 491 3302 fastidii
507 3264 595 3302 sexus
609 3264 646 3301 ex
666 3264 726 3302 uon
743 3249 879 3318 potentia
893 3247 998 3309 fuistis,
1014 3258 1046 3302 et
1065 3249 1123 3303 hoc
1142 3264 1203 3303 non
1223 3258 1270 3302 est

150 3342 233 3380 amor
245 3343 333 3381 sexus
345 3337 452 3388 castus,
465 3328 518 3381 sed
531 3337 578 3381 est
590 3328 729 3381 ultimum
742 3327 852 3381 amoris
865 3326 997 3382 incasti.''

203 3405 259 3460 His
271 3406 381 3460 auditis
389 3406 486 3476 angeli
500 3406 647 3476 indignati
658 3416 846 3476 rogaverunt.
855 3417 889 3459 ut
903 3405 945 3460 illi
954 3405 1005 3476 qui
1018 3405 1057 3460 ad
1070 3406 1205 3461 dextram
1215 3421 1267 3461 seu

149 3485 185 3538 ad
200 3485 353 3539 meridiem
364 3487 491 3547 stabant,
502 3486 709 3555 loquerentur:
724 3495 755 3539 et
768 3485 799 3538 hi
813 3486 967 3539 dixerunt:
987 3492 1002 3514 ‘⁴
1012 3485 1065 3540 Est
1077 3501 1161 3540 amor
1170 3485 1225 3539 viri
1238 3496 1269 3539 et

148 3563 211 3624 viri,
225 3573 290 3618 tum
306 3563 434 3618 feminae
448 3575 479 3619 et
495 3563 631 3627 feminae,
644 3575 676 3618 et
691 3575 736 3619 est
751 3581 835 3619 amor
849 3564 904 3619 viri
920 3564 957 3618 ad
974 3558 1124 3624 feminam.
1138 3576 1169 3619 et
1184 3581 1269 3619 amor

149 3641 275 3697 feminae
290 3644 327 3697 ad
342 3643 454 3705 virum:
472 3654 503 3698 et
517 3644 590 3698 haec
606 3644 662 3698 tria
676 3644 757 3714 paria
768 3660 903 3698 amorum
918 3643 996 3698 inter
1007 3659 1039 3698 se
1053 3660 1173 3713 prorsus
1185 3643 1268 3697 difie-

148 3733 231 3784 runt;
250 3738 334 3776 amor
348 3722 402 3776 viri
421 3734 452 3777 et
470 3723 525 3776 viri
541 3733 586 3777 est
601 3723 679 3777 sicut
697 3739 781 3777 amor
796 3721 964 3777 intellefius
982 3732 1013 3777 et
1032 3720 1209 3784 intellec'tus,
1223 3722 1269 3776 vir

147 3801 226 3856 enim
240 3812 357 3856 creatus
368 3813 415 3856 est
427 3812 458 3856 et
472 3802 541 3857 inde
553 3803 724 3857 nasciturut
735 3801 786 3857 fiat
799 3800 984 3865 intelleiius;
1002 3801 1223 3857 amorfeminae
1236 3810 1268 3854 et

148 3879 276 3935 feminae
288 3890 334 3935 est
353 3880 431 3935 sicut
442 3898 526 3936 amor
538 3879 706 3936 affefiionis
718 3891 749 3936 et
762 3879 930 3936 alfediionis
943 3879 1114 3936 intelledius
1126 3880 1266 3940 virorum,

147 3958 257 4015 femina
269 3961 348 4015 enim
367 3970 466 4015 creata
478 3971 523 4015 est
542 3970 574 4014 et
593 3961 725 4015 nascitur
737 3971 771 4014 ut
789 3960 841 4015 fiat
854 3977 937 4014 amor
950 3959 1120 4015 intellefius
1137 3960 1209 4014 viri:
1235 3959 1266 4011 hi

147 4053 270 4101 autores,
284 4055 392 4109 nempe
405 4039 459 4093 viri
473 4050 503 4094 et
516 4039 579 4102 viri,
593 4056 628 4094 ac
641 4039 768 4094 feminae
783 4049 816 4094 et
829 4039 967 4102 feminae,
981 4056 1042 4094 non
1057 4040 1169 4093 intrant
1182 4038 1266 4107 peni-

149 4127 197 4172 tus
216 4118 245 4171 in
260 4117 387 4188 pectora,
401 4119 453 4172 sed
468 4118 540 4172 foris
553 4128 643 4179 stant,
656 4129 687 4172 et
706 4135 738 4173 se
757 4120 850 4173 modo
863 4130 1000 4189 tangunt,
1014 4118 1056 4183 ita
1068 4135 1129 4172 non
1140 4116 1265 4171 interius

147 4198 435 4268 conjunguntduos;
453 4215 543 4268 quare
552 4198 642 4253 etiarn
657 4199 718 4252 duo
726 4198 781 4252 viri
795 4198 958 4253 ratiociniis
967 4209 999 4252 et
1011 4196 1175 4252 ratiociniis
1188 4195 1267 4250 inter

148 4292 179 4331 se
192 4277 338 4347 pugillant
351 4277 428 4332 sicut
441 4279 502 4332 duo
515 4278 663 4340 athletae:
682 4295 717 4333 ae
730 4278 806 4332 duae
820 4277 948 4331 feminae
960 4277 1141 4347 quandoque
1154 4290 1265 4352 concu-

147 4355 299 4424 piscentiis
314 4367 345 4411 et
363 4357 612 4427 concupiscentiis
629 4358 705 4412 inter
719 4373 751 4412 se
766 4357 843 4412 sicut
859 4356 921 4411 duo
936 4355 1074 4409 ludiones
1088 4353 1265 4409 dimicantes

148 4435 262 4507 pugnis.
300 4436 342 4491 At
357 4452 441 4491 amor
451 4437 506 4492 viri
522 4447 553 4491 et
568 4436 695 4492 feminae
711 4447 756 4490 est
769 4452 854 4491 amor
866 4431 1036 4490 intelledius
1051 4442 1082 4488 et
1097 4432 1163 4502 ejus
1175 4432 1265 4489 afiec·
