2782 5026
388 450 438 500 oo
460 447 595 502 mono
618 449 937 516 CONJUG1AL1.—N.
961 450 1029 519 157.
1199 448 1255 515 135

280 618 362 686 (viii.)
389 619 475 689 Quod
483 622 607 689 propter
619 620 841 689 conjuntiianeni
857 619 940 672 iliani
960 618 1097 687 utfinem,
1113 619 1203 671 uxori
1218 620 1257 671 sit

454 690 676 813 datyerccptin
684 692 865 760 affetiiomim
876 692 988 752 mariti,
996 696 1023 743 it
1030 704 1255 759 quoquesumma

448 764 512 829 pru
531 763 611 813 entia
622 761 793 815 moderandi
803 761 878 815 illas.

298 829 356 898 (ιι.)
384 830 470 901 Quod
482 847 585 884 uxores
598 831 675 884 hanc
685 834 892 901 perceptionem
907 831 992 901 apud
1001 847 1030 885 se
1048 829 1212 889 recondant,
1228 834 1256 882 et

454 918 473 954 a
500 905 620 955 maritis
637 902 817 964 abscondant,
831 907 953 972 propter
970 918 1073 956 causas
1090 917 1164 968 quae
1187 905 1256 952 sunt

453 975 636 1034 necessitates,
650 978 683 1025 ut
701 973 877 1043 conjuginli's
888 989 979 1033 amor,
992 974 1134 1029 amicitia.
1148 976 1175 1022 et
1189 986 1254 1022 eon-

443 1040 579 1110 fidentia,
592 1049 620 1096 et
633 1046 676 1096 si'c
687 1043 833 1096 beatitudo
846 1042 1067 1096 cohabitationis
1080 1047 1108 1094 et
1117 1041 1255 1111 selici'tas

451 1115 539 1173 vitae,
553 1113 801 1166 constabilinntur.

305 1186 355 1252 (x.)
384 1183 470 1254 Quod
473 1186 620 1253 perceptio
638 1183 708 1235 haec
725 1187 765 1236 sit
781 1185 926 1252 sapientia
946 1184 1068 1245 uxoris·
1091 1180 1170 1250 quod
1183 1180 1255 1234 haic

453 1271 509 1306 non
521 1254 628 1307 dabilis
638 1256 678 1306 sit
689 1255 772 1323 apud
781 1257 888 1315 virum,
899 1271 949 1306 nec
957 1252 1035 1322 quod
1044 1255 1188 1322 sapientia
1202 1269 1253 1305 ra·

449 1324 569 1377 tionalis
581 1326 645 1379 viri
653 1324 759 1377 dabilis
769 1327 809 1377 sit
820 1324 904 1394 apud
913 1339 1040 1376 uxorem.

296 1394 355 1462 (xi.)
383 1394 469 1466 Quod
478 1396 675 1466 unorjugiter
686 1411 722 1446 ex
731 1411 828 1447 amore
837 1396 940 1464 cogitet
952 1394 986 1446 de
994 1393 1182 1446 inclinatione
1189 1394 1257 1446 oiri

449 1466 492 1518 ad
500 1483 536 1527 se,
549 1468 648 1518 anima
659 1466 855 1536 conjungendi
863 1465 922 1517 sibi
930 1464 1014 1517 illum
1024 1483 1037 1526 ,·
1054 1464 1144 1516 ali'ter
1154 1466 1213 1518 vir.

284 1535 352 1603 (xii.)
381 1535 466 1605 Quod
477 1548 552 1589 uxor
566 1537 726 1606 conjungat
740 1538 844 1588 seviro
851 1539 908 1605 per
919 1535 1127 1605 applicationes
1139 1534 1181 1586 ad
1190 1536 1253 1605 ejus

451 1606 611 1660 voluntatis
622 1606 777 1660 desideria.

275 1675 353 1744 (xiii.)
382 1675 467 1745 Quod
483 1692 557 1730 uxor
570 1677 769 1747 conjungatur
783 1676 850 1729 viro
866 1691 916 1729 suo
929 1680 987 1745 per
1003 1674 1157 1745 sphaeram
1172 1677 1253 1728 vitae

449 1763 519 1799 suae
530 1753 677 1800 exeuntem
690 1763 726 1799 ex
738 1763 835 1799 amore
847 1748 917 1817 ejus.

279 1817 357 1885 (xiv.)
385 1817 470 1887 Quod
484 1833 559 1869 uxor
576 1819 776 1887 conjungatur
791 1819 898 1870 marito
911 1821 968 1887 per
982 1817 1250 1886 appropriationem

449 1889 561 1940 virium
573 1890 696 1940 virtutis
707 1889 770 1958 ejus
778 1907 791 1950 ,·
811 1887 862 1940 sed
871 1887 949 1956 quod
964 1887 1015 1939 boc
1025 1888 1086 1955 fiat
1096 1887 1250 1940 secundum

450 1973 576 2010 amorem
589 1964 722 2011 mutuum
735 1958 920 2027 spiritualem
934 1958 1061 2011 illorum.

284 2029 352 2096 (xv.)
381 2028 466 2097 Quod
480 2029 522 2081 si'c
539 2044 614 2081 uxor
626 2031 784 2098 imaginem
802 2030 853 2081 siii
864 2030 973 2081 mariti
982 2029 1107 2096 recipiat
1124 2030 1156 2081 in
1174 2044 1210 2090 se,
1223 2033 1251 2082 et

447 2098 515 2150 i'nde
520 2100 676 2167 percipiat,
690 2098 790 2152 videat
802 2104 830 2151 et
841 2100 949 2152 sentiat
961 2100 1023 2151 e'us
1034 2099 1201 2166 affeliinnes.

270 2169 347 2238 (xvi.)
376 2168 461 2239 Quod
475 2169 536 2219 sint
553 2167 644 2235 officia
656 2171 783 2238 propria
802 2171 873 2227 viri.
886 2175 915 2221 et
932 2116 1023 2237 oſsio
1031 2170 1159 2238 propria
1179 2185 1249 2222 uxa-

446 2239 490 2289 ris
497 2257 509 2298 ‚·
527 2243 554 2289 et
565 2239 643 2306 quod
652 2255 729 2292 uxor
740 2256 795 2292 non
828 2241 896 2292 ossit
903 2241 1020 2292 intrare
1032 2241 1064 2291 in
1077 2240 1168 2307 officia
1176 2243 1248 2308 pro·

440 2310 515 2431 prtia
527 2311 659 2394 vi'riinec
670 2311 721 2362 vir
733 2312 765 2362 in
778 2243 870 2379 estun
878 2311 1006 2380 propria
1020 2311 1128 2370 uxoris,
1142 2315 1169 2362 it
1187 2311 1249 2364 illis

445 2395 475 2432 ri
489 2396 504 2431 e
533 2395 572 2431 un
593 2396 613 2433 i.

259 2451 349 2519 (xviii)
378 2450 463 2520 Quod
478 2378 643 2518 οιέτιὶιὲιῚΙα
665 2449 819 2503 seeundum
839 2456 972 2503 mutuum
992 2450 1139 2503 auxilium
1158 2453 1247 2503 etiam

443 2521 624 2590 conjungant
635 2519 705 2575 duos
716 2522 749 2572 in
762 2537 852 2574 unum
859 2541 872 2584 ,·
892 2527 920 2574 et
931 2521 1148 2592 simulsaeiant
1158 2538 1246 2575 unam

246 2661 348 2730 (xviii.)
377 2591 791 2802 Quoslissmcpbfiy'iigeshsecuiffium
804 2661 1024 2801 tcgnjuntiiones
1041 2665 1131 2729 supra
1156 2661 1248 2715 ditias

465 2748 503 2783 aii
530 2749 606 2785 unus
638 2749 700 2784 omo
744 2750 803 2784 use
861 2748 901 2785 us.

271 2803 349 2870 (xix.)
379 2802 464 2871 Quod
478 2802 533 2863 illi,
546 2806 600 2870 qui
616 2805 647 2856 in
666 2820 763 2857 amore
773 2819 841 2856 vere
858 2801 1106 2872 conjugialisunt‚
1119 2804 1247 2855 sentiant

443 2889 471 2925 se
483 2875 598 2925 unitum
611 2872 761 2933 hominem,
774 2880 802 2926 et
813 2876 888 2926 sicut
901 2888 989 2924 unam
1002 2888 1127 2926 carnem.

280 2944 347 3011 (xx.)
376 2943 462 3013 Quod
476 2959 559 2995 amor
575 2958 641 2995 vere
658 2944 834 3014 conjugialis
851 2945 883 2995 in
907 2959 935 2995 se
955 2943 1101 3011 speiiatus‚
1120 2945 1160 2995 sit
1178 2944 1247 2997 uni'o

442 3014 621 3073 animarum,
633 3014 793 3082 conjuno‘iia
805 3015 953 3073 mentium.
967 3015 1048 3065 nisus
1060 3013 1101 3065 ad
1111 3016 1246 3084 conjunc·

441 3085 545 3137 tionem
558 3085 591 3135 in
601 3084 768 3151 potioribus.
780 3092 807 3136 et
822 3084 889 3136 inde
900 3085 932 3135 in
944 3087 1067 3153 corpori.

271 3154 350 3224 (xxi.)
379 3153 464 3224 Quod
477 3159 571 3206 status
588 3152 678 3224 liujus
695 3156 804 3208 amoris
820 3156 881 3206 sint
893 3155 1063 3213 innocentia,
1072 3158 1146 3223 pax,
1160 3160 1244 3208 tran·

441 3224 582 3293 quinitas,
601 3226 737 3277 amicitia
761 3227 877 3284 intima.
902 3225 1072 3292 confidentin
1092 3224 1190 3293 plena.
1210 3243 1245 3279 ac

441 3294 614 3347 desiderium
624 3296 722 3347 animi
728 3301 756 3348 et
767 3294 862 3347 cordis
869 3301 1002 3347 mutuum
1007 3296 1149 3365 faciendi
1155 3297 1248 3349 alteri

441 3380 523 3419 omne
534 3364 635 3418 bonum
643 3386 655 3427 ,·
673 3371 702 3418 et
713 3382 749 3417 er
760 3365 889 3418 omnibus
901 3365 962 3417 illis
973 3365 1244 3436 beatitudofausti·

442 3442 496 3495 tas.
507 3436 692 3504 jucunditas,
708 3435 848 3504 voluptas,
866 3441 894 3487 et
918 3452 955 3487 ex
972 3434 1080 3488 harum
1090 3437 1250 3507 fruitione.

440 3511 567 3566 aeterna,
580 3506 853 3576 caelestisselici'tas.

254 3576 344 3645 (xxii.)
373 3575 459 3645 Quod
476 3577 546 3660 liaeo
568 3576 735 3660 nallatenus
747 3578 861 3645 possint
877 3575 955 3638 dari,
968 3578 1031 3629 nisi
1051 3579 1083 3629 in
1108 3580 1243 3649 conjugio

439 3663 527 3699 unius
538 3663 600 3700 viri
613 3663 677 3699 cum
691 3663 750 3699 una
764 3663 861 3701 uxore.

129 3785 283 3890 sequitur
301 3837 392 3881 nunc
411 3818 532 3880 horum
551 3818 750 3900 explicatio.

188 3931 278 4010 ¹³⁷·
305 3927 359 4010 (i.)
386 3925 483 4004 Quod
496 3948 518 3989 a
535 3927 706 4000 creatione,
726 3926 832 3990 insita
850 3926 897 3990 sit
913 3928 1045 4010 utrique
1066 3929 1165 3991 sexui
1175 3931 1239 4010 fa·

126 4001 233 4084 ‘ullos
257 4032 290 4085 et
306 4020 496 4096 'inclinatio
516 4031 554 4084 ot
577 4023 711 4101 possint
733 4032 764 4084 et
785 4022 890 4085 velint
914 4024 1071 4105 conjungi
1094 4023 1179 4086 sicut
1204 4025 1239 4088 in

126 4110 381 4204 “Pom-Quod
403 4116 528 4179 femina
551 4136 571 4179 a
589 4117 662 4179 viro
680 4117 862 4199 desumpta
885 4118 942 4191 sit,
962 4137 1044 4180 mox
1068 4138 1170 4199 supra
1192 4141 1238 4184 ex

127 4185 228 4273 &bro
241 4210 431 4277 creationis
444 4222 621 4274 ostensum
634 4220 687 4274 est
704 4231 711 4273 :
736 4213 827 4293 quod
841 4213 921 4276 inde
933 4214 977 4275 sit
994 4214 1126 4295 utrique
1138 4216 1238 4278 sexui

130 4283 267 4370 {multas
286 4317 322 4369 et
346 4305 522 4368 inclinatio
541 4306 585 4368 ad
608 4305 883 4387 conjungendum
906 4327 943 4369 se
967 4308 998 4369 in
1023 4327 1137 4383 unum,
1157 4309 1238 4374 inde

134 4402 293 4480 “quitum
318 4400 353 4463 id
375 4400 465 4463 enim
488 4400 579 4482 quod
602 4400 644 4463 ab
667 4401 780 4493 aliquo
803 4402 1020 4484 desumptum
1044 4413 1108 4481 est,
1129 4407 1236 4472 trahit
