2850 5026
227 451 289 515 260
565 465 748 515 pantanis
770 463 998 515 sensurus

226 633 257 687 in
273 632 378 688 ordine
400 633 567 688 secundum
588 633 688 688 caelos
711 633 837 688 influant
859 649 896 688 ex
923 631 1032 687 Divina
1052 630 1176 686 Domini
1195 631 1342 703 sapientia

226 728 304 784 quae
316 722 363 767 est
378 712 502 767 infinita

279 803 363 864 327.
385 790 441 846 His
454 790 581 862 peradlis
594 792 655 846 dixi
668 792 705 846 ad
719 792 882 852 adstantes,
897 798 912 819 ¹¹
923 791 966 844 Ex
980 791 1027 845 his
1040 790 1136 844 tribus
1148 791 1345 861 experientiae

227 873 353 932 indiciis,
366 872 485 927 vidistis
497 872 585 941 quale
603 882 650 926 est
668 871 828 926 discrimen
846 871 923 925 inter
938 870 1091 940 spirituale
1110 880 1147 924 et·
1162 871 1305 932 naturale,
1317 882 1345 926 et

229 968 351 1022 quoque
372 967 493 1005 causam
514 967 568 1006 cur
590 951 733 1005 naturalis
756 951 847 1005 homo
872 966 933 1004 non
955 960 1097 1020 appareat
1118 950 1275 1020 spirituali.
1297 964 1347 1005 nec

227 1031 389 1102 spiritualis
402 1031 494 1085 homo
508 1022 652 1092 naturali:
670 1031 791 1084 tametsi
805 1030 903 1099 quoad
915 1027 1090 1084 afletiiones
1101 1029 1346 1100 etcogitationes.

227 1122 258 1164 et
272 1111 341 1165 inde
355 1110 538 1181 praesentias
553 1109 718 1164 consociati
730 1120 818 1163 sunt:
837 1109 906 1163 inde
921 1120 976 1169 est,
986 1109 1067 1179 quod
1081 1108 1145 1170 tibi.
1156 1109 1347 1165 Archididas·

226 1191 298 1250 cale.
314 1190 343 1243 in
356 1191 405 1244 via
415 1206 494 1244 nunc
506 1189 589 1244 visus
599 1190 665 1248 sim.
679 1200 710 1243 et
724 1204 803 1242 nunc
816 1205 877 1242 non
891 1188 1000 1243 visus.”

282 1268 356 1324 Post
372 1269 445 1323 baec
461 1270 564 1323 audita
579 1279 626 1323 est
639 1285 699 1323 vox
718 1285 735 1323 e
750 1267 894 1338 superiori
907 1269 992 1322 caelo
1007 1268 1045 1322 ad
1061 1267 1347 1327 Archididascalurn.

226 1349 338 1410 dicens,
353 1349 517 1404 “Ascende
534 1349 592 1402 huc
602 1349 627 1402 :’'
646 1359 677 1402 et
692 1348 835 1408 ascendit,
849 1358 880 1402 et
893 1348 989 1408 rediit,
1002 1358 1034 1403 et
1049 1348 1133 1408 dixit,
1145 1349 1228 1419 quod
1245 1347 1348 1418 angeli.

225 1428 304 1482 sicut
316 1428 387 1498 ipse.
399 1444 458 1482 non
471 1428 553 1498 prius
562 1428 702 1483 noverint
712 1427 896 1482 differentias
910 1428 988 1481 inter
998 1427 1150 1497 spirituale
1163 1437 1196 1481 et
1209 1428 1348 1487 naturaie

229 1519 350 1577 propter
368 1523 496 1569 causam,
510 1508 582 1577 quia
601 1523 661 1560 non
684 1507 766 1577 prius
790 1508 870 1577 apud
893 1507 1044 1577 quendam
1064 1506 1228 1568 hominem.
1248 1507 1300 1577 qui
1321 1506 1348 1559 in

230 1599 358 1656 utroque
372 1587 486 1640 mundo
499 1587 586 1640 simul
603 1585 667 1647 luit.
680 1587 780 1657 aliqua
792 1587 880 1655 copia
893 1586 1047 1640 relationis
1061 1587 1134 1640 data
1147 1596 1203 1648 est,
1216 1602 1252 1641 ac
1267 1585 1348 1640 dille·

226 1667 340 1721 'tentiae
356 1666 422 1720 illae
435 1667 547 1736 absque
560 1666 713 1726 relatione.
727 1683 789 1720 non
803 1677 975 1721 noscuntur.

281 1747 369 1816 328.
389 1745 464 1800 Post
483 1746 560 1800 haec
575 1745 762 1804 secessimus.
776 1761 811 1799 ac
828 1745 935 1799 iterum
950 1744 1042 1799 locuti
1055 1761 1160 1799 sumus
1180 1745 1218 1799 de
1235 1744 1292 1799 hac
1306 1760 1349 1804 re:

224 1835 259 1880 et
277 1826 348 1886 dixi,
361 1826 443 1896 quod
457 1824 630 1879 discrimina
646 1825 696 1878 illa
711 1841 771 1878 non
784 1825 905 1879 aliunde
920 1825 1059 1883 existant.
1073 1840 1164 1894 quam
1179 1825 1276 1894 “quia
1289 1839 1348 1884 vos.

226 1905 278 1976 qui
293 1905 322 1958 in
334 1905 447 1958 mundo
456 1904 603 1974 spirituali
614 1904 695 1963 estis.
706 1915 736 1958 et
750 1904 820 1958 inde
830 1904 1008 1973 spirituales,
1018 1903 1091 1959 estis
1105 1904 1135 1957 in
1147 1904 1348 1958 substantiali·

229 1986 284 2040 bus
297 1996 328 2039 et
342 2001 402 2038 non
417 1985 447 2037 in
461 1984 673 2042 materialibus,
683 1999 718 2037 ac
730 1983 940 2038 substantialia
952 1992 1024 2038 sunt
1038 1982 1122 2037 initia
1136 1982 1348 2043 materialium:

229 2081 283 2120 vos
293 2064 365 2119 estis
379 2065 408 2118 in
421 2064 574 2133 principiis
586 2064 669 2117 etsie
684 2063 712 2117 ln
724 2063 933 2133 singularibus,
944 2079 1000 2117 nos
1009 2074 1110 2117 autem
1126 2063 1155 2116 in
1166 2062 1349 2133 principiatis

228 2155 259 2199 et
268 2144 461 2213 compositis;
476 2159 532 2197 vos
540 2143 613 2197 estis
625 2143 654 2195 in
666 2143 901 2212 particularibus.
911 2159 965 2196 nos
975 2152 1075 2196 autem
1087 2142 1116 2195 in
1126 2143 1349 2202 communibus;

228 2234 259 2278 et
273 2224 351 2278 sicut
363 2222 536 2277 communia
549 2239 610 2276 non
627 2233 754 2292 possunt
768 2222 879 2276 intrare
895 2222 924 2274 ln
942 2222 1139 2291 particularia,
1153 2221 1197 2274 ita
1212 2237 1268 2275 nec
1284 2237 1348 2291 pos-

227 2314 299 2358 sunt
312 2303 467 2364 naturalia.
480 2319 556 2371 quae
569 2313 640 2357 sunt
654 2302 827 2363 materialia.
842 2302 952 2355 intrare
966 2301 994 2354 in
1009 2301 1176 2370 spiritualia
1189 2312 1348 2371 quaesunt

228 2383 443 2442 substantialia.
455 2398 575 2452 prorsus
588 2383 666 2435 sicut
679 2380 759 2436 lunis
770 2381 907 2435 nauticus
920 2396 980 2434 non
992 2391 1091 2451 potest
1105 2381 1216 2435 intrare
1226 2397 1280 2435 seu
1293 2391 1348 2434 tra·

228 2463 298 2516 duci
317 2478 371 2532 per
389 2461 524 2515 foramen
541 2478 613 2515 acus
629 2461 746 2521 netorii.
760 2470 812 2514 aut
827 2461 905 2515 sicut
921 2476 1030 2514 nervus
1046 2476 1106 2514 non
1123 2471 1225 2530 potest
1242 2460 1348 2514 intrare

229 2558 282 2596 seu
297 2541 397 2595 induci
413 2542 442 2593 in
456 2557 545 2593 unam
559 2558 596 2594 ex
611 2540 691 2594 libris
704 2557 740 2593 ex
753 2541 863 2610 quibus
876 2539 925 2593 ille
939 2551 995 2600 est,
1009 2556 1064 2594 nec
1077 2538 1151 2592 fibra
1167 2538 1197 2592 in
1212 2555 1301 2593 unam
1315 2553 1348 2592 er

230 2621 344 2674 tibrillis
363 2637 400 2673 ex
418 2620 527 2688 quibus
544 2621 593 2674 illa
612 2630 672 2674 est:
698 2620 755 2673 hoc
774 2619 864 2673 etiarn
885 2619 914 2672 in
935 2621 1048 2672 mundo
1064 2629 1170 2672 notum
1190 2629 1246 2679 est,
1262 2633 1349 2689 quare

228 2716 393 2754 consensus
415 2699 599 2752 eruditorum
623 2709 677 2758 est,
699 2699 780 2769 quod
808 2715 868 2752 non
891 2699 981 2752 detur
1003 2698 1132 2752 influxus
1154 2698 1299 2751 naturalis
1320 2697 1347 2750 in

229 2778 391 2849 spirituale,
407 2779 460 2831 sed
481 2778 643 2846 spiritualis
662 2778 692 2831 in
714 2779 855 2832 naturale.
895 2778 978 2832 Haec
998 2793 1077 2831 nunc
1095 2793 1185 2831 causa
1203 2775 1347 2847 estquod

230 2858 373 2911 naturalis
386 2857 478 2910 homo
489 2873 547 2910 non
564 2857 657 2926 possit
667 2859 798 2928 cogitare
812 2858 861 2912 illa
874 2874 950 2927 quae
959 2857 1119 2926 spiritualis
1128 2857 1228 2916 homo.
1239 2868 1271 2910 et
1284 2856 1349 2910 inde

231 2953 285 2990 nec
301 2937 382 3006 loqui
404 2936 468 2996 illa;
492 2952 583 3005 quare
599 2936 708 2990 Paulus
731 2937 781 2991 illa
795 2953 872 3007 quae
886 2937 1001 2991 audivit
1017 2952 1054 2991 ex
1069 2936 1159 2990 tertio
1171 2935 1263 2995 caelo.
1279 2935 1349 2990 dicit

233 3015 401 3069 ineffabilia.
439 3015 574 3076 Accedit,
588 3016 668 3085 quod
684 3016 881 3085 spiritualiter
892 3016 1022 3087 cogitare
1038 3015 1077 3069 sit
1092 3016 1205 3085 absque
1217 3024 1349 3084 tempore

230 3105 262 3148 et
280 3096 378 3164 spatio
396 3095 535 3165 cogitare.
549 3106 579 3148 et
598 3097 679 3165 quod
700 3096 873 3149 naturaliter
891 3095 930 3149 sit
948 3112 1016 3149 cum
1035 3105 1171 3164 tempore
1190 3104 1221 3148 et
1240 3093 1349 3163 spatio:

231 3175 374 3228 adhaeret
389 3175 468 3228 enirn
487 3175 568 3228 omni
586 3175 669 3228 ideae
684 3175 875 3244 cogitationis
893 3174 1036 3228 naturalis
1054 3173 1165 3243 aliquid
1184 3189 1202 3227 e
1217 3183 1350 3242 tempore

230 3264 262 3307 et
273 3254 379 3323 spatio,
391 3269 451 3307 non
465 3264 563 3307 autem
576 3254 664 3307 alicui
676 3252 759 3307 ideae
770 3254 931 3322 spirituali:
950 3269 1039 3308 causa
1048 3264 1101 3313 est.
1111 3253 1182 3323 quia
1192 3250 1350 3323 spiritualis

231 3333 360 3386 mundus
371 3349 431 3386 non
445 3344 492 3386 est
502 3334 532 3386 in
546 3333 642 3403 spatio
651 3344 681 3387 et
694 3343 838 3402 tempore,
849 3333 926 3387 sicut
935 3333 1064 3387 mundus
1078 3332 1229 3391 naturalis,
1242 3331 1295 3385 sed
1307 3340 1351 3385 est

231 3413 261 3466 in
272 3412 398 3466 duorum
414 3412 531 3466 illorum
542 3413 730 3482 apparentia:
750 3411 779 3464 in
794 3411 851 3465 hoc
861 3411 1004 3466 dilierunt
1012 3412 1101 3466 etiam
1112 3410 1310 3482 cogitationes
1322 3420 1351 3463 et

230 3492 445 3563 perceptiones.
484 3491 582 3562 Quare
599 3508 652 3546 vos
668 3491 793 3561 potestis
805 3490 936 3561 cogitare
950 3491 987 3545 de
1002 3489 1057 3544 Dei
1072 3488 1201 3545 essentia
1213 3499 1244 3544 et
1258 3489 1351 3544 omni·

231 3571 397 3642 praesentia
411 3572 449 3624 ab
461 3581 592 3631 aeterno,
606 3571 663 3624 hoc
676 3581 730 3630 est,
744 3570 782 3624 de
797 3569 862 3624 Deo
874 3582 944 3624 ante
957 3570 1139 3624 creationem
1153 3567 1268 3630 mundi,
1280 3584 1351 3638 quo·

231 3650 310 3704 niam
318 3649 457 3720 cogitatis
466 3651 504 3705 de
516 3650 571 3703 Dei
580 3649 710 3703 essentia
719 3651 756 3702 ab
765 3660 887 3703 aeterno
894 3650 1006 3719 absque
1017 3660 1159 3719 tempore.
1168 3659 1201 3702 et
1210 3648 1248 3702 de
1259 3647 1351 3717 Ipsius

230 3729 481 3799 omnipraesentia
490 3731 602 3798 absque
615 3728 720 3798 spatio,
731 3738 762 3782 et
775 3728 817 3783 sic
830 3728 1086 3798 comprehenditis
1099 3729 1170 3782 talia
1182 3742 1260 3797 quae
1274 3726 1352 3781 ideas

231 3808 373 3863 naturalis
386 3808 516 3862 hominis
531 3808 773 3862 transcendunt.”

286 3887 323 3941 Et
336 3900 408 3942 tunc
422 3886 544 3948 narravi,
555 3888 634 3957 quod
650 3887 740 3940 sernel
753 3886 945 3957 cogitaverim
960 3887 997 3941 de
1009 3884 1064 3941 Dei
1075 3884 1204 3941 essentia
1216 3894 1248 3939 et
1258 3883 1353 3939 omni·

232 3967 399 4037 praesentia
416 3967 454 4020 ab
472 3977 604 4027 aeterno,
620 3966 678 4020 hoc
697 3977 751 4027 est,
767 3966 805 4020 de
823 3966 888 4020 Deo
906 3977 976 4020 ante
995 3966 1175 4020 creationem
1196 3964 1310 4024 mundi,
1323 3974 1353 4019 et

230 4047 311 4117 quod
337 4046 408 4116 quia
432 4046 566 4100 nondum
592 4045 676 4115 potui
703 4061 857 4099 removere
882 4044 978 4115 spatia
1003 4056 1035 4099 et
1059 4055 1196 4114 tempora
1219 4045 1259 4098 ab
1281 4041 1352 4097 ideis

230 4125 423 4196 cogitationis
436 4140 528 4185 meae,
538 4126 644 4178 anxius
657 4122 752 4177 latius
765 4139 839 4184 sum,
851 4124 973 4178 intravit
984 4123 1065 4178 enirn
1079 4124 1146 4178 idea
1160 4134 1285 4178 naturae
1301 4136 1352 4193 pro

233 4202 313 4264 Deo;
344 4204 397 4257 sed
420 4200 535 4256 ditium
555 4201 628 4255 mihi
647 4212 701 4261 est,
719 4201 878 4256 “Remove
898 4201 979 4256 ideas
997 4202 1084 4271 spatii
1104 4212 1136 4256 et
1153 4200 1307 4271 temporis,
1322 4208 1351 4253 et

232 4282 375 4336 videbis.’'
414 4282 452 4336 Et
467 4282 572 4335 datum
586 4290 632 4334 est
648 4296 809 4341 removere,
822 4292 854 4335 et
867 4280 943 4341 vidi;
961 4291 992 4335 et
1004 4282 1042 4334 ab
1056 4280 1107 4334 illo
1120 4290 1257 4350 tempore
1271 4275 1350 4349 potui

231 4362 362 4431 cogitare
376 4361 475 4415 Deum
488 4360 525 4413 ab
538 4368 669 4418 aeterno.
683 4371 715 4412 et
730 4375 850 4428 prorsus
863 4376 923 4413 non
936 4370 1072 4414 naturam
1086 4361 1123 4413 ab
1136 4370 1269 4418 aeterno,
1283 4355 1350 4427 quia

232 4439 314 4495 Deus
332 4440 363 4496 in
382 4440 616 4508 omnitempore
636 4448 682 4493 est
700 4438 811 4509 absque
831 4448 976 4511 tempore,
991 4449 1022 4495 et
1041 4439 1172 4496 inomni
1191 4438 1290 4509 spatio
1307 4443 1346 4490 est

554 4694 671 4720 Α
