2782 5026
187 438 250 502 282
532 443 716 496 usnemu
738 442 967 497 snnnnrtss
1034 432 1037 439 ’

185 611 326 675 hominis,
338 613 409 686 quia
423 623 470 670 est
489 613 520 668 in
538 612 682 685 conjugio
696 612 768 669 boni
787 623 819 669 et
836 613 908 677 veri,
921 629 983 670 non
999 613 1093 671 modo
1111 615 1143 670 in
1162 625 1294 687 perpetuo

184 694 251 750 nisu
266 694 410 750 unitionis
426 693 507 749 illius
521 704 576 755 est,
589 694 642 749 sed
661 692 753 748 etiam
772 693 802 748 in
821 702 969 764 perpetuo
983 694 1051 749 nisu
1066 693 1296 751 lrutiificationis
1367 690 1381 706 ²

182 786 215 830 et
234 772 440 846 productionis
455 789 526 828 suae
539 772 763 828 similitudinis:
779 783 892 827 etcum
907 773 1050 829 interiora
1064 773 1199 831 hominis
1214 790 1298 844 usque

182 855 221 909 ab
233 854 334 909 anima
345 869 384 908 ex
395 853 447 908 illo
459 852 602 924 conjugio
612 852 715 922 patula
726 862 805 915 sunt,
814 868 850 907 ac
863 852 1006 907 interiora
1015 854 1161 909 continue
1171 852 1301 925 spetiant

182 931 324 987 effectum
347 932 377 987 in
398 932 513 986 ultimis
528 942 562 985 ut
583 931 674 986 tinem
689 941 724 985 ut
742 931 880 993 existant.
896 931 966 987 inde
981 944 1146 1003 perpetuus
1160 934 1211 989 ille
1224 935 1301 989 nisus

183 1011 384 1067 fructificandi
403 1022 434 1067 et
454 1011 641 1082 producendi
653 1011 700 1065 sui
719 1010 821 1072 instar,
834 1011 886 1082 qui
904 1021 951 1066 est
963 1013 1091 1074 animae,
1104 1011 1139 1067 nt
1156 1014 1301 1083 corporis;

183 1101 215 1146 et
227 1091 299 1162 quia
311 1091 450 1145 ultimum
463 1090 647 1161 operationis
659 1090 778 1145 animae
794 1090 824 1144 in
839 1105 964 1161 corpore
976 1092 1058 1161 apud
1071 1092 1150 1147 duos
1162 1093 1303 1164 conjuges

182 1181 228 1226 est
242 1171 271 1226 in
285 1171 392 1225 ultima
402 1171 514 1226 amoris
524 1171 574 1232 ibi,
587 1181 619 1226 et
631 1170 705 1225 haec
719 1187 738 1226 a
751 1181 832 1226 statu
844 1171 961 1225 animae
973 1172 1116 1241 pendent.
1130 1182 1216 1242 petet
1228 1173 1303 1228 unde

181 1261 229 1305 est
244 1251 302 1305 hoc
319 1261 496 1321 perpetuum
513 1251 578 1305 illis.
615 1249 706 1322 Quod
721 1251 813 1305 etiam
827 1250 868 1305 sit
883 1261 1028 1320 perpetua
1041 1249 1244 1315 fructificatio,
1257 1264 1304 1307 est

181 1329 252 1400 quia
273 1330 449 1384 universalis
470 1330 596 1400 sphaera
616 1330 778 1400 generandi
801 1339 833 1384 et
857 1329 1043 1402 propagandi
1063 1331 1208 1386 caelestia
1231 1348 1303 1403 quae

180 1409 292 1465 amoris
301 1420 380 1472 sunt,
389 1420 419 1464 et
430 1409 596 1479 spiritualia
605 1425 682 1480 quae
694 1407 866 1480 sapientiae.
874 1419 906 1464 et
916 1407 985 1463 inde
992 1410 1142 1464 naturalia
1149 1427 1228 1482 quae
1236 1423 1304 1466 suut

181 1488 308 1559 prolum,
325 1488 462 1559 procedit
475 1505 494 1543 a
510 1489 683 1550 Dominum,
698 1499 729 1543 et
749 1488 853 1558 implet
868 1487 1041 1542 universum
1057 1489 1175 1544 caelum
1191 1500 1223 1546 et
1241 1491 1303 1545 uni·

180 1584 300 1624 versum
320 1567 474 1630 mundum,
490 1579 521 1623 et
540 1567 667 1638 sphaera
687 1561 737 1622 illa
755 1567 895 1623 caelestis
914 1567 1018 1638 implet
1033 1569 1151 1624 animas
1170 1571 1302 1624 omnium

180 1646 346 1709 hominum.
356 1658 387 1703 et
396 1647 554 1702 descendit
564 1664 616 1717 per
625 1657 742 1702 mentes
752 1646 870 1702 illorum
884 1647 914 1702 in
924 1663 1033 1717 corpus
1044 1650 1189 1719 usquead
1200 1649 1303 1705 ultima

180 1727 254 1797 ejus,
269 1738 301 1783 et
319 1729 373 1782 dat
390 1728 451 1782 vim
470 1726 648 1799 generandi;
672 1728 726 1782 scd
745 1726 820 1781 haec
838 1743 900 1781 non
920 1736 1021 1797 potest
1039 1728 1105 1782 dari
1123 1729 1200 1792 aliis.
1215 1745 1301 1800 quam

179 1808 259 1878 apud
272 1823 349 1878 quos
360 1818 443 1877 patet
452 1807 597 1862 transitus
608 1808 647 1861 ab
659 1807 760 1861 anima
773 1822 826 1877 per
835 1806 944 1862 mentis
954 1807 1111 1877 superiora
1120 1818 1151 1863 et
1164 1807 1304 1864 inferiora

180 1888 210 1942 in
225 1903 335 1957 corpus
349 1887 388 1941 ad
404 1887 470 1957 ejus
482 1887 596 1948 ultima,
609 1886 690 1956 quod
706 1885 740 1939 tit
755 1885 834 1956 apud
848 1885 915 1941 illos
930 1887 982 1957 qui
997 1886 1028 1941 in
1043 1897 1156 1942 statum
1177 1889 1302 1958 primae·

178 1983 249 2021 vum
262 1966 424 2021 creationis
436 1982 469 2021 se
482 1967 639 2036 patiuntur
651 1965 752 2020 reduci
765 1981 784 2020 a
798 1963 938 2021 Domino.
975 1965 1158 2021 Asseverare
1171 1983 1301 2038 possum.

178 2047 259 2118 quod
274 2047 347 2101 mihi
361 2062 440 2101 nunc
457 2063 509 2116 per
522 2046 603 2100 mille
615 2062 711 2100 annos
724 2062 870 2116 nusquam
883 2044 1013 2100 defuerit
1025 2044 1162 2109 incultas,
1179 2063 1236 2103 nec
1249 2049 1301 2110 vis.

178 2143 234 2182 nec
251 2126 356 2188 virtus,
372 2137 403 2181 ct
424 2125 506 2196 quod
526 2142 647 2196 prorsus
669 2141 730 2180 non
749 2125 887 2181 sciverim
905 2125 1019 2196 aliquid
1041 2126 1080 2180 de
1101 2126 1301 2182 diminutione

177 2206 295 2268 virium,
308 2206 450 2275 quoniam
462 2206 518 2260 hae
549 2221 602 2276 per
612 2205 790 2259 continuum
802 2205 947 2259 influxunr
958 2204 1103 2275 sphaerae
1114 2205 1301 2276 supradidlae

177 2287 354 2342 universalis
368 2285 512 2340 continue
531 2295 689 2346 novantur,
705 2295 736 2339 et
754 2294 826 2340 tunc
840 2300 961 2356 quoquc
976 2284 1144 2340 laetificant
1158 2287 1300 2347 animum,

178 2377 210 2421 ct
229 2383 290 2421 non
306 2367 487 2421 contristant
501 2365 580 2420 sicut
594 2365 673 2435 apud
694 2365 760 2420 illos
778 2365 831 2435 qui
847 2365 1003 2434 patiuntur
1013 2364 1161 2435 jadluram
1175 2365 1300 2420 illarum.

179 2445 342 2501 Praeterea
353 2462 438 2500 amor
449 2461 520 2501 vere
534 2442 713 2514 conjugiaIis
728 2454 775 2499 est
790 2460 912 2514 prorsus
924 2443 1003 2499 sicut
1016 2444 1098 2499 calor
1112 2445 1253 2510 vernalis.
1265 2461 1301 2500 ex

177 2527 264 2597 cujus
284 2526 398 2580 influxu
417 2524 520 2579 omnia
537 2524 654 2593 spirant
670 2523 708 2578 ad
728 2523 963 2595 germinationes
981 2533 1012 2578 et
1036 2521 1300 2586 fructificationes:

176 2622 233 2661 nec
245 2606 322 2660 alius
334 2605 416 2659 calor
429 2605 459 2658 in
472 2604 556 2659 caelo
568 2613 672 2658 nostro
686 2613 749 2658 est:
767 2619 858 2673 quare
871 2604 951 2672 apud
962 2603 1107 2674 conjuges
1121 2603 1161 2657 ibi
1175 2615 1224 2658 est
1235 2621 1300 2658 ver·

176 2702 249 2740 nurn
262 2685 293 2740 in
307 2695 453 2755 perpetuo
465 2700 520 2738 suo
528 2693 650 2744 conatu,
660 2692 692 2737 et
705 2683 754 2737 hic
767 2693 929 2753 perpetuus
938 2692 1065 2737 conatus
1077 2693 1133 2744 est,
1144 2699 1163 2736 a
1174 2700 1238 2755 quo
1250 2683 1301 2738 illa

174 2767 270 2820 virtus
283 2776 338 2820 est.
376 2764 434 2819 Sed
448 2763 694 2819 fructificationes
709 2764 788 2833 apud
804 2780 860 2817 nos
876 2763 905 2816 in
920 2763 1019 2824 caelis,
1032 2773 1104 2817 sunt
1119 2764 1197 2818 aliae
1209 2780 1298 2835 quam

174 2846 254 2916 apud
271 2845 337 2900 illos
354 2844 383 2898 in
399 2845 500 2906 terris:
519 2845 598 2913 apud
615 2859 671 2897 nos
685 2853 756 2897 sunt
771 2841 1016 2897 lrudlificationes
1027 2842 1210 2912 spirituales,
1223 2859 1299 2914 quae

173 2934 245 2980 sunt
257 2925 368 2979 amoris
380 2935 411 2979 et
423 2923 596 2994 sapientiae,
607 2939 660 2977 seu
676 2922 747 2977 boni
761 2933 792 2977 et
804 2923 880 2985 veri:
900 2938 976 2976 uxor
987 2938 1025 2977 ex
1037 2923 1187 2992 sapientia
1198 2923 1297 2976 mariti

173 3005 280 3075 recipit
294 3005 323 3058 in
337 3021 368 3059 se
381 3020 514 3058 amorem
528 3004 601 3073 ejus,
614 3014 645 3057 et
659 3003 783 3056 maritus
796 3019 833 3057 ex
846 3018 948 3056 amore
961 3002 1028 3072 ejus
1042 3002 1071 3055 in
1086 3019 1180 3057 uxore
1191 3004 1298 3073 recipit

171 3084 201 3137 in
218 3100 251 3139 se
263 3084 440 3153 sapientiam
452 3101 458 3145 ;
479 3084 571 3137 immo
582 3099 658 3136 uxor
667 3081 824 3136 atiualiter
834 3081 979 3136 formatur
991 3081 1022 3136 in
1030 3098 1165 3137 amorem
1176 3084 1297 3153 sapien·

172 3165 232 3218 tiae
243 3163 350 3223 mariti.
361 3163 442 3232 quod
456 3162 490 3216 fit
504 3179 556 3232 per
569 3162 756 3232 receptiones
766 3161 1014 3233 propagationum
1025 3162 1143 3217 animae
1153 3163 1220 3232 ejus
1227 3178 1297 3218 cum

173 3242 282 3298 delicio
290 3243 419 3297 oriundo
431 3259 469 3296 ex
481 3258 526 3303 eo,
535 3243 617 3312 quod
628 3241 702 3296 velit
714 3258 780 3296 esse
790 3240 955 3310 sapientiae
967 3241 1013 3296 sui
1024 3241 1125 3295 mariti
1137 3257 1240 3306 amor;
1255 3243 1298 3296 ita

173 3322 207 3377 fit
226 3323 277 3377 illa
294 3339 312 3376 a
330 3322 445 3392 virgine
461 3338 544 3383 uxor,
560 3332 591 3375 et
609 3321 794 3383 similitudo;
814 3321 884 3375 inde
898 3319 989 3374 etiam
1004 3335 1089 3374 amor
1103 3337 1173 3375 cum
1189 3320 1296 3377 intima

172 3418 227 3457 sua
235 3402 368 3457 amicitia
377 3402 456 3472 apud
467 3418 599 3460 uxorem,
610 3417 645 3454 ac
657 3400 804 3470 sapientia
813 3415 881 3454 curn
894 3415 948 3454 sua
961 3398 1103 3454 felicitate
1113 3401 1194 3470 apud
1208 3401 1293 3456 mari-

172 3491 237 3534 tum
248 3479 541 3550 perennitercrescit,
550 3489 581 3533 et
594 3478 652 3533 hoc
665 3479 695 3532 in
709 3488 878 3534 aeternum:
897 3476 946 3531 hic
955 3487 1002 3532 cst
1011 3487 1108 3533 status
1117 3478 1294 3550 angelorum

171 3559 275 3620 caeli,''

225 3638 303 3695 Cum
324 3638 450 3709 angelus
464 3638 537 3692 haec
550 3637 670 3692 locutus
689 3647 743 3698 cst,
756 3635 875 3705 aspexit
898 3635 964 3690 illos
977 3634 1028 3706 qui
1042 3651 1165 3706 nupere
1179 3639 1295 3693 mundo

171 3729 327 3780 venerunt,
340 3729 371 3772 et
392 3718 468 3771 dixit
487 3717 554 3778 illis,
568 3716 698 3771 “Nostis
717 3716 799 3786 quod
821 3732 876 3771 vos
898 3715 970 3770 dum
995 3716 1024 3770 in
1046 3716 1160 3771 virtute
1180 3717 1295 3773 amoris

171 3796 279 3861 fuistis,
298 3798 470 3852 amaveritis
489 3797 635 3867 conjuges
652 3806 776 3857 vestras,
792 3806 824 3850 et
841 3795 923 3865 quod
948 3805 1017 3865 post
1040 3794 1183 3849 delicium
1208 3812 1293 3851 aver-

171 3878 270 3933 teritis
282 3894 354 3933 vos:
371 3879 496 3933 sednon
510 3877 615 3939 nostis,
628 3877 710 3947 quod
724 3892 781 3930 nos
794 3875 824 3929 in
837 3876 921 3929 caelo
933 3891 993 3929 non
1003 3890 1138 3929 amemus
1148 3876 1294 3949 conjuges

171 3975 209 4014 ex
221 3959 332 4014 virtute
346 3958 403 4021 illa,
413 3959 466 4012 sed
480 3957 562 4028 quod
575 3958 671 4012 virtus
681 3956 768 4011 nobis
780 3955 821 4011 sit
833 3971 871 4010 ex
883 3971 992 4016 amore.
1003 3965 1034 4010 et
1046 3955 1128 4025 quod
1141 3955 1215 4026 quia
1227 3974 1294 4027 per·

172 4050 264 4110 petuo
273 4055 409 4094 amamus
419 4039 572 4109 conjuges,
584 4047 760 4107 perpetuum
772 4037 860 4090 nobis
871 4035 942 4089 illud
952 4035 1009 4090 sit:
1022 4051 1113 4105 quare
1126 4036 1151 4089 si
1166 4037 1294 4106 potestis

172 4119 321 4174 invertere
334 4129 454 4179 statum,
469 4117 596 4188 potestis
611 4116 669 4171 hoc
682 4115 949 4187 comprehendere:
967 4130 1067 4169 annon
1080 4113 1133 4185 qui
1146 4127 1294 4186 perpetuo

171 4210 253 4253 amat
265 4199 433 4269 conjugem,
446 4208 513 4252 tota
526 4207 627 4251 mente
640 4207 670 4250 et
682 4205 750 4250 toto
762 4210 887 4266 corpore
899 4204 981 4249 amat
994 4192 1096 4248 illam?
1114 4210 1200 4250 amor
1210 4196 1293 4250 enim

172 4278 263 4333 vertit
275 4279 378 4333 omnia
391 4278 501 4331 mentis
513 4287 545 4331 et
556 4275 659 4330 omnia
671 4274 805 4344 corporis
820 4275 856 4329 ad
878 4275 908 4328 id
923 4273 1005 4343 quod
1017 4282 1112 4336 amat:
1132 4285 1165 4328 et
1177 4275 1249 4345 quia
1263 4275 1292 4328 id

173 4358 323 4427 reciproce
338 4357 380 4419 fit,
389 4357 548 4427 conjungit
561 4356 628 4410 illos
638 4356 681 4409 ita
693 4366 726 4408 ut
740 4354 813 4408 liant
826 4353 904 4408 sicut
913 4352 1031 4407 unum.”
1058 4351 1194 4408 Ulterius
1205 4354 1293 4415 dixit.

172 4437 187 4458 ‘¹
198 4435 266 4491 Non
278 4437 384 4508 loquar
393 4437 526 4492 vobisde
534 4451 637 4490 amore
646 4433 809 4504 conjugiali
818 4449 836 4488 a
846 4432 997 4488 creatione
1008 4431 1100 4487 insito
1110 4433 1252 4489 masculis
1261 4445 1294 4488 et
