2782 5026
396 118 448 169 ns
471 117 608 169 auore
632 118 953 185 conducunt-n.
973 123 1023 190 23·

178 304 197 323 .,
296 287 534 348 marginem
543 288 1120 353 snmusupuamannimzwnlr

128 419 172 466 et
184 409 257 483 quia
270 426 326 482 per
336 409 487 475 lsraelem,
497 411 621 467 Zionem
635 420 666 467 et
681 409 930 485 Hierosolymam.
941 412 1128 486 significatur
1136 413 1270 479 ecclesia.

130 488 211 545 ideo
226 490 320 546 toties
335 490 365 544 in
379 490 482 546 Verbo
494 491 605 546 dicitur
616 490 709 564 Virgo
721 502 753 546 et
774 490 849 546 Filia
863 491 988 555 Israelis,
1003 492 1104 548 Zionis
1116 504 1147 548 et
1162 492 1271 550 Hiero·

129 569 285 641 solymae.
324 569 474 626 Dominus
492 570 584 626 etiam
599 570 742 627 describit
757 570 931 643 conjugium
947 588 1034 628 suum
1050 589 1120 627 cum
1137 571 1272 629 Ecclesia

130 647 189 705 liis
202 650 305 704 verbis
317 651 398 720 apud
412 650 580 706 Davidem:

184 768 299 840 ‘Regius
309 769 343 838 ad
354 768 578 875 dextrarrcittuargdin
593 764 900 873 aurofldoptimoopbiris.
909 803 947 875 ‚ili
958 803 964 818 .
974 771 1006 816 de
1016 769 1126 841 implexis
1136 771 1188 816 auri
1199 771 1271 816 vestis

263 830 1271 952 „drumm

194 1007 308 1063 Postea
329 1009 479 1071 dixerunt.
499 1009 644 1064 “Numne
663 1009 848 1064 conveniens
869 1019 924 1073 est,
943 1019 978 1063 ut
998 1009 1106 1082 aliquis
1126 1010 1269 1067 sacerdos

123 1087 218 1143 adsit
230 1098 264 1143 et
276 1088 427 1143 ministret
441 1089 470 1142 in
488 1087 574 1143 his?”

193 1167 364 1238 Respondit
378 1168 505 1239 sapiens.
520 1167 614 1223 “Hoc
628 1167 658 1222 in
674 1167 761 1222 terris
776 1178 823 1222 est
837 1167 1029 1229 conveniens,
1043 1184 1103 1223 non
1117 1178 1218 1223 autem
1235 1168 1266 1223 in

124 1247 238 1308 melis.
255 1257 379 1317 propter
394 1247 701 1316 repraesentationem
718 1245 816 1317 Ipsius
836 1246 958 1301 Domini
973 1257 1005 1301 et
1022 1247 1189 1309 Ecclesiae:
1208 1249 1266 1303 hoc

128 1325 168 1379 in
177 1325 269 1380 terris
278 1341 339 1380 uon
350 1327 465 1388 seiunt;
483 1337 515 1380 at
525 1342 621 1397 usque
630 1326 710 1395 apud
722 1341 777 1381 nos
787 1326 978 1381 administrat
988 1327 1128 1381 sacerdos
1137 1327 1266 1397 despon-

127 1405 279 1467 sationes,
292 1416 324 1459 et
341 1421 521 1461 consensum
541 1405 634 1466 audit.
649 1405 764 1475 recipit,
777 1404 935 1460 confirmat
953 1416 984 1461 et
1003 1417 1175 1461 consecrat:
1193 1422 1265 1461 con-

127 1499 245 1539 sensus
258 1496 305 1539 est
317 1485 479 1540 essentiale
493 1484 637 1556 conjugii,
651 1494 682 1539 et
698 1485 820 1556 reliqua,
832 1500 910 1555 quae
924 1495 1098 1557 sequuntur,
1111 1496 1183 1540 sunt
1199 1486 1265 1558 ejus

132 1562 306 1619 iormalia”

189 1652 252 1700 n.
278 1641 353 1697 Post
365 1642 440 1697 haee
452 1643 577 1714 angelus
587 1640 696 1697 dudlor
703 1642 831 1698 accessit
843 1643 880 1697 ad
894 1659 946 1698 sex
955 1643 1094 1714 virgines,
1105 1652 1137 1698 et
1144 1659 1265 1715 quoque

129 1722 269 1777 narravit
288 1721 347 1777 illis
366 1723 404 1777 de
422 1723 583 1777 comitibus
602 1723 672 1784 suis,
691 1733 722 1776 et
741 1723 836 1792 petiit,
856 1733 889 1776 ut
908 1722 1104 1793 dignarentur
1121 1723 1189 1778 illos
1208 1739 1264 1780 suo

128 1802 309 1864 consortio:
328 1812 360 1856 et
373 1812 569 1863 accesserunt.
583 1802 636 1856 sed
651 1817 720 1855 cum
737 1818 829 1871 prope
845 1812 938 1863 erant,
952 1803 1052 1856 subito
1067 1816 1263 1867 recesserunt.

132 1890 170 1935 et
192 1881 343 1952 ingressae
365 1891 436 1936 sunt
457 1896 650 1953 gynaeceum,
670 1880 721 1935 ubi
738 1880 834 1942 ,etiam
856 1881 987 1952 virgines
1008 1881 1121 1938 amicae
1144 1882 1261 1937 illarum

130 1970 232 2015 erant.

192 2038 261 2093 lloc
270 2039 345 2100 viso,
355 2039 479 2108 angelus
492 2036 600 2093 dut'tor
608 2048 729 2093 secutus
739 2049 785 2093 est
799 2039 871 2100 illas,
882 2048 911 2093 et
921 2038 1077 2108 quaesivit,
1087 2040 1261 2112 curabsque

133 2117 291 2188 loquendo
305 2133 375 2172 curn
393 2118 528 2173 illistam
544 2118 644 2173 subito
660 2119 852 2180 recesserint:
873 2129 905 2172 et
920 2118 1147 2188 responderunt.
1164 2118 1258 2175 “Non

134 2198 291 2267 potuimus
302 2197 571 2269 appropinquare.”
610 2197 647 2251 Et
660 2197 744 2259 dixit.
755 2196 841 2252 “Cur
853 2198 912 2252 hoc
920 2196 951 2251 ?”
980 2197 1018 2251 Et
1030 2197 1259 2267 responderunt,

132 2275 233 2331 “Non
253 2277 374 2338 scimus.
395 2277 447 2331 sed
469 2277 656 2347 percepimus
675 2276 789 2348 aliquid
811 2277 893 2348 quod
913 2277 1022 2347 repulit
1040 2287 1072 2332 et
1091 2277 1260 2333 retroduxit

136 2371 208 2417 nos:
226 2355 413 2426 ignoscant.''

191 2433 229 2488 Et
241 2436 368 2505 angelus
382 2434 469 2488 rediit
481 2435 519 2489 ad
533 2451 603 2490 suos
616 2433 751 2496 comites.
762 2445 793 2488 et
806 2434 882 2488 dixit
895 2450 1079 2504 responsum.
1090 2443 1121 2488 et
1133 2434 1258 2497 addidit,

139 2513 303 2584 “Auguror
318 2514 398 2584 quod
413 2514 499 2568 vobis
518 2530 578 2568 non
592 2514 631 2568 sit
647 2530 732 2568 amor
743 2530 832 2568 sexus
847 2524 962 2576 castus:
982 2515 1011 2568 in
1027 2514 1110 2569 caelo
1123 2530 1258 2569 amamus

137 2592 267 2664 virgines
280 2609 317 2647 ex
337 2592 453 2647 illarum
473 2593 696 2662 pulchritudine
714 2604 746 2647 et
764 2593 914 2664 elegantia
932 2609 1057 2655 morum.
1073 2604 1104 2647 et
1124 2594 1257 2664 impense

136 2687 270 2727 amamus
283 2672 357 2734 illas,
368 2673 419 2727 sed
432 2672 541 2727 caste.''
567 2672 615 2728 Ad
630 2673 688 2727 hoc
702 2671 831 2726 riserunt
842 2673 906 2742 ejus
919 2673 1053 2731 comites.
1064 2683 1094 2727 et
1107 2672 1257 2737 dixerunt,

137 2759 153 2779 ⁴·
165 2749 256 2807 Recte
268 2751 437 2823 auguraris;
456 2751 524 2823 quis
537 2752 617 2822 potis
631 2763 678 2808 est
692 2752 795 2807 videre
810 2753 885 2807 tales
901 2752 1137 2822 pulchritudines
1153 2769 1256 2824 prope,

138 2841 166 2887 ct
178 2847 237 2887 non
252 2830 365 2902 aliquid
379 2847 487 2902 cupere
498 2831 528 2886 ?''

187 2921 248 2983 23.
273 2910 349 2966 Post
367 2911 425 2965 hoc
444 2910 584 2965 festivum
598 2908 800 2966 hlsodalicium
820 2927 924 2966 omnes
944 2911 1061 2965 invitati
1075 2911 1112 2965 ad
1133 2912 1254 2982 nuptias

137 2991 300 3053 abluerunt,
313 3002 344 3046 et
357 3008 478 3062 quoque
493 2993 597 3046 decem
611 2990 653 3045 illi
666 2991 722 3047 viri
737 3007 806 3046 curn
822 3008 878 3047 suo
890 2993 1014 3062 angelo;
1033 3003 1096 3047 erat
1108 3008 1176 3060 sera
1187 3009 1255 3048 ves·

138 3087 213 3142 pera,
226 3082 259 3128 et
270 3073 406 3127 cubitum
421 3073 513 3127 ibant.

188 3150 222 3207 ln
242 3151 376 3206 diluculo
395 3152 575 3206 audiverunt
593 3150 867 3221 proclamationem,
890 3151 987 3205 Hodie
1006 3151 1200 3215 Sabbatlum:
1223 3162 1255 3208 et

137 3241 332 3290 annexorum,
343 3240 373 3284 et
388 3230 645 3300 interrogaverunt
655 3229 803 3300 angelum,
814 3230 917 3302 “Quid
932 3230 1004 3284 illud
1014 3229 1044 3284 ?''
1077 3230 1253 3301 Respondit,

137 3310 213 3380 quod
224 3309 263 3365 sit
273 3309 311 3364 ad
322 3309 436 3363 cultum
452 3308 516 3371 Dei,
527 3309 577 3380 qui
589 3309 677 3363 statis
687 3310 871 3379 temporibus
882 3310 967 3371 redit,
977 3319 1008 3364 et
1021 3310 1253 3392 asacerdotibus

138 3389 348 3457 proclamatum
368 3388 544 3459 “peragitur
562 3388 612 3442 ille
632 3387 661 3441 in
680 3388 801 3457 templis
820 3389 937 3449 nostris.
953 3399 984 3443 et
1003 3398 1118 3459 perstat
1135 3389 1255 3443 circiter

137 3467 216 3523 binas
228 3470 336 3530 horast
354 3484 454 3538 quare.
467 3467 492 3522 si
505 3468 597 3529 lubet,
611 3467 653 3521 ite
667 3483 792 3528 mecum.
805 3477 836 3521 et
850 3468 1065 3522 introducam.''

186 3547 224 3604 Et
235 3548 432 3603 accinxerunt
450 3563 490 3607 se.
503 3559 534 3602 et
552 3547 689 3601 comitati
707 3556 777 3600 sunt
792 3546 940 3617 angelum,
954 3556 984 3600 et
1002 3547 1203 3601 intraverunt:
1221 3556 1253 3602 et

137 3640 200 3682 ecce
209 3627 355 3698 templum
367 3637 432 3681 erat
441 3627 583 3696 amplum,
593 3642 687 3696 capax
697 3625 814 3680 circiter
824 3625 913 3678 trium
928 3625 1063 3687 millium,
1073 3625 1252 3680 semirotun-

137 3704 210 3769 dum,
219 3722 343 3763 scamna
352 3722 406 3760 seu
416 3706 522 3760 sedilia
530 3705 674 3760 continua
683 3705 846 3760 secundum
858 3704 982 3776 figuram
993 3703 1096 3774 templi
1108 3703 1137 3757 in
1148 3715 1252 3759 rotun·

137 3783 200 3840 dum
210 3782 425 3844 circumdutla.
435 3800 470 3838 ac
483 3784 647 3854 posteriora
657 3784 819 3838 elevatiora
829 3784 984 3852 prioribus.
1017 3782 1171 3853 Pulpitum
1181 3793 1251 3838 ante

138 3860 180 3918 illa
191 3866 281 3935 paulo
293 3861 456 3919 retratlunr
467 3879 485 3917 a
496 3874 616 3926 centro;
633 3865 725 3934 janua
737 3873 806 3934 post
819 3863 967 3933 pulpitum
982 3878 1000 3916 a
1014 3863 1144 3917 sinistro.

182 3942 375 4000 intraverunt
385 3943 490 3996 decern
500 3943 555 3996 viri
565 3943 698 3998 advenae
707 3958 776 3996 cum
787 3943 895 4012 angelo
908 3940 1032 3996 dutlore
1045 3957 1108 4002 suo.
1118 3951 1149 3995 et
1161 3955 1251 4010 ange·

137 4017 175 4077 lus
185 4025 298 4079 addixit
315 4022 376 4076 illis
388 4021 456 4075 loca
468 4020 518 4076 ubi
531 4021 676 4084 sederent.
689 4022 791 4075 dicens
805 4022 871 4082 illis.
882 4020 1040 4092 “Quisque
1050 4019 1100 4089 qui
1115 4020 1207 4072 intrat
1220 4019 1250 4072 in

137 4104 277 4175 tenplum,
297 4101 361 4159 scit
379 4115 469 4156 suum
487 4099 603 4163 locumt
624 4099 682 4154 hoc
700 4101 758 4156 sclt
776 4116 814 4155 ex
832 4099 931 4163 insito,
951 4115 1006 4154 nec
1026 4108 1127 4170 potest
1144 4098 1249 4153 sedere
