2782 5026
362 112 408 163 us
430 110 564 163 suone
586 109 906 177 comumnes-u.
927 112 999 178 ²3²·
1174 96 1232 178 185

41 291 156 338 rent
171 290 210 339 et
226 281 426 338 inverterent
437 279 549 353 judicia
562 279 592 334 in
604 278 796 351 apparentias
807 279 951 350 justitiae,
964 287 996 335 et
1009 278 1068 335 hoc
1080 295 1117 334 eo
1130 294 1234 350 usque,

37 373 110 417 ut
125 362 198 434 ipsi
213 378 289 418 non
298 361 436 417 viderent
446 361 591 432 injustum
599 361 783 431 aliterquam
796 360 920 430 justum,
930 375 965 414 ac
976 359 1107 414 vicissim
1120 360 1235 430 justum

34 441 324 512 utinjustum
343 439 549 512 persuasiones
561 441 600 494 de
616 439 672 495 illis
685 439 760 495 tales
773 440 956 510 apparebant
970 455 1008 493 ex
1023 438 1155 493 faciebus
1169 438 1235 494 illo·

34 537 164 583 mm,
181 530 223 576 et
238 519 447 575 audiebantur
458 535 496 574 ex
510 519 638 590 loquelis
652 518 780 573 illorum.
818 518 897 573 Data
909 517 983 572 mihi
995 528 1070 573 tunc
1083 517 1141 572 luit
1154 519 1236 573 illus-

33 599 185 655 tratio
200 616 224 655 e
240 599 341 661 caelo,
355 615 392 653 er
403 614 463 669 qua
475 597 673 670 singularium
685 597 760 668 juris
769 598 816 652 vel
828 614 888 652 non
900 596 974 668 juris
983 607 1090 661 essent,
1100 598 1236 668 percepi:

28 691 102 736 et
119 679 205 735 vidi
225 695 326 749 quam
343 678 488 732 industrie
503 678 676 733 obvelarent
689 676 844 747 injustum,
857 686 888 731 et
907 676 1083 731 inducerent
1098 675 1126 730 ei
1146 676 1236 732 visio·

33 775 155 814 nem
172 758 283 829 justi:
303 767 335 813 et
347 774 384 812 ex
396 757 513 828 legibus
527 757 674 828 eligerent
689 756 848 818 laventem,
862 765 893 810 et
908 755 1036 826 reliquas
1052 772 1105 826 per
1117 755 1235 810 ratioci-

28 839 129 894 nia
145 837 316 892 solertiae
329 836 484 892 traherent
498 836 529 890 in
543 846 667 906 partem.
705 835 779 890 Post
792 835 911 906 judicia,
921 835 1088 890 sententiae
1098 845 1235 906 exporta-

24 920 210 973 bantur
230 917 275 970 ad
295 915 421 971 clientes
433 914 548 970 amicos
563 926 594 969 et
613 915 754 977 lautores,
770 926 801 969 et
825 915 856 968 hi
876 915 914 969 ad
934 915 1160 969 retribuendum
1178 915 1236 969 illis

26 998 252 1058 favorem,
263 1011 319 1066 per
331 995 452 1066 longam
462 995 540 1049 viam
551 995 728 1057 clamabant.
740 1002 755 1024 ‘¹
764 993 791 1049 Ο
801 1011 893 1065 quam
905 995 987 1065 justi,
999 992 1026 1049 Ο
1036 1011 1125 1065 quam
1135 993 1236 1065 justi.''

134 1075 235 1130 Post
252 1074 330 1128 haec
345 1075 463 1129 locutus
479 1090 546 1129 sum
561 1074 599 1128 de
615 1073 673 1129 illis
689 1091 757 1128 cum
771 1074 885 1145 angelis
898 1073 980 1136 caeli,
995 1084 1026 1128 et
1041 1073 1158 1128 narravi
1175 1073 1234 1128 illis

21 1149 198 1228 aliqua
214 1154 260 1208 de
274 1153 347 1208 visis
359 1163 391 1208 et
403 1151 524 1208 auditis.
562 1153 600 1208 Et
612 1152 712 1224 angeli
726 1153 799 1207 mihi
814 1153 961 1214 dicebant,
971 1153 1054 1224 quod
1067 1152 1144 1207 tales
1155 1152 1236 1223 judi-

22 1252 130 1292 ces
155 1243 345 1304 appareant
365 1232 432 1288 aliis
450 1233 528 1288 sicut
547 1233 722 1288 acutissima
743 1232 806 1287 acie
826 1230 995 1287 intellectus
1015 1231 1150 1303 praediti,
1165 1248 1234 1286 cum

22 1326 200 1370 tamen
214 1328 260 1366 ne
270 1311 365 1365 hilum
375 1311 448 1382 justi
459 1323 489 1366 et
496 1311 583 1383 aequi
591 1312 729 1375 videant3
743 1311 791 1367 “si
800 1312 882 1366 tollis
891 1311 1053 1366 amicitiam
1062 1327 1116 1382 pro
1124 1311 1234 1383 aliquo,

23 1394 210 1459 sedent
227 1391 262 1445 in
275 1391 396 1461 judiciis
409 1391 484 1445 muti
497 1390 575 1446 sicut
587 1401 714 1454 statuae,
727 1400 758 1445 et
771 1391 862 1446 modo
875 1391 988 1452 dicunt,
1002 1391 1149 1453 ‘Accede
1162 1407 1235 1445 con-

22 1472 198 1529 formo
214 1486 270 1524 me
286 1470 323 1523 ad
341 1469 423 1524 illum
436 1471 485 1526 vel
499 1470 580 1525 illum
591 1469 606 1532 ;'
625 1481 781 1533 causaest,
794 1471 865 1540 quia
877 1470 978 1525 omnia
989 1470 1103 1541 judicia
1115 1470 1233 1524 illorum

21 1563 162 1608 sunt
188 1549 393 1621 praejudicia,
408 1565 443 1604 ac
462 1549 677 1620 praejudicium
697 1566 765 1604 cum
785 1549 886 1604 lavore
905 1550 1040 1620 sequitur
1051 1566 1172 1605 causam
1196 1550 1235 1604 ab

26 1631 188 1687 initio
207 1629 254 1684 ad
270 1627 361 1682 finem
375 1629 456 1699 ejus;
475 1629 545 1684 inde
562 1629 636 1682 nihil
652 1629 733 1683 aliud
748 1628 853 1683 vident
869 1646 958 1699 quam
972 1629 1052 1700 quod
1069 1628 1156 1683 amici
1173 1639 1235 1692 est;

25 1726 189 1767 omne
206 1709 245 1763 id
259 1708 341 1778 quod
355 1719 461 1762 contra
471 1708 552 1762 illum
562 1719 616 1770 est,
627 1719 782 1763 removent
795 1709 833 1762 ad
847 1709 940 1771 latus:
955 1708 1023 1763 etsi
1037 1719 1234 1771 reassumunt,

26 1789 272 1845 involvunt
291 1786 512 1850 id·ratiociniis,
528 1788 606 1842 sicut
624 1804 733 1843 aranea
747 1798 886 1858 capturas
905 1787 971 1850 filis,
986 1798 1017 1842 et
1035 1799 1234 1851 consumunt;

28 1870 165 1924 inde
189 1876 255 1928 est,
274 1866 358 1937 quod
376 1866 402 1921 si
420 1883 481 1920 non
501 1878 668 1938 sequuntur
686 1868 777 1922 telam
796 1867 842 1922 sui
868 1867 1042 1938 praejudicii
1062 1866 1136 1920 nihil
1159 1868 1234 1937 juris

27 1949 250 2005 videant:
269 1946 416 2015 explorati
431 1955 509 2009 sunt,
526 1962 598 2000 num
615 1947 731 2018 possint
748 1946 856 2009 videre,
872 1963 908 2000 ac
927 1947 1040 2001 inventi
1055 1947 1137 2016 quod
1157 1962 1235 2001 non:

28 2027 181 2100 quod
197 2027 249 2080 ita
261 2023 310 2086 sit,
323 2024 511 2100 mirabuntur
523 2025 639 2081 incolae
654 2026 699 2080 tui
715 2026 836 2088 mundi;
862 2027 914 2080 sed
934 2025 982 2080 dic
999 2025 1064 2089 illis,
1078 2027 1158 2096 quod
1176 2027 1235 2080 hoc

29 2109 125 2163 sit
136 2105 270 2161 veritas
282 2105 319 2158 ab
329 2103 443 2175 angelis
452 2104 526 2159 caeli
536 2106 699 2175 explorata.
737 2103 888 2177 Quoniam
900 2105 941 2159 illi
953 2105 1026 2158 nihil
1036 2105 1109 2176 justi
1120 2105 1233 2168 vident,

34 2187 65 2241 i
73 2204 115 2241 ιι
127 2184 233 2241 caelo
243 2184 484 2253 contemplamur
493 2183 560 2239 illos
570 2200 629 2238 non
640 2195 674 2239 ut
687 2184 832 2246 homines,
841 2185 892 2239 sed
903 2195 937 2239 ut
953 2195 1095 2246 monstra,
1105 2201 1233 2254 quorum

32 2264 204 2336 capita
219 2260 339 2317 iaciunt
354 2261 404 2317 illa
418 2279 495 2334 quae
508 2262 656 2318 amicitiae
672 2274 749 2326 sunt,
765 2262 886 2334 penora
901 2264 952 2318 illa
966 2280 1042 2334 quae
1058 2263 1232 2334 injustitiae,

37 2356 118 2400 et
134 2342 247 2415 pedes
259 2340 311 2395 illa
322 2357 399 2411 quae
414 2341 659 2405 confirmationis.
671 2359 706 2398 ac
720 2345 837 2413 plantas
852 2344 900 2397 illa
916 2360 993 2414 quae
1002 2343 1144 2413 justitiae,
1156 2359 1233 2413 quae

42 2424 113 2479 si
144 2437 220 2476 non
247 2418 350 2475 favent
374 2419 480 2484 amico,
505 2421 701 2491 supplantant
726 2433 756 2477 et
781 2422 962 2492 proculcant.
1000 2420 1112 2494 Quales
1130 2433 1232 2477 autern

43 2509 257 2576 apparent
271 2498 359 2555 nobis
371 2516 388 2554 e
400 2500 492 2561 caelo,
504 2500 629 2564 videbis,
643 2501 735 2556 instat
748 2501 827 2556 enim
842 2501 909 2556 finis
923 2502 1068 2555 illorum.”
1262 2502 1264 2506 ‘

151 2580 199 2636 Et
214 2594 288 2634 eoce
303 2589 376 2634 tunc
390 2579 491 2634 subito
506 2578 607 2635 hiabat
620 2582 727 2642 solum,
740 2596 775 2635 ac
791 2597 910 2635 mensae
923 2597 1012 2651 super
1025 2597 1143 2636 mensas
1156 2581 1233 2636 ceci·

58 2661 231 2722 derunt,
248 2668 280 2712 et
294 2673 436 2713 unacum
453 2668 520 2713 toto
535 2659 756 2730 amphitheatro
769 2661 902 2731 absorpti
916 2671 995 2724 sunt,
1012 2671 1043 2715 et
1057 2658 1185 2731 conJeCli
1202 2661 1232 2715 in

52 2753 261 2800 cavernas,
274 2747 306 2791 et
319 2736 501 2793 incarcerati.

154 2817 201 2874 Et
220 2826 296 2871 tunc
314 2815 428 2871 dicium
447 2828 494 2872 est
513 2816 594 2878 mihi,
611 2817 690 2873 “Vis
704 2817 807 2873 videre
827 2817 893 2873 illos
913 2818 953 2872 ibi
962 2817 992 2872 ?''
1031 2817 1068 2872 Et
1087 2835 1156 2874 ecce
1175 2818 1231 2874 visi

60 2908 177 2953 sunt
194 2896 298 2967 quoad
315 2895 420 2951 faciem
437 2896 515 2951 sicut
530 2913 566 2951 ex
582 2897 678 2967 polito
693 2897 825 2968 chalybe.
842 2899 941 2966 quoad
957 2913 1067 2967 corpus
1082 2914 1101 2952 a
1115 2899 1232 2953 cervice

63 2979 136 3032 ad
159 2975 289 3031 lumbos
306 2975 385 3030 sicut
403 2976 554 3046 sculptilia
575 2993 592 3031 e
611 2993 684 3031 saxo
702 2978 811 3031 vestita
830 2976 955 3046 pellibus
976 2977 1068 3046 pardi,
1082 2988 1113 3031 et
1131 2979 1231 3047 quoad

63 3057 199 3122 pedes
212 3053 294 3108 sieut
305 3054 435 3109 colubri:
453 3065 485 3110 et
496 3055 559 3110 vidi
573 3056 665 3110 libros
678 3056 760 3127 legis,
770 3073 847 3126 quos
860 3073 949 3126 super
960 3056 1069 3110 mensis
1084 3057 1232 3126 repositos

69 3132 286 3198 habuerant,
295 3151 398 3190 versos
412 3136 442 3190 in
455 3135 573 3191 chartas
584 3136 724 3199 lusorias;
743 3147 774 3192 et
788 3154 866 3190 nunc
879 3137 947 3191 loco
960 3137 1041 3207 quod
1054 3137 1232 3208 judicarent,

67 3215 212 3272 datum
227 3224 274 3269 est
286 3213 345 3269 illis
358 3231 474 3276 munus,
488 3225 522 3269 ut
534 3225 673 3286 pararent
686 3215 778 3270 minia
793 3216 821 3269 in
836 3214 929 3277 lucos,
942 3217 1051 3286 quibus
1063 3216 1233 3272 oblinerent

70 3290 200 3351 facies
213 3293 415 3357 meretricum,
428 3304 460 3348 et
473 3294 537 3349 illas
550 3294 594 3350 sic
605 3305 757 3350 verterent
771 3294 800 3348 in
814 3295 1061 3365 pulchritudines.

158 3373 330 3443 Postquam
350 3372 425 3428 baec
443 3373 507 3428 visa
522 3384 601 3436 sunt,
614 3373 695 3429 volui
714 3375 795 3429 abire
813 3374 850 3429 ad
871 3375 948 3428 duos
968 3375 1099 3445 reliquos
1117 3385 1232 3438 coetus,

68 3453 139 3509 ad
149 3467 251 3508 unum
261 3451 312 3506 ubi
322 3462 409 3507 erant
419 3469 499 3508 mere
509 3452 744 3514 ratiocinatores,
755 3464 785 3508 et
797 3455 834 3508 ad
848 3455 984 3515 alterum,
995 3454 1046 3507 ubi
1056 3465 1141 3508 erant
1152 3470 1232 3508 mere

70 3530 351 3594 confirmatorem
370 3541 402 3587 et
411 3541 484 3586 tunc
494 3531 608 3586 ditium
618 3543 665 3588 est
675 3532 757 3595 mihi,
769 3532 919 3604 “Quiesce
930 3533 1064 3604 paulum:
1081 3533 1233 3586 dabuntur

73 3611 161 3666 tibi
174 3609 303 3665 comites
315 3611 414 3682 angeli
427 3628 464 3666 ex
477 3612 622 3667 societate
636 3612 772 3682 proxima
780 3629 871 3684 supra
880 3611 963 3676 illos;
982 3629 1035 3684 per
1045 3613 1101 3667 hos
1110 3612 1232 3666 dabitur

73 3689 162 3746 tibi
174 3689 261 3746 luxa
273 3689 415 3754 Domino,
428 3700 460 3746 et
472 3691 588 3746 videbis
602 3690 774 3748 mirabilia.”

79 3823 203 3895 232.
225 3810 421 3879 Secundum
438 3813 719 3879 Memorabile:-

163 3931 238 3990 Post
254 3933 379 4005 aliquod
398 3942 518 4004 tempus
533 3933 634 3988 audivi
654 3932 762 3989 iterum
781 3950 818 3989 ex
838 3933 932 3989 inlera
949 3943 1035 3996 terra,
1050 3949 1140 3989 voces
1155 3949 1230 4004 quas

92 4011 207 4078 prium
231 4013 281 4069 ⁴⁴0
303 4029 395 4085 quam
417 4014 553 4076 eruditi,’'
575 4025 606 4069 et
627 4021 642 4043 ¹⁶
652 4011 707 4069 1110
729 4030 820 4085 quam
842 4015 993 4083 sapientes
1003 4014 1027 4068 :”
1051 4024 1082 4068 et
1103 4015 1230 4069 circum·

100 4092 202 4160 epesi,
225 4093 348 4166 quinam
373 4093 472 4166 angeli
499 4105 572 4149 tunc
595 4093 751 4157 adessent;
767 4102 809 4148 'et
836 4110 906 4149 ecce
933 4105 1018 4148 erant
1046 4093 1096 4155 illi,
1118 4093 1169 4164 qui
1198 4093 1229 4147 in
