2782 5026
377 115 429 166 ne
451 115 585 167 anons
607 113 927 181 comumnes—u.
947 99 1129 177 2161pmn01.
1228 114 1285 183 175

120 284 287 351 similis
317 286 429 350 amori
455 306 571 359 sexus,
591 285 647 367 qui
676 304 773 348 amor
802 293 882 366 post
912 287 1031 348 votum
1060 282 1213 357 iacescit,
1233 293 1288 348 ast

119 400 260 445 amor
281 378 485 462 conjunctus
503 381 675 443 amicitiae
699 389 778 461 post
801 390 919 442 votum
944 389 1073 454 manet,
1094 388 1129 442 et
1153 398 1289 461 quoque

119 475 365 553 stabilitum
388 476 495 538 intrat
513 475 619 538 etiam
638 474 780 537 interius
802 474 837 537 in
860 472 988 555 peetus,
1009 474 1160 537 amicitia
1178 474 1288 537 intro·

118 570 259 633 ducit
280 568 390 643 illum,
411 579 446 632 et
465 568 546 632 lacit
565 568 660 631 illum
679 589 759 631 vere
778 567 1016 649 conjugialem,
1036 577 1072 630 et
1092 578 1172 631 tunc
1193 587 1290 630 amor

116 664 218 728 ille
245 663 435 726 amicitiam
458 662 547 726 hanc
575 682 671 726 suam
701 662 782 725 lacit
809 663 914 725 etiam
938 661 1176 745 conjugialem,
1201 682 1288 744 quae

115 759 269 823 *valde
283 757 395 822 diflert
411 759 455 821 ab
471 758 621 822 amicitia
634 759 744 820 omnis
757 758 843 822 alius
856 758 992 833 amoris,
1006 767 1060 821 est
1073 759 1162 821 enim
1176 757 1288 838 plena.

123 853 271 937 Quod
292 854 501 917 contrarium
520 850 580 917 fiat
603 853 692 935 apud
712 852 789 916 illos
812 853 867 936 qui
888 873 956 916 non
980 853 1014 916 in
1038 872 1153 916 amore
1172 852 1288 933 conju·

117 949 248 1032 giali
264 959 360 1023 sunt,
377 958 496 1012 notum
512 959 567 1012 est
581 970 590 1027 ;
613 948 701 1030 apud
719 948 782 1010 hos
798 949 906 1029 prima
921 948 1081 1021 amicitia,
1096 968 1182 1029 quae
1199 958 1289 1010 tem-

117 1065 249 1128 pore
273 1043 563 1125 desponsationis,
587 1052 624 1106 et
650 1043 728 1105 dein
753 1043 868 1123 primis
892 1042 1011 1104 diebus
1035 1053 1115 1123 post
1139 1044 1288 1125 nuptias,

123 1141 344 1202 insinuata
363 1147 428 1211 est,
448 1137 524 1218 plus
542 1147 578 1200 et
602 1136 677 1217 plus
700 1136 744 1199 ab
763 1136 981 1200 interioribus
1001 1137 1125 1199 mentis
1145 1138 1288 1212 recedit,

125 1244 196 1298 et
237 1234 285 1296 ab
314 1232 366 1295 his
396 1232 588 1294 successive
612 1231 752 1294 tandem
784 1231 827 1294 ad
857 1230 1024 1294 cuticulas
1046 1230 1221 1309 abscedit;
1254 1244 1289 1296 et

123 1326 259 1412 apud
276 1327 366 1401 illos,
381 1327 435 1409 qui
449 1326 685 1407 separationes
698 1327 866 1408 cogitant,
880 1347 1017 1408 prorsus
1030 1326 1101 1389 abit
1115 1348 1123 1403 3
1147 1338 1182 1388 at
1200 1328 1289 1408 apud

123 1444 239 1498 eos,
258 1422 316 1504 qui
335 1422 585 1502 separationem
603 1440 671 1483 non
687 1422 859 1502 cogitant,
875 1440 970 1484 amor
986 1431 1102 1484 manet
1119 1422 1152 1483 in
1171 1436 1289 1484 exter·

127 1519 233 1591 tris,
254 1516 317 1579 sed
336 1515 439 1596 friget
458 1516 491 1578 in
511 1516 664 1578 internis.

232 1623 328 1692 215.
352 1609 415 1691 (v.)
442 1608 538 1686 Quod
555 1609 617 1683 illi,
641 1609 702 1697 qui
720 1609 754 1672 in
777 1630 889 1672 amore
909 1630 985 1672 vere
1000 1609 1181 1692 conjugiali
1199 1621 1288 1686 sunt,

124 1705 320 1768 continue
339 1703 443 1767 velint
464 1724 549 1767 unus
570 1703 665 1766 homo
687 1725 783 1778 esse,·
815 1703 878 1768 sed
895 1703 986 1786 quod
1007 1704 1062 1767 illi
1080 1705 1141 1787 qui
1166 1726 1228 1768 non
1255 1707 1289 1768 in

126 1820 287 1864 amore
306 1797 491 1882 corybgiali
509 1809 597 1873 sunt,
621 1798 724 1862 velr'rtt
745 1798 809 1862 duo
830 1800 1066 1863 esse-Amor
1088 1799 1290 1882 conjugialis

130 1895 198 1958 in
225 1915 290 1957 sua
312 1893 462 1955 essentia
482 1912 550 1955 non
568 1892 660 1954 aliud
679 1882 744 1967 eit,
765 1912 865 1974 quam
885 1893 975 1974 quod
995 1893 1063 1957 duo
1086 1893 1194 1957 velint
1215 1914 1289 1957 esse

134 2008 297 2065 unum3
322 1987 387 2049 hoc
408 1997 470 2061 est,
491 1987 580 2069 quod
600 1987 720 2061 velint,
742 1997 778 2050 ut
798 1988 883 2049 duae
903 1989 992 2050 vitae
1012 1986 1094 2051 fiant
1114 2008 1180 2049 una
1198 1989 1288 2051 vita:

134 2083 229 2147 illa
251 2083 416 2146 voluntas
439 2092 493 2146 est
517 2093 702 2163 perpetuus
722 2091 865 2144 conatus
888 2081 975 2144 illius
999 2083 1134 2157 amoris,
1155 2104 1200 2146 ex
1224 2104 1291 2165 quo

140 2179 280 2241 fluunt
303 2196 424 2240 omnes
447 2175 705 2241 effectuationes
727 2174 807 2256 ejus.
855 2174 955 2256 Quod
979 2187 1124 2239 conatus
1146 2178 1191 2241 sit
1218 2179 1292 2260 ipsa

143 2273 324 2337 essentia
346 2280 471 2345 motus,
492 2280 527 2334 et
549 2271 640 2353 quod
663 2271 825 2333 voluntas
848 2271 894 2333 sit
916 2281 1063 2332 conatus
1085 2271 1181 2334 vivus
1200 2273 1290 2354 apud

144 2368 358 2439 ltominem,
375 2386 396 2428 a
414 2366 582 2428 scrutiniis
599 2365 879 2447 philosophorum
898 2365 931 2426 in
951 2363 1154 2428 confirmato
1173 2376 1237 2440 est,
1255 2378 1291 2431 et

148 2482 307 2546 quoque
327 2460 660 2541 contemplatoribus
682 2481 727 2522 ex
751 2461 882 2524 ratione
902 2460 1052 2532 elimata,
1072 2469 1188 2541 patet;
1212 2463 1291 2528 inde

153 2557 403 2638 consequitur,
427 2555 518 2637 quod
542 2554 602 2629 illi,
625 2555 681 2637 qui
704 2556 738 2616 in
762 2574 876 2617 amore
900 2576 978 2617 vere
997 2554 1179 2636 conjugiali
1198 2567 1290 2633 sunt,

153 2653 337 2714 continue
353 2661 531 2724 conentur,
547 2649 613 2712 hoc
630 2659 695 2723 est,
709 2649 817 2713 velint
838 2669 922 2712 unus
938 2650 1042 2712 homo
1058 2670 1143 2712 esse.
1190 2649 1292 2731 Quod

158 2746 383 2808 contrarium
410 2746 457 2807 sit
486 2743 575 2825 apud
606 2743 694 2818 illos,
719 2744 775 2825 qui
805 2763 872 2806 non
903 2745 936 2806 in
966 2764 1082 2807 amore
1109 2744 1293 2826 conjugiali

159 2849 263 2912 sunt,
279 2839 385 2921 probe
402 2839 515 2901 sciunt
529 2838 592 2919 ipsi
607 2859 615 2915 ;
639 2839 695 2919 qui
710 2839 788 2919 quia
800 2839 962 2902 continue
979 2860 1015 2901 se
1031 2841 1189 2921 cogitant
1207 2841 1293 2903 duos

162 2955 217 2996 ex
234 2934 413 2996 disunione
425 2933 613 2995 animarum
630 2942 666 2995 et
682 2933 860 3007 mentium,
874 2933 952 2996 ideo
969 2954 1030 2997 nec
1048 2936 1198 3016 capiunt,
1212 2936 1292 3015 quid

162 3028 377 3109 intelligitur
396 3048 456 3109 per
475 3027 614 3090 Domini
632 3027 748 3102 verba,
766 3027 856 3109 quod
876 3047 944 3091 non
962 3028 1108 3110 amplius
1126 3030 1195 3092 duo
1210 3031 1291 3105 sint,

164 3124 236 3186 sed
255 3144 322 3186 una
340 3144 421 3187 caro
442 3122 580 3205 (Martie.
598 3124 671 3186 xix.
690 3121 738 3204 6).

238 3217 443 3291 216[prtm].
468 3215 542 3299 (vi.)
569 3215 666 3293 Quod
680 3216 742 3290 illi,
762 3215 823 3298 qui
841 3216 875 3279 in
893 3237 1004 3280 amore
1021 3238 1096 3280 vere
1112 3218 1296 3301 conJirgiali

168 3321 263 3387 sunt,
280 3311 315 3373 in
329 3311 477 3392 corybgyo
491 3312 637 3391 spellent
651 3321 820 3375 aeternum
831 3334 846 3385 ,·
868 3312 1017 3375 vr'cissim
1032 3323 1141 3376 autem
1156 3312 1218 3387 illi,
1236 3313 1296 3394 qui

169 3426 238 3468 non
252 3405 288 3468 in
303 3425 416 3467 amore
429 3405 612 3487 conjirgiali
623 3404 854 3487 sunt—Quod
882 3406 941 3481 illi,
958 3408 1016 3489 qui
1032 3409 1065 3470 in
1081 3428 1197 3470 amore
1213 3428 1293 3471 vere

170 3498 357 3581 conjugiali
376 3510 468 3574 sunt,
490 3498 648 3581 spectent
667 3510 854 3574 aeternum,
875 3510 927 3566 est
948 3503 1025 3583 quia
1044 3503 1077 3565 in
1097 3502 1157 3565 illo
1175 3522 1293 3565 amore

170 3604 230 3657 est
247 3594 456 3670 aeternitas;
481 3614 520 3657 ac
540 3595 729 3658 aeternitas
748 3594 819 3676 ejus
838 3604 891 3658 est
915 3595 1005 3670 in'de,
1025 3598 1101 3677 quia
1120 3616 1216 3660 amor
1234 3596 1293 3659 ille

170 3690 263 3771 apud
279 3709 434 3763 uxorem,
452 3699 487 3753 et
506 3689 675 3770 sapientia
691 3688 781 3770 apud
797 3690 968 3760 maritum,
986 3691 1110 3753 crescit
1129 3691 1162 3752 in
1178 3699 1291 3753 aeter-

172 3803 265 3858 num,
285 3805 325 3849 ac
349 3785 384 3848 in
408 3786 600 3848 crescentia
618 3805 678 3846 seu
701 3785 940 3865 progressione
960 3783 1122 3864 conjuges
1142 3785 1291 3865 penitius

173 3886 212 3941 et
229 3882 377 3962 penitius
396 3881 430 3943 in
448 3879 681 3944 beatitudines
700 3879 799 3954 caeli,
815 3899 899 3961 quas
918 3878 1052 3941 illorum
1069 3881 1237 3960 sapientia
1255 3888 1292 3944 et

175 3971 244 4051 ejus
266 3995 364 4039 amor
387 3973 488 4036 simul
505 3975 540 4037 in
570 3995 607 4038 se
630 3975 833 4050 recondunt,
856 3976 1009 4050 intrant;
1038 3996 1141 4056 quare
1165 3977 1191 4039 si
1214 3977 1293 4040 idea

180 4073 302 4135 aeterni
320 4069 539 4146 evelleretur,
559 4078 619 4134 aut
641 4089 687 4133 ex
710 4068 825 4148 aliquo
844 4089 925 4133 casu
944 4071 1117 4134 mentibus
1136 4070 1290 4137 elabere·
