2782 5026
236 113 290 162 nu
315 108 448 162 anons
471 107 1038 175 sconraron10.-N.444[prim0].
1139 112 1200 177 339

126 283 187 340 Sed
206 293 285 338 tunc
303 282 516 354 quaesiverunt
534 281 596 336 duo
614 280 721 352 angeli,
738 279 926 352 “Quomodo
942 282 1041 351 potuit
1057 282 1151 337 homo
1169 299 1202 340 se

60 374 211 420 avertere
224 380 244 418 a
258 361 333 426 Deo,
346 374 378 416 et
390 371 565 416 convertere
578 361 616 415 ad
629 371 734 421 semet,
743 376 812 415 cum
826 371 928 416 tamen
942 362 1035 416 homo
1047 363 1122 416 nihil
1136 372 1203 434 pot·

57 454 118 500 eat
134 444 224 507 velle,
236 443 372 515 cogitare
384 453 416 497 et
429 441 500 496 inde
513 440 611 496 facere
625 440 683 495 nisi
695 456 714 495 a
728 439 816 495 Deo?
852 439 915 496 Cur
928 440 1009 496 Deus
1023 441 1081 496 hoc
1094 443 1203 513 permi-

56 522 152 579 sit?”
1192 528 1195 535 ⁴

126 602 191 658 Sed
204 601 358 673 respondi,
372 599 502 656 “Homo
513 609 634 655 creatus
647 610 701 662 est,
715 611 749 654 ut
762 615 852 655 omne
865 601 946 671 quod
960 601 1033 663 vult.
1044 602 1159 672 cogitat
1171 611 1203 658 et

56 682 154 745 facit.
169 691 315 753 appareat
326 682 354 736 ei
367 681 446 736 sicut
460 681 490 735 in
504 697 543 740 se.
556 691 588 735 et
601 681 645 736 sic
657 696 734 742 ase:
755 680 846 735 homo
859 681 973 752 absque
987 682 1042 735 hac
1056 697 1203 752 apparen-

52 764 122 824 tia.
140 779 204 828 non
223 761 303 817 foret
322 761 423 824 homo,
440 776 500 815 non
516 761 597 815 enim
616 759 729 830 aliquid
749 760 820 814 boni
839 771 871 814 et
889 760 961 824 veri,
975 777 1027 815 seu
1043 763 1154 816 amoris
1173 770 1203 816 et

54 842 251 914 sapientiae,
265 852 368 912 posset
381 840 520 910 recipere,
534 839 670 900 retinere.
681 850 712 894 et
726 840 782 894 sibi
795 840 880 910 quasi
893 841 1084 913 appropriare
1097 859 1103 902 ς
1123 841 1202 895 unde

52 922 222 993 sequitur,
235 921 316 991 quod
335 921 448 991 absque
467 920 518 974 illa
532 919 710 992 apparentia
724 919 803 974 sicut
818 920 895 982 viva,
909 936 969 974 non
989 920 1068 975 foret
1087 920 1202 975 homini

51 999 253 1072 conjunfiio
270 1016 340 1054 cum
360 999 434 1062 Deo,
453 1010 484 1054 et
504 999 573 1055 inde
591 1014 647 1054 nec
665 999 729 1054 vita
746 1011 877 1054 aeterna.
915 1000 1027 1055 Verum
1047 1001 1072 1054 si
1091 1017 1129 1055 ex
1147 1001 1204 1056 hae

51 1080 254 1152 apparentia
269 1080 385 1134 inducit
400 1079 456 1133 sibi
472 1078 562 1133 tidem
578 1079 660 1150 quod
675 1079 757 1141 velit,
769 1079 892 1150 cogitet,
908 1090 940 1134 et
959 1080 1028 1134 inde
1045 1080 1135 1134 faciat
1150 1081 1204 1135 bo·

53 1177 148 1214 num
165 1175 204 1215 ex
220 1176 260 1221 se,
273 1170 305 1214 et
320 1175 381 1214 non
395 1175 433 1213 ex
450 1157 591 1220 Domino,
605 1159 725 1214 tametsi
741 1158 771 1213 in
787 1160 870 1213 omni
884 1159 1059 1229 apparentia
1072 1161 1151 1214 sicut
1165 1175 1203 1215 ex

49 1257 110 1303 se.
125 1240 223 1294 vertit
236 1240 347 1294 bonum
363 1239 392 1292 in
406 1239 517 1293 malum
530 1240 610 1308 apud
623 1255 664 1300 se,
678 1249 709 1293 et
723 1239 766 1293 sic
783 1238 812 1292 in
829 1255 861 1294 se
877 1239 950 1293 facit
962 1240 1109 1311 originem
1124 1239 1202 1295 mali.

55 1319 146 1375 Hoc
159 1319 218 1374 fuit
232 1318 341 1373 Adami
355 1329 521 1388 peccatum.
559 1317 618 1373 Sed
632 1319 710 1373 hanc
721 1328 782 1373 rem
793 1318 980 1389 aliquantum
993 1319 1123 1373 lucidius
1133 1334 1204 1390 ape·

53 1402 167 1455 riam:
190 1398 338 1453 Dominus
350 1398 459 1468 aspicit
471 1414 592 1452 omnem
607 1398 759 1452 hominem
775 1398 804 1451 in
818 1397 1007 1468 frontispicio
1020 1400 1095 1469 ejus,
1109 1411 1139 1453 et
1153 1399 1203 1454 hic

49 1476 218 1550 aspectus
233 1477 341 1531 transit
356 1477 386 1532 in
403 1476 577 1548 occipitium
594 1478 675 1548 ejus;
697 1480 753 1532 sub
769 1476 960 1548 frontispicio
976 1490 1021 1532 est
1037 1480 1201 1541 cerebrum.

51 1572 99 1615 et
114 1559 177 1614 sub
188 1557 331 1627 occipitio
341 1568 388 1611 est
397 1558 594 1620 cerebellum;
614 1557 672 1611 hoc
681 1557 814 1611 dicatum
826 1568 872 1611 est
882 1558 977 1611 amori
988 1568 1019 1612 et
1030 1559 1095 1627 ejus
1106 1558 1201 1621 bonis,

51 1651 98 1695 et
114 1637 195 1692 illud
209 1637 341 1691 dicatum
356 1646 403 1691 est
415 1636 580 1706 sapientiae
593 1647 624 1691 et
637 1637 701 1711 ejus
715 1637 808 1699 veris;
827 1653 919 1707 quare
932 1637 983 1707 qui
998 1636 1113 1707 spediat
1127 1637 1202 1693 facie

50 1719 106 1773 ad
132 1717 309 1775 Dominum.
327 1716 433 1786 recipit
449 1718 487 1771 ab
507 1714 576 1786 Ipso
592 1716 769 1786 sapientiam
790 1728 821 1770 et
841 1733 894 1786 per
909 1717 986 1770 hanc
1001 1733 1151 1780 amorem;
1170 1728 1203 1772 at

51 1799 123 1871 qui
142 1808 226 1852 retro
241 1795 358 1867 spefiat
375 1813 394 1852 a
414 1796 555 1858 Domino.
572 1790 678 1866 recipit
693 1813 826 1852 amorem
842 1808 873 1852 et
893 1815 952 1852 non
969 1798 1155 1868 sapientiam,
1172 1809 1203 1853 et

53 1895 161 1933 amor
170 1879 284 1947 absque
298 1877 499 1947 sapientiaest
511 1893 596 1930 amor
608 1878 646 1931 ab
658 1877 780 1931 homine
794 1888 824 1931 et
838 1893 897 1930 non
911 1894 929 1931 a
943 1877 1088 1938 Domino;
1107 1888 1138 1932 et
1154 1878 1203 1933 hic

56 1973 162 2012 amor
170 1956 243 2026 quia
255 1973 287 2011 se
300 1957 461 2028 conjungit
474 1973 541 2011 cum
554 1956 644 2017 falsis,
658 1973 718 2013 non
732 1957 869 2028 agnoscit
886 1957 991 2018 Deum,
1001 1958 1052 2011 sed
1066 1958 1204 2027 agnoscit

56 2054 101 2094 se
124 2053 183 2108 pro
203 2037 268 2096 deo.
284 2047 315 2091 et
341 2037 401 2091 hoc
416 2037 507 2092 tacite
519 2036 679 2091 confirmat
698 2054 751 2107 per
770 2037 943 2091 facultatem
960 2037 1147 2108 intelligendi
1172 2048 1204 2092 et

59 2118 215 2190 sapiendi
224 2117 471 2175 sibiacreatione
482 2118 608 2173 inditam
621 2119 699 2173 sicut
712 2135 729 2175 a
742 2135 788 2180 se:
808 2135 898 2189 quare
909 2119 957 2172 hic
965 2135 1050 2172 amor
1059 2129 1106 2173 est
1116 2118 1203 2189 origo

62 2200 155 2254 mali.
194 2196 284 2271 Quod
299 2200 341 2253 ita
353 2199 401 2261 sit,
415 2199 614 2254 demonstrari
628 2210 729 2270 potest
742 2201 778 2254 ad
793 2200 929 2262 oculum;
948 2200 1064 2254 vocabo
1077 2199 1136 2253 huc
1149 2199 1203 2253 ali·

62 2296 166 2351 quem
184 2279 294 2334 malum
311 2279 459 2350 spiritum,
475 2280 527 2351 qui
544 2296 576 2335 se
596 2279 707 2335 avertit
724 2295 743 2334 a
763 2279 836 2342 Deo.
850 2289 881 2335 et
900 2280 1007 2350 loquar
1024 2281 1062 2334 ad
1083 2279 1167 2334 illum
1185 2294 1204 2334 a

65 2369 164 2431 tergo
179 2375 233 2414 aeu
250 2359 280 2413 in
296 2360 480 2430 occipitium.
494 2372 526 2415 et
540 2360 657 2415 videbis
671 2360 753 2431 quod
770 2360 821 2414 illa
834 2376 911 2431 quae
927 2360 1069 2414 dicuntur
1084 2371 1204 2414 venan-

68 2449 126 2494 tur
139 2439 171 2493 in
184 2438 361 2494 contraria.”

131 2517 171 2574 iit
184 2519 289 2575 vocavi
303 2534 397 2574 uuum
410 2519 518 2580 talem;
537 2519 649 2581 aderat.
663 2527 695 2574 et
710 2519 829 2575 locutus
842 2535 908 2574 sum
922 2520 960 2575 ad
976 2519 1059 2573 illum
1075 2536 1094 2574 a
1108 2529 1203 2591 tergo,

73 2596 191 2659 diceus,
207 2596 359 2655 “Nostine
374 2597 486 2671 aliquid
502 2597 540 2652 de
557 2597 682 2663 inferno,
696 2599 734 2653 de
750 2598 953 2659 damnatione,
969 2609 999 2654 et
1015 2599 1053 2654 de
1069 2599 1203 2657 cruciatu

76 2676 116 2732 ibi
124 2677 156 2732 Υ·
195 2677 233 2732 Et
246 2694 316 2732 mox
325 2694 394 2733 cum
405 2693 568 2733 conversus
576 2686 623 2733 est
634 2677 672 2732 ad
686 2694 741 2739 me,
752 2677 894 2748 quaesivi,
905 2677 1011 2750 “Quid
1021 2679 1163 2732 audivisti
1173 2676 1203 2733 ?''

131 2755 310 2827 Respondit.
318 2765 335 2787 ‘¹
343 2756 455 2811 Audivi
465 2757 547 2817 haec.
558 2757 701 2813 ‘Nostine
711 2757 823 2828 aliquid
834 2757 872 2812 de
881 2758 973 2817 caelo.
983 2758 1021 2812 de
1030 2758 1206 2820 salvatione,

79 2847 108 2892 et
121 2840 160 2893 de
173 2837 318 2892 felicitate
331 2837 406 2892 ibil'
415 2838 431 2858 ”
470 2837 508 2891 Et
521 2837 590 2893 dein
600 2854 669 2893 cum
678 2838 754 2893 haec
767 2838 809 2892 illi
820 2849 891 2909 post
904 2849 1022 2909 tergum
1034 2838 1115 2893 ditia
1124 2848 1203 2900 sunt,

80 2918 155 2973 dixit
166 2919 249 2990 quod
261 2919 411 2974 audiverit
425 2919 532 2989 priora

131 2999 245 3054 Postea
257 2996 338 3054 ditia
348 3009 419 3054 sunt
430 3015 449 3053 a
461 3009 547 3070 tergo
557 2999 621 3069 ejus
633 2998 716 3061 haec.
728 3005 743 3027 “
755 2998 874 3054 Numne
887 2999 946 3053 scis
957 3000 1038 3069 quod
1053 2999 1095 3053 illi
1108 2998 1158 3069 qui
1173 2999 1203 3053 in

80 3077 197 3133 inferno
210 3088 289 3139 sunt.
305 3078 455 3133 insaniant
469 3094 506 3134 ex
522 3077 605 3134 falsis
612 3078 643 3137 ?”
684 3077 722 3132 Et
737 3079 775 3132 de
791 3077 838 3134 his
852 3079 1007 3149 quaesitus
1025 3095 1043 3132 a
1062 3094 1117 3139 me,
1131 3077 1203 3148 quid

79 3157 201 3221 audivit,
215 3157 301 3218 dixit,
316 3157 461 3220 “Audivi
473 3164 479 3186 ⁶
489 3158 608 3212 Numne
621 3156 680 3212 scis
693 3158 774 3228 quod
789 3157 830 3211 illi
841 3157 891 3227 qui
908 3158 936 3211 in
950 3159 1035 3212 caelo
1045 3169 1115 3212 sunt
1125 3157 1202 3226 sapi-

77 3249 129 3293 ant
141 3254 179 3293 ex
192 3237 271 3294 veris
279 3237 301 3292 ἲ·
310 3238 326 3260 ''
365 3238 403 3293 Et
416 3255 484 3293 cum
495 3239 570 3293 haec
583 3238 624 3292 illi
639 3249 709 3309 post
720 3250 838 3309 tergum
850 3236 931 3292 difia
940 3248 1019 3300 sunt,
1031 3238 1108 3291 dixit
1119 3237 1201 3308 quod

77 3318 235 3381 audiverit,
249 3318 393 3374 ‘'Numne
411 3319 469 3374 scis
487 3319 568 3390 quod
590 3319 631 3374 illi
650 3320 701 3390 qui
722 3319 751 3372 in
768 3318 885 3374 inferno
900 3330 979 3381 sunt,
996 3319 1147 3373 insaniant
1165 3333 1202 3371 ax

77 3398 199 3455 falaisi”
237 3398 277 3455 Et
291 3399 334 3453 sic
350 3415 448 3469 porro.
487 3399 510 3454 E
525 3400 635 3471 quibus
649 3399 807 3454 evidenter
821 3410 914 3470 patet.
928 3400 1010 3470 quod
1029 3400 1101 3452 dum
1118 3413 1202 3452 mens

76 3493 110 3534 ae
122 3478 234 3534 avertit
248 3494 268 3534 a
284 3478 424 3541 Domino,
437 3490 595 3534 convertat
609 3495 642 3534 se
656 3480 695 3534 ad
711 3489 815 3542 semet,
831 3489 863 3534 et
878 3489 951 3534 tunc
969 3477 1114 3550 percipiat
1129 3492 1202 3532 con·

77 3558 176 3614 traria

129 3646 145 3667 ‘⁶
153 3636 240 3694 Haec
247 3652 337 3693 causa
344 3646 398 3700 est,
407 3637 498 3707 quod,
506 3645 539 3692 ut
548 3639 652 3699 nostis,
661 3638 691 3692 in
700 3637 815 3692 mundo
822 3638 881 3693 hoc
889 3637 1033 3709 spirituali
1044 3653 1104 3691 non
1112 3635 1202 3690 liceat

75 3725 155 3773 stare
167 3733 186 3772 a
198 3728 287 3788 tergo
298 3716 430 3779 alterius,
444 3727 475 3772 et
487 3717 525 3772 ad
540 3716 622 3772 illum
637 3717 728 3789 loqui,
741 3718 785 3773 sic
797 3718 877 3773 enim
891 3718 918 3772 ei
932 3717 1095 3787 inspiratur
1106 3732 1199 3778 amor.

75 3796 123 3850 cui
137 3796 339 3868 intelligentia
352 3796 471 3867 propria
484 3807 607 3867 propter
618 3797 681 3869 ejus
690 3798 857 3868 jucundum
869 3797 951 3852 favet
963 3808 994 3852 et
1007 3797 1110 3851 obedit
1121 3813 1127 3859 ;
1147 3796 1201 3851 sed

75 3877 148 3946 quia
166 3877 207 3932 ab
228 3876 351 3931 homine
371 3886 471 3938 estet
490 3892 552 3932 non
574 3893 594 3931 a
615 3877 689 3939 Deo.
702 3887 750 3933 est
768 3894 854 3932 amor
867 3878 944 3938 mali.
957 3887 1010 3932 aut
1028 3891 1113 3931 amor
1126 3875 1203 3932 falsi.

78 3955 204 4012 Praeter
216 3956 276 4012 hoc
288 3955 414 4012 referam
425 3957 512 4012 vobis
523 3957 618 4012 simile
630 3957 720 4017 aliud.
731 3974 849 4027 nempe,
858 3958 939 4028 quod
948 3957 1108 4028 aliquoties
1117 3956 1203 4011 audi-

76 4038 170 4092 verim
184 4037 265 4091 bona
277 4046 308 4091 et
320 4052 392 4092 vera
403 4036 525 4108 delapsa
537 4053 554 4093 e
566 4036 651 4093 caelo
664 4037 694 4090 in
708 4036 865 4099 infernum,
878 4048 909 4091 et
921 4038 1002 4108 quod
1016 4037 1067 4092 illa
1080 4036 1119 4091 ibi
1133 4052 1203 4106 pro·

72 4114 208 4189 gressive
221 4131 310 4172 versa
324 4114 435 4172 fuerint
455 4116 485 4171 in
505 4120 654 4188 opposita.
674 4117 786 4172 bonum
806 4117 836 4171 in
857 4116 977 4180 malum,
996 4128 1027 4173 et
1046 4132 1149 4172 verum
1170 4116 1201 4171 in
