2782 5026
338 468 388 519 ue
410 467 546 521 tuone
568 467 887 545 conmotam-n.
907 470 977 538 357.
1155 457 1217 537 283
1331 542 1337 551 ι

82 637 223 700 feminis,
233 648 266 693 et
280 639 317 693 de
332 638 524 695 inclinatione
536 640 654 695 illorum
667 640 706 696 ad
720 641 884 712 legitimam
895 638 1148 710 conjunctionem,
1162 657 1218 695 nec

80 720 127 772 de
142 718 290 772 facultate
304 718 489 788 prolificandi
503 721 533 773 in
548 720 695 781 masculis.
709 736 786 790 quae
800 737 893 774 unum
907 720 979 774 facit
994 735 1061 774 curn
1076 720 1219 775 facultate

78 797 316 868 multiplicandi
335 799 513 868 sapientiam
533 815 570 854 ex
588 815 690 854 amore
702 799 782 863 veri;
807 809 839 854 et
857 800 939 870 quod
959 809 1104 869 quantum
1125 800 1218 854 bomo

77 889 173 933 amat
189 879 368 950 sapientiam
384 896 422 934 ex
438 895 542 934 amore
557 881 631 950 ejus,
644 897 696 935 seu
709 896 813 935 verum
832 897 869 935 ex
888 881 977 942 bono,
991 891 1109 934 tantum
1129 882 1169 935 sit
1188 881 1218 934 in

78 974 198 1013 amore
211 974 282 1013 vere
295 959 457 1029 conjugiali
470 970 502 1014 et
515 960 544 1012 in
558 961 625 1029 ejus
637 960 748 1014 comite
761 960 899 1014 virtute.''

144 1037 241 1109 3³⁶·
263 1037 320 1092 His
343 1035 432 1093 dietis
451 1038 545 1093 tacuit
564 1039 696 1110 angelus,
715 1049 746 1095 et
771 1040 877 1094 novitii
897 1040 1030 1094 advenae
1049 1056 1086 1093 ex
1111 1039 1217 1109 spiritu

77 1117 231 1186 loquelae
244 1117 343 1188 angeli
356 1119 653 1187 comprehendebant
666 1118 747 1189 quod
761 1130 905 1190 perpetua
918 1119 1044 1173 facultas
1058 1119 1218 1173 deliciandi

79 1196 278 1258 debuissit:
305 1206 336 1251 et
357 1197 427 1266 quia
446 1197 476 1250 id
496 1197 677 1252 laetificabat
694 1198 812 1254 animos
832 1200 959 1260 illorum,
979 1200 1127 1258 dicebant,
1142 1197 1217 1252 “Oh

78 1291 184 1345 quam
198 1274 270 1329 felix
282 1286 377 1330 status
393 1287 439 1331 est
455 1277 646 1347 angelorum
675 1278 854 1348 percipimus
867 1278 948 1348 quod
964 1295 1019 1332 vos
1035 1278 1065 1331 in
1081 1278 1171 1331 caelis
1187 1278 1217 1331 in

76 1365 249 1409 aeternum
257 1356 456 1425 permaneatis
465 1356 494 1409 in
503 1366 584 1411 statu
592 1357 820 1418 adolescentiae,
829 1367 860 1412 et
871 1358 940 1412 inde
952 1357 980 1411 in
990 1357 1102 1412 virtute
1111 1357 1218 1412 aetatis

81 1433 192 1488 illius:
207 1435 260 1488 sed
275 1434 324 1488 dic
337 1436 423 1489 nobis
433 1437 589 1506 quomodo
602 1452 657 1490 nos
671 1435 720 1490 illa
732 1436 844 1491 virtute
854 1437 945 1491 etiam
962 1437 1086 1506 potituri
1097 1435 1217 1490 simus.''

147 1513 187 1566 Et
211 1514 366 1583 respondit
384 1515 516 1585 angelus,
532 1514 665 1588 “Fugite
683 1515 831 1570 adulteria
849 1525 884 1570 ut
904 1515 1067 1578 infernalia,
1085 1525 1117 1570 et
1135 1515 1217 1570 adite

82 1591 269 1654 Dominum,
282 1603 313 1648 et
327 1593 502 1648 habebitis.'’

147 1673 185 1729 Et
198 1667 347 1734 diirerunt.
361 1674 548 1747 “Fugiemus
567 1674 617 1730 illa
636 1674 685 1737 ita,
704 1685 736 1729 et
754 1674 903 1729 adibimus
923 1673 1118 1729 Dominum.''
1155 1673 1215 1729 Sed

64 1754 250 1823 respondit
259 1755 391 1825 angelus,
403 1753 494 1809 “Non
506 1754 633 1824 potestis
647 1754 748 1825 fugere
761 1755 908 1808 adulteria
919 1764 952 1807 ut
963 1755 1040 1807 mala
1051 1753 1216 1814 infernalia,

63 1833 149 1886 misi
168 1832 305 1904 fugeritis
319 1833 433 1903 reliqua
452 1835 529 1887 mala
544 1834 690 1896 similiter,
703 1834 774 1904 quia
788 1834 935 1888 adulteria
953 1844 1025 1888 sunt
1039 1833 1216 1902 complexus

55 1912 244 1974 emnium:
263 1922 295 1967 et
309 1913 365 1967 nisi
380 1913 430 1966 illa
444 1912 588 1984 fugeritis,
602 1929 663 1967 non
679 1913 807 1983 potestis
819 1912 902 1967 adire
917 1913 1091 1973 Dominum,
1110 1911 1216 1966 Domi·

53 2006 148 2046 trus
161 2008 221 2046 non
236 1992 343 2062 recipit
357 1991 452 2045 illos.''

145 2070 220 2127 Post
233 2070 309 2126 haec
323 2071 446 2126 secessit
458 2071 592 2142 angelus,
605 2086 641 2126 ac
656 2070 727 2126 novi
741 2071 783 2124 illi
796 2069 918 2142 spiritus
931 2070 1090 2125 abiverunt
1104 2069 1214 2124 tristes.

501 2314 803 2328 m

589 2491 719 2577 [xvi]

491 2705 549 2768 Du
574 2704 808 2769 Zacorum.

150 2915 249 2988 357·
272 2900 401 2983 Agitur
418 2900 472 2965 hic
496 2900 541 2964 de
564 2900 749 2984 zelotypia,
770 2901 848 2984 quia
867 2899 972 2964 etiam
993 2899 1143 2982 pertinet
1166 2899 1211 2963 ad

16 3000 241 3063 {morem
255 2997 492 3079 conjugialem.
525 2995 593 3060 Sed
607 2997 708 3059 datur
720 2996 894 3076 zelotypia
905 2994 998 3075 justa
1011 3005 1045 3058 et
1063 2993 1189 3076 injusta
1203 3015 1210 3057 :

32 3093 264 3175 {elotypia
280 3091 372 3173 justa
390 3092 479 3174 apud
500 3091 663 3172 conjuges
683 3093 739 3173 qui
762 3104 798 3153 se
818 3101 938 3153 mutuo
956 3101 1098 3167 amant;
1122 3091 1212 3172 apud

23 3166 153 3250 210³
171 3199 226 3252 est
244 3187 303 3250 illa
319 3185 430 3267 justus
449 3197 485 3251 et
509 3187 656 3268 prudens
676 3186 779 3260 zelus,
798 3205 840 3248 ne
860 3204 954 3246 amor
974 3184 1108 3247 illorum
1127 3205 1212 3248 con·

10 3268 221 3363 Sugialis
240 3281 397 3355 violetur,
417 3291 453 3345 et
473 3282 552 3344 inde
568 3279 680 3362 justus
700 3280 799 3344 dolor
822 3280 850 3343 si
874 3280 1042 3356 violatur;
1065 3290 1102 3342 at
1119 3279 1211 3343 zelo·
1326 3344 1331 3353 ,

39 3379 184 3459 ἱγρίει
200 3376 325 3459 injusta
338 3377 437 3440 datur
453 3376 542 3457 apud
562 3375 639 3438 illos
655 3376 710 3457 qui
727 3396 773 3438 ex
790 3386 912 3437 natura
925 3373 1100 3454 suspiciosi
1117 3383 1209 3447 sunt,

58 3483 127 3535 qt
154 3474 276 3554 quibus
305 3493 350 3535 ex
380 3472 517 3535 viscoso
547 3480 582 3534 et
613 3471 736 3533 bilioso
758 3471 923 3551 sanguine
947 3480 1000 3531 est
1031 3469 1211 3549 aegritudo

55 3568 222 3631 ‘nentis
269 3567 459 3641 Praeterea,
477 3566 587 3628 omnis
604 3565 777 3646 zelotypia
795 3585 815 3627 a
834 3563 1035 3646 quibusdam
1052 3573 1211 3626 censetur

66 3673 126 3725 lit
145 3663 284 3738 vitium;
308 3661 398 3744 quod
422 3661 585 3742 imprimis
609 3659 646 3723 fit
664 3681 685 3722 a
703 3659 961 3729 scortatoribus,
980 3658 1035 3738 qui
1059 3658 1092 3719 in
1116 3656 1209 3719 zelo·

66 3757 218 3836 lypiam
232 3755 360 3837 justam
377 3757 482 3819 etiam
502 3755 669 3835 vituperia
685 3753 889 3834 conjiciunt:
914 3753 1086 3814 derivetur
1103 3770 1208 3831 usque

80 3851 258 3934 zelotypia
268 3873 314 3915 ex
326 3851 390 3914 zeli
406 3861 503 3932 typo,
514 3870 553 3913 ac
567 3850 668 3913 datur
681 3859 783 3930 typus
799 3869 858 3911 seu
872 3849 986 3928 imago
999 3845 1062 3908 zeli
1074 3844 1156 3925 justi
1172 3855 1210 3908 et

83 3944 151 4009 zeli
168 3944 307 4027 injusti3
334 3946 395 4009 sed
415 3946 610 4007 discrimina
628 3944 686 4006 illa
709 3944 744 4006 in
766 3962 854 4006 nunc
874 3940 1094 4024 sequentibus
1113 3937 1210 4002 evol·

84 4051 232 4123 uentur3
256 4042 348 4125 quod
367 4040 425 4105 fiet
444 4041 479 4104 in
497 4040 562 4103 hac
582 4040 668 4102 serie
684 4055 738 4099 :-

266 4173 310 4244 (t.)
336 4173 422 4245 Quod
431 4173 509 4227 relus
525 4175 559 4226 in
582 4187 612 4226 se
624 4171 765 4242 spellatur
778 4172 820 4224 rr'f
835 4171 912 4223 rr‘cut
926 4167 1006 4238 ιζξπίε
1022 4166 1134 4219 amores
1143 4163 1208 4234 fla·

254 4313 309 4388 (ti.)
334 4261 628 4388 Quoffissratioseu
634 4304 1207 4382 stammailliusornaritquaeestselur,

404 4389 445 4439 sr't
460 4386 611 4456 flagrauit
628 4401 678 4437 seu
688 4383 815 4452 flamma
827 4378 1005 4451 spr'rr'funlr's,
1018 4375 1146 4431 orr'unda
1171 4392 1205 4430 ea

405 4457 593 4530 r’nsesfafr'one
604 4461 633 4510 ef
644 4455 865 4525 impugnatione
876 4452 994 4504 arnorr'r.
