2782 5026
385 111 437 162 na
459 110 594 162 anona
616 108 936 176 conjurarem-n.
960 95 1027 177 176.
1210 121 1267 181 145

149 275 235 362 iungi
263 278 393 345 officiis
411 281 569 356 virorum,
595 281 699 345 modo
722 302 742 345 a
765 281 873 364 prima
896 288 1014 344 aetate
1036 278 1214 344 initientur
1235 279 1270 343 in

150 371 209 449 illa,
226 379 522 460 quemadmodum
539 379 652 460 pueri;
675 378 736 442 sed
756 387 900 460 possunt
920 377 954 439 in
972 377 1176 440 exercitium
1192 375 1269 439 illo·

151 486 225 546 rum,
251 491 324 535 non
348 482 463 535 autem
487 472 521 535 in
547 471 722 553 judicium,
742 493 763 535 a
785 493 852 555 quo
880 471 1069 535 officiorum
1098 468 1270 535 rectitudo

149 560 283 628 interius
297 566 474 648 dependet
489 589 497 643 ;
521 577 730 650 quapropter
746 566 826 629 illae
842 564 1010 640 mulieres,
1025 586 1111 648 quae
1127 567 1161 629 in
1178 567 1268 630 viro·

142 676 212 724 rum
232 660 349 725 officia
367 663 525 726 initiatae
544 673 637 736 sunt,
658 672 821 726 tenentur
838 662 870 724 in
890 662 990 723 rebus
1010 659 1124 740 judicii
1144 681 1268 724 consu·

136 751 209 818 iere
228 757 335 831 viros,
356 766 393 820 et
408 767 490 820 tunc
508 778 554 821 ex
573 756 710 821 illorum
730 756 891 830 consiliis,
911 757 939 818 si
959 757 1008 817 sui
1028 756 1156 818 arbitrii
1175 766 1268 831 sunt,

124 848 275 931 eligunt
292 852 384 933 quod
400 851 493 916 iavet
509 853 617 916 amori
633 872 705 914 suo.
751 851 964 914 Autumatur
975 852 1081 913 etiam
1098 851 1267 933 aquibus·

113 943 231 1018 dam,
245 945 340 1027 quod
356 945 515 1010 mulieres
531 967 639 1029 aeque
656 947 789 1027 possint
801 945 937 1008 elevare
949 946 1057 1009 aciem
1071 942 1268 1008 intellectus

108 1039 186 1105 sui
210 1039 247 1102 in
271 1039 456 1121 sphaeram
480 1040 575 1116 lucis,
598 1042 632 1105 in
656 1061 758 1123 quam
781 1041 854 1114 viri,
879 1061 918 1104 ac
943 1041 1134 1122 perspicere
1157 1040 1267 1102 resin

108 1133 262 1196 eadem
282 1132 489 1212 altitudine;
513 1156 599 1218 quae
615 1137 731 1217 opinio
750 1132 888 1198 inducia
907 1145 960 1198 est
978 1135 1045 1197 illis
1064 1155 1123 1216 per
1139 1135 1268 1216 scripta

108 1248 132 1290 ι
162 1229 383 1310 quibusdam
407 1231 549 1294 eruditis
573 1232 746 1308 camenis;
770 1230 830 1293 sed
854 1229 939 1293 haec
962 1230 996 1292 in
1020 1230 1148 1291 mundo
1170 1229 1267 1311 spiri·

108 1321 224 1385 :nali
255 1323 289 1386 in
321 1326 518 1406 praesentia
546 1324 681 1388 illarum
711 1323 905 1407 explorata,
930 1325 1070 1387 inventa
1094 1333 1174 1387 sunt
1198 1342 1267 1386 non

115 1417 253 1481 udicii
270 1427 307 1482 et
321 1420 523 1501 sapientiae,
540 1421 601 1484 sed
620 1421 749 1501 ingenii
766 1429 801 1483 et
820 1419 1018 1497 facundiae;
1042 1429 1077 1482 et
1095 1419 1163 1490 illa,
1181 1438 1268 1500 quae

108 1531 181 1574 ex
216 1513 269 1576 his
292 1513 427 1577 duobus
458 1514 661 1596 procedunt,
690 1536 735 1579 ex
765 1516 938 1596 elegantia
967 1525 1003 1577 et
1034 1514 1268 1577 concinnitate

108 1609 405 1689 :ompositionis
423 1628 547 1672 vocum
571 1620 739 1691 apparent
763 1621 927 1692 tanquam
951 1609 1109 1672 sublimia
1131 1619 1167 1672 et
1190 1629 1266 1671 eru-

108 1701 234 1779 ἀίω
262 1704 325 1767 sed
356 1704 462 1767 modo
492 1724 608 1769 coram
638 1705 706 1768 illis
733 1706 789 1787 qui
819 1723 955 1769 omnem
986 1705 1266 1785 ingeniositatem

108 1809 269 1861 vocant
288 1800 508 1879 sapientiam.
554 1798 656 1880 Quod
676 1820 738 1863 nec
756 1800 817 1863 viri
837 1801 969 1880 possint
989 1801 1116 1861 intrare
1135 1800 1168 1861 in
1192 1798 1265 1861 offi-

108 1890 197 1952 cia
214 1894 349 1975 propria
366 1893 554 1968 mulierum,
572 1903 607 1958 et
622 1894 688 1957 illis
704 1895 769 1957 rite
784 1893 889 1974 iungi,
907 1903 961 1956 est
977 1913 1090 1965 causa,
1105 1894 1182 1974 quia
1199 1912 1267 1955 non

117 1980 169 2044 in
208 1985 405 2051 affedtiones
439 1987 584 2063 illarum,
615 2009 702 2071 quae
736 2008 872 2070 prorsus
902 1986 1084 2051 distinctae
1114 1995 1193 2049 sunt
1223 1987 1267 2049 ab

121 2076 377 2147 affectionibus
390 2083 549 2146 virorum.
581 2082 752 2164 Quoniam
762 2083 941 2147 masculini
954 2104 1058 2146 sexus
1070 2079 1266 2146 affectiones

128 2180 175 2232 et
203 2178 439 2259 perceptiones
459 2198 479 2240 a
499 2180 673 2241 creatione
692 2189 728 2242 et
752 2179 831 2241 inde
850 2198 870 2240 a
890 2188 1012 2240 natura
1035 2178 1081 2239 ita
1099 2178 1266 2240 discrimi-

131 2279 246 2414 patae
268 2283 362 2347 sunt,
387 2273 467 2336 ideo
490 2274 580 2336 inter
601 2283 733 2337 statuta
755 2273 846 2356 apud
877 2272 964 2335 filios
995 2271 1132 2335 Israelis
1160 2272 1266 2334 etiam

143 2361 208 2426 uit
224 2365 306 2430 hoc:

196 2473 277 2525 “Non
288 2477 341 2526 erit
353 2477 439 2526 vestis
451 2477 502 2526 viri
515 2491 595 2539 super
608 2478 728 2536 muliere,
738 2477 880 2528 decrestis
890 2477 1009 2527 mulieris
1021 2490 1103 2540 super
1112 2476 1170 2526 viro
1180 2489 1186 2536 ;
1204 2476 1267 2540 quia

272 2542 325 2592 hoc
337 2542 510 2592 abominatio
518 2542 532 2562 ”
544 2544 646 2605 (Deutr.
659 2545 722 2594 xxii.
735 2545 774 2606 5)ss

135 2659 245 2719 causa
272 2667 360 2733 erat,
392 2657 472 2740 quia
501 2677 622 2722 omnes
653 2659 687 2723 in
717 2658 882 2742 spirituali
916 2658 1044 2721 mundo
1073 2657 1268 2721 vestiuntur

137 2754 327 2816 seeundum
346 2773 428 2816 suas
447 2751 655 2829 affectiones,
672 2763 708 2818 et
727 2755 828 2818 binae
846 2751 1043 2817 affectiones
1061 2752 1211 2815 mulieris
1230 2763 1267 2816 et

139 2836 212 2905 viri
227 2866 290 2910 non
309 2857 461 2930 possunt
482 2848 566 2911 uniri
586 2849 648 2911 nisi
667 2849 757 2912 inter
775 2850 872 2924 duos,
890 2858 925 2912 et
945 2868 1109 2930 nusquam
1134 2849 1167 2910 in
1188 2869 1266 2911 uno.

168 3019 178 3032 .
212 2939 300 3022 176.
329 2939 447 3023 (xvii.)
474 2940 571 3019 Quod
588 2942 695 3026 officia
716 2944 778 3007 illa
799 2944 974 3008 secundum
997 2953 1145 3005 rnutuum
1167 2944 1266 3006 auxi·

147 3013 229 3092 hum
238 3034 336 3098 etiam
351 3039 555 3120 conjungant
568 3038 650 3101 duos
665 3037 701 3100 in
716 3060 816 3101 unum
823 3060 839 3113 ,·
861 3049 892 3101 et
903 3037 1007 3101 simul
1013 3037 1151 3117 sacrant
1167 3059 1268 3101 unam

151 3114 433 3211 domun-Quod
454 3133 566 3194 mariti
585 3132 698 3196 officia
716 3132 829 3216 aliqua
847 3134 980 3196 ratione
999 3153 1035 3195 se
1055 3132 1267 3213 conjungant

157 3225 226 3281 Cum
249 3223 369 3288 officiis
394 3227 524 3300 uxoris,
548 3235 584 3290 et
607 3228 698 3310 quod
725 3227 837 3291 officia
866 3228 983 3290 uxoris
1012 3248 1049 3289 se
1078 3227 1269 3309 adjungant

162 3306 263 3411 (illeiis
280 3321 408 3395 mariti,
430 3330 466 3383 et
485 3322 576 3403 quod
596 3320 852 3403 conjunctiones
871 3332 905 3386 et
928 3318 1164 3402 adjunEtiones
1187 3322 1267 3386 illae

167 3414 222 3468 ³¹¹st
240 3424 392 3478 mutuum
417 3416 596 3491 auxilium,
616 3426 652 3480 et
676 3419 863 3480 secundum
887 3416 981 3489 illud,
1006 3417 1095 3479 inter
1118 3428 1203 3478 nota
1232 3418 1267 3478 in

170 3506 272 3570 mundo
292 3520 395 3575 sunt:
421 3520 458 3573 at
482 3511 641 3592 primaria
662 3506 750 3595 'quae
773 3511 1031 3584 confoederant,
1052 3511 1267 3587 consociant,

172 3601 199 3652 ‘l
210 3597 237 3660 in
249 3622 348 3667 unum
369 3616 589 3687 congregant
608 3607 739 3669 animas
758 3615 793 3670 et
808 3608 896 3669 vitas
912 3606 1054 3666 duorum
1070 3602 1267 3682 conjugum,

174 3696 213 3749 itt
230 3700 413 3762 communis
437 3717 518 3762 cura
546 3702 714 3763 educandi
737 3700 883 3778 liberos;
918 3700 1007 3762 circa
1030 3714 1130 3778 quam
1154 3695 1269 3762 officia

176 3787 259 3854 mariti
273 3803 306 3856 et
322 3793 438 3857 officia
452 3795 567 3857 uxoris
583 3814 620 3857 se
636 3795 852 3877 distinguunt
868 3803 904 3857 et
921 3791 1018 3855 simul
1032 3788 1268 3872 conjungunt;

177 3889 204 3935 se
215 3880 427 3970 distinguunt,
447 3889 526 3970 quia
544 3908 623 3952 cura
647 3887 843 3953 lactationis
867 3898 902 3951 et
926 3883 1134 3949 educationis
1154 3883 1268 3948 infan-

178 3974 233 4036 ium
255 3985 426 4066 utriusque
456 4003 571 4057 sexus,
596 3994 632 4047 et
659 4004 793 4067 quoque
822 3979 1051 4046 instructionis
1074 3974 1268 4056 puellarum

180 4077 258 4147 us(lue
273 4077 313 4141 ad
331 4087 488 4143 aetatem
511 4078 645 4142 illarum
669 4078 749 4141 dum
773 4077 975 4144 addicantur
993 4082 1028 4134 et
1051 4069 1270 4140 associantur
