2782 5026
130 403 193 485 ²9⁸
471 412 655 465 brucum
677 412 907 464 samexrms

130 595 256 640 naturae
267 582 372 655 leges?
407 583 600 639 Adduximus
612 583 688 638 haee
700 594 878 655 argumenta
889 600 926 638 ex
938 584 1056 655 analysi
1070 583 1198 645 rationis,
1209 578 1244 638 ad

129 663 369 720 confirmandum
387 663 470 734 quod
488 678 653 733 expensum
670 664 782 717 existat
799 679 836 717 ex
854 673 968 724 centro,
981 674 1015 718 et
1034 680 1096 718 non
1115 663 1259 718 vicissim,

129 745 252 798 tametsi
267 743 481 814 unusquisque,
494 742 546 812 qui
563 743 644 812 juste
659 743 782 812 cogitat,
795 744 909 813 absque
930 742 980 797 his
998 744 1183 814 argumentis
1194 743 1262 796 hoc

128 823 223 878 videt.
253 821 364 877 Dixisti
374 822 455 894 quod
466 838 632 892 expansum
642 821 821 875 confluxerit
831 821 861 875 in
871 833 1009 876 centrum
1019 837 1038 876 a
1048 838 1090 877 se.
1124 821 1201 876 Num
1210 822 1273 875 sic:
1289 814 1293 824 '

130 902 295 957 fortuitoin
304 915 367 956 tam
378 902 542 955 mirabilem
552 912 584 955 et
592 900 773 971 stupendum
782 900 928 962 ordinem,
937 912 971 954 ut
982 918 1077 955 unum
1089 902 1129 956 sit
1137 904 1285 973 propte(

129 982 267 1043 alterum,
280 993 311 1035 et
324 982 427 1036 omnia
438 992 470 1035 et
484 981 604 1051 singula
616 990 740 1050 propter
752 980 914 1041 hominem,
927 991 958 1034 et
973 981 1041 1050 ejus
1054 981 1150 1034 vitam
1162 992 1270 1034 aeterae

130 1061 223 1116 nam?
259 1059 340 1114 Num
354 1072 461 1114 natura
474 1072 575 1131 potest
588 1076 625 1114 ex
638 1060 740 1130 aliquo
751 1075 853 1114 amore
866 1076 920 1130 per
931 1059 1065 1130 aliquam
1079 1059 1266 1129 sapientiam

131 1140 289 1209 providere
307 1140 389 1199 talia,
404 1150 436 1194 et
455 1156 526 1193 num
547 1150 649 1210 potest
666 1155 703 1193 ex
722 1138 895 1192 hominbus
910 1137 1008 1193 lacere
1023 1139 1159 1210 angelos,
1171 1149 1202 1192 et
1218 1154 1258 1192 ex

129 1219 245 1290 angelis
256 1220 372 1274 caelum
383 1218 396 1273 ?
434 1218 518 1273 Pone
530 1218 605 1273 haec
617 1230 649 1273 et
661 1217 769 1289 cogita,
782 1229 814 1272 et
825 1220 915 1273 cedet
927 1229 982 1272 tua
994 1218 1064 1273 idea
1076 1219 1116 1273 de
1128 1218 1252 1273 existen·

129 1298 174 1354 tia
185 1311 310 1354 naturae
322 1316 341 1353 a
353 1299 488 1354 natura”

186 1378 260 1434 Post
270 1380 345 1433 haec
353 1377 556 1449 quaesivimus
567 1378 660 1439 illum,
669 1377 742 1448 quid
751 1377 946 1448 cogitaverat,
956 1387 988 1432 et
1001 1377 1076 1447 quid
1087 1394 1169 1433 nunc
1178 1377 1253 1448 cogi·

130 1467 176 1512 tat
188 1458 226 1513 de
240 1458 337 1517 tertia,
347 1459 394 1511 De
403 1464 502 1511 centro
509 1463 538 1510 e!
549 1462 677 1528 expanso
683 1464 811 1510 naturae
818 1463 847 1510 e!
857 1459 958 1520 vitae:
977 1472 1050 1510 num
1060 1457 1166 1512 credat
1176 1456 1253 1528 quod

130 1547 268 1593 centrum
281 1547 312 1591 et
325 1553 490 1607 expansum
499 1537 579 1590 ritae
592 1537 633 1590 sit
646 1537 726 1590 idem
736 1552 805 1590 cum
814 1547 921 1590 centro
932 1546 964 1590 et
977 1552 1115 1606 expanso
1126 1547 1253 1592 naturae

185 1615 270 1671 Dixit
282 1617 364 1688 quod
378 1616 509 1678 haereat,
522 1628 553 1671 et
565 1617 647 1687 quod
662 1616 744 1686 prius
756 1617 936 1686 cogitaverit
948 1618 1031 1687 quod
1046 1617 1175 1671 interior
1185 1614 1254 1671 atti·

129 1696 209 1752 vitas
222 1709 347 1750 naturae
360 1697 400 1750 sit
412 1697 492 1757 sita:
510 1707 541 1750 et
555 1696 638 1766 quod
651 1712 737 1750 amor
750 1708 781 1750 et
795 1696 951 1767 sapientia,
964 1712 1042 1766 quae
1055 1696 1255 1751 essentialiter

130 1776 245 1832 faciunt
258 1777 389 1830 hominis
401 1775 503 1836 vitam,
516 1776 577 1830 sint
590 1776 677 1835 inde:
695 1787 727 1829 et
741 1777 823 1845 quod
840 1775 917 1846 ignis
929 1776 1004 1829 solis
1016 1792 1070 1845 per
1081 1776 1211 1831 calorem
1226 1786 1255 1830 et

131 1856 238 1918 lucem,
251 1856 358 1910 mediis
370 1855 598 1925 atmosphaeris,
611 1855 759 1926 pruducat
772 1856 838 1916 illa:
855 1866 887 1908 at
899 1855 981 1924 quod
995 1871 1077 1909 nunc
1093 1871 1132 1910 ex
1146 1854 1253 1909 auditis

131 1936 169 1990 de
185 1936 341 1989 hominum
357 1936 421 1989 vita
435 1946 567 1995 aeterna,
582 1935 612 1988 in
631 1935 774 2004 ambiguo
788 1934 837 1994 sit,
853 1946 884 1988 et
902 1934 983 2004 quod
1003 1934 1064 1988 hoc
1082 1935 1254 2007 ambiguum

131 2014 208 2070 ierat
223 2027 354 2070 mentem
372 2016 433 2086 jam
450 2032 568 2070 sursum
587 2016 648 2085 jam
665 2015 804 2070 deorsum
815 2034 822 2077 ;
835 2027 872 2070 ¹et
886 2031 955 2068 cum
970 2031 1099 2078 sursum,
1112 2024 1255 2088 agnoscat

130 2106 269 2150 centrum
282 2095 319 2150 de
332 2111 394 2166 quo
408 2111 467 2149 non
482 2096 563 2165 prius
575 2095 689 2165 aliquid
703 2104 844 2156 noverat;
862 2105 894 2148 et
908 2110 976 2148 cum
990 2095 1143 2158 deorsum,
1157 2095 1256 2150 videat

130 2185 269 2229 centrum
284 2174 365 2245 quod
381 2174 510 2228 credidit
524 2174 662 2235 unicum:
683 2185 715 2228 et
729 2174 811 2244 quod
826 2174 890 2227 vita
904 2174 943 2227 sit
962 2190 999 2227 ex
1014 2185 1121 2229 centro
1140 2176 1180 2230 de
1198 2190 1256 2244 quo

132 2271 192 2309 non
206 2254 288 2326 prius
300 2253 414 2324 aliquid
427 2254 564 2314 sciverat,
577 2265 608 2307 et
623 2253 705 2324 quod
719 2264 826 2307 natura
841 2253 881 2307 sit
900 2269 938 2307 ex
955 2264 1062 2308 centro
1076 2255 1159 2324 quod
1177 2255 1255 2325 prius

131 2333 260 2388 credidit
272 2333 394 2387 unicum
406 2349 488 2397 essm
506 2345 538 2387 et
550 2334 632 2403 quod
645 2344 806 2404 utmmque
817 2343 954 2387 centrum
968 2333 1079 2388 habeat
1092 2349 1256 2404 expansum

131 2413 244 2468 circum
257 2429 298 2468 se.

185 2492 234 2548 Ad
248 2493 323 2546 haec
333 2491 471 2553 diximus,
481 2499 498 2519 “
507 2490 617 2552 Bene,”
628 2491 721 2546 modo
731 2491 822 2545 etiam
832 2490 905 2545 velit
917 2507 954 2545 ex
964 2501 1071 2546 centro
1081 2503 1113 2546 et
1122 2507 1255 2563 expanso

131 2572 212 2626 vitae
227 2570 362 2642 spectare
376 2582 513 2625 centrum
528 2582 560 2624 et
578 2587 744 2641 expansum
758 2582 890 2630 naturae,
904 2580 936 2625 et
951 2587 1012 2624 non
1025 2571 1093 2625 vice
1105 2588 1210 2626 versa:
1227 2580 1257 2626 et

134 2651 329 2706 instruximus
352 2651 445 2710 illurn,
464 2650 546 2720 quod
570 2666 660 2720 supra
680 2652 797 2704 caelum
816 2651 985 2720 angelicum
1008 2650 1048 2705 sit
1070 2651 1117 2704 sol
1138 2651 1190 2722 qui
1212 2661 1257 2706 est

132 2748 225 2801 purus
243 2747 335 2789 amor,
350 2731 389 2784 ad
412 2731 617 2800 apparentiam
641 2731 746 2800 igneus
765 2731 843 2784 sicut
865 2730 911 2784 sol
931 2730 1045 2790 mundi,
1061 2741 1093 2784 et
1112 2731 1199 2801 quod
1220 2747 1256 2785 ex

132 2810 232 2864 calore
249 2811 301 2880 qui
321 2810 458 2880 procedit
472 2826 510 2863 ex
530 2810 581 2863 illo
596 2811 669 2870 sole,
685 2811 724 2864 sit
743 2811 857 2881 angelis
876 2820 907 2864 et
926 2808 1102 2863 hominibus
1117 2809 1258 2864 voluntas

132 2900 165 2944 et
179 2905 270 2950 amor,
286 2900 317 2944 et
335 2889 417 2960 quod
436 2905 474 2943 ex
492 2889 558 2943 luce
575 2889 644 2943 inde
662 2889 703 2943 sit
722 2889 780 2943 illis
797 2886 965 2944 intellet‘ius
987 2896 1018 2942 et
1040 2889 1205 2959 sapientia;
1228 2900 1258 2945 et

132 2969 214 3038 quod
231 2968 282 3022 illa
296 2984 372 3038 quae
388 2968 468 3022 ritae
483 2980 554 3022 sunt
569 2969 708 3022 dicantur
720 2968 896 3039 spiritualia,
908 2976 939 3022 et
957 2969 1039 3038 quod
1060 2968 1111 3022 illa
1126 2985 1205 3039 quae
1223 2985 1259 3024 ex

133 3049 198 3102 sole
213 3048 317 3101 mundi
335 3048 502 3117 procedunt
518 3048 578 3101 sint
593 3047 781 3101 continentia
794 3048 881 3110 vitae,
895 3058 926 3102 et
941 3047 1082 3101 dicantur
1094 3048 1259 3110 naturalia;

133 3136 198 3181 tum
214 3127 295 3198 quod
308 3143 472 3197 expansum
488 3127 583 3181 centri
598 3128 679 3181 vitae
691 3127 810 3181 dicatur
822 3127 946 3180 mundus
957 3128 1137 3197 spiritualis,
1150 3129 1203 3199 qui
1222 3144 1259 3182 ex

134 3221 191 3260 suo
205 3207 268 3261 sole
283 3207 429 3267 subsistit,
442 3216 473 3261 et
488 3207 570 3277 quod
584 3223 749 3276 expansum
764 3216 886 3260 naturae
900 3206 1017 3259 dicatur
1029 3207 1158 3260 mundus
1169 3215 1259 3261 nalu-

134 3286 283 3357 relinqui
303 3303 340 3340 ex
358 3303 413 3341 suo
432 3288 494 3341 sole
510 3287 653 3343 subsistit
692 3286 781 3341 Nunc
795 3288 866 3358 quia
884 3287 921 3340 de
939 3303 1043 3341 amore
1061 3298 1093 3342 et
1112 3288 1257 3358 sapientie

134 3381 195 3420 non
209 3366 371 3436 praedicari
388 3378 515 3437 possunt
528 3367 625 3436 spatia
639 3378 670 3421 et
685 3377 830 3437 tempora,
843 3366 896 3420 sed
913 3383 967 3437 pro
983 3366 1041 3420 illis
1056 3377 1164 3430 status,
1177 3367 1259 3439 quod

134 3460 298 3515 expansum
312 3445 423 3500 circum
439 3446 532 3500 solem
549 3446 621 3500 caeli
638 3446 765 3516 angelici
779 3462 839 3499 non
859 3446 898 3499 sit
914 3457 1080 3507 extensum,
1093 3446 1148 3500 sed
1164 3462 1261 3517 usque

135 3524 165 3578 in
178 3536 304 3579 extenso
317 3525 389 3578 solis
403 3526 554 3585 naturalis,
565 3536 597 3580 et
609 3526 687 3597 apud
699 3523 834 3595 subjecta
843 3525 911 3579 viva
924 3524 964 3578 ibi
977 3524 1144 3579 secundum
1158 3542 1261 3598 recep-

133 3603 241 3663 tiones,
255 3615 286 3658 et
299 3605 487 3674 receptiones
499 3605 664 3659 secundum
678 3603 797 3659 formas.

188 3681 247 3738 Sed
261 3693 334 3736 tunc
343 3684 500 3753 quaesivit,
511 3691 527 3712 ‘⁸
538 3683 627 3738 Unde
638 3685 716 3755 ignis
728 3684 800 3739 solis
811 3684 914 3737 mundi
927 3699 979 3737 seu
989 3693 1114 3738 naturae
1121 3682 1154 3739 ?”

190 3762 467 3833 Respondebamus,
478 3764 559 3834 quod
573 3764 613 3819 sit
623 3781 660 3818 ex
672 3765 736 3819 sole
746 3764 820 3818 caeli
830 3762 965 3834 angelici,
975 3762 1029 3833 qui
1043 3779 1104 3817 non
1114 3773 1164 3817 est
1175 3763 1261 3835 ignis,

134 3841 188 3896 sed
209 3841 337 3897 Divinus
356 3843 451 3897 Amor
470 3844 605 3914 proxime
622 3844 787 3914 procedens
805 3860 824 3897 a
843 3843 917 3903 Deo,
932 3842 983 3912 qui
1003 3852 1050 3896 est
1070 3842 1135 3913 ipse
1155 3843 1262 3899 Amor.

138 3920 206 3976 Hoc
219 3922 289 3993 quia
302 3922 427 3977 miratus
440 3934 495 3985 est,
509 3923 784 3978 demonstravimus
798 3923 855 3976 ita:
874 3922 996 3977 “Amor
1011 3920 1041 3974 in
1056 3937 1112 3975 sua
1126 3924 1263 3978 essentia

135 4011 183 4056 est
195 4001 358 4071 spiritualis
371 4002 466 4072 ignis:
486 4002 555 4056 inde
568 4013 614 4057 est
627 4003 709 4072 quod
723 4003 808 4074 ignis,
822 4003 851 4056 in
864 4001 974 4060 Verbo.
989 4001 1019 4055 in
1033 4000 1182 4070 spirituali
1196 4003 1263 4073 ejus

135 4097 235 4141 sensu,
248 4081 398 4152 significet
410 4098 559 4144 amorem
578 4081 657 4136 unde
667 4093 755 4136 orant
769 4082 799 4135 in
811 4082 933 4152 templis
943 4081 1124 4143 sacerdotes,
1135 4092 1170 4135 ut
1185 4082 1263 4154 ignis

136 4160 274 4215 caelestis
288 4161 411 4231 impleat
424 4161 522 4222 corda,
533 4177 587 4230 per
599 4177 687 4231 quem
703 4162 876 4232 intelligunt
887 4177 1019 4215 amorem
1032 4178 1038 4222 ;
1059 4160 1137 4231 ignis
1150 4161 1262 4223 altaris,

136 4251 169 4293 et
188 4240 265 4310 ignis
284 4241 454 4294 candelabri
474 4240 504 4293 in
523 4240 716 4295 tabernaculo
732 4241 810 4312 apud
826 4240 981 4301 israelitas,
995 4256 1056 4294 non
1073 4240 1156 4294 aliud
1170 4257 1262 4311 quarn

139 4318 282 4372 Divinum
297 4320 440 4373 Amorem
457 4321 708 4388 repraesentavit:
727 4322 808 4374 calor
820 4321 981 4390 sanguinis,
994 4336 1047 4375 seu
1063 4321 1148 4375 calor
1161 4320 1262 4374 vitalis

138 4398 303 4461 hominurn,
317 4409 347 4453 et
363 4399 393 4452 in
407 4415 515 4470 genere
528 4399 710 4463 animalium,
725 4417 785 4454 non
799 4400 918 4454 aliunde
931 4411 977 4454 est
990 4415 1080 4470 quam
1098 4416 1135 4455 ex
1151 4415 1262 4461 amore,
