2850 5026
152 408 215 473 218
500 422 683 474 pancras
705 422 933 476 sarmarum

149 614 215 658 nae
234 601 270 658 et
286 601 461 670 externae,
479 602 534 659 est
549 595 627 678 quia
642 595 708 659 illis
724 604 777 660 est
797 616 895 661 mens
910 605 945 661 et
960 617 1094 680 corpus,
1112 617 1152 662 ac
1171 596 1263 662 affee-

149 690 264 753 tiones
282 697 319 753 et
338 689 417 753 inde
436 689 668 772 cogitationes
687 699 768 755 sunt
787 692 924 765 mentis,
942 711 981 755 ac
1001 693 1216 756 sensationes
1234 702 1264 755 et

148 785 229 848 inde
251 783 453 865 voluptates
482 793 562 848 sunt
591 786 753 868 corporis.
798 785 939 849 Accidit
967 787 1012 850 ibi
1041 807 1157 870 saepe,
1181 786 1265 871 quod

149 887 228 961 post
247 888 395 941 mortem
415 879 515 942 amici
538 881 758 955 conveniant,
779 889 814 944 et
832 881 1059 944 amicitiarum
1079 900 1214 945 suarum
1237 883 1266 945 in

150 972 277 1035 mundo
296 972 397 1055 priori
417 974 651 1050 recordentur,
672 984 707 1038 et
727 983 808 1038 ωηο
829 975 973 1039 credant
988 977 1078 1059 quod
1098 977 1266 1040 amicitiae

150 1067 258 1129 vitam
282 1077 318 1130 ut
343 1067 433 1149 prius
456 1069 687 1132 consociaturi
710 1069 800 1147 sint;
830 1070 891 1133 sed
915 1089 991 1133 curn
1015 1071 1048 1133 in
1072 1070 1172 1135 caelo
1195 1091 1265 1154 per·

149 1162 272 1244 cipitur
290 1163 510 1227 consocietas
529 1163 598 1240 illa,
618 1184 704 1247 quae
723 1174 777 1228 est
797 1165 901 1227 modo
919 1163 1137 1229 affediionum
1153 1177 1266 1231 exter·

150 1277 279 1331 narum,
294 1256 331 1321 fit
348 1259 521 1340 separatio
533 1260 721 1322 secundum
734 1259 887 1322 internas
900 1281 907 1336 ;
931 1270 965 1323 et
975 1271 1056 1324 ωηο
1067 1283 1086 1324 e
1097 1271 1267 1326 conventu

148 1352 208 1416 illo
226 1352 330 1436 aliqui
354 1352 554 1435 relegantur
571 1354 605 1416 in
629 1355 914 1436 septentrionem,
935 1364 971 1418 et
995 1356 1098 1438 aliqui
1122 1357 1156 1420 in
1180 1357 1267 1420 occi·

148 1449 302 1523 dentem,
322 1456 358 1511 et
380 1448 505 1530 singuli
529 1450 573 1512 ad
596 1449 780 1511 distantias
803 1449 893 1511 inter
911 1470 958 1524 se,
983 1460 1020 1514 ut
1044 1470 1081 1515 se
1105 1470 1267 1534 nusquam

147 1544 289 1607 videant
306 1542 462 1625 amplius,
481 1563 545 1607 nec
562 1553 799 1625 cognoscant;
823 1563 903 1606 nam
923 1545 955 1607 in
975 1544 1060 1609 locis
1076 1565 1265 1609 commora-

148 1639 250 1703 tionis
272 1637 419 1711 illorum,
440 1639 666 1702 immutantur
688 1638 849 1711 faciebus,
869 1659 956 1722 quae
979 1638 1196 1704 alfediionum
1218 1643 1266 1704 in·

147 1745 321 1797 ternarum
352 1732 487 1796 illorum
517 1732 602 1797 fiunt
630 1733 772 1815 effigies.
827 1732 883 1796 Ex
914 1734 967 1798 his
990 1745 1097 1818 patet,
1122 1737 1213 1819 quod
1236 1737 1266 1799 in

148 1830 276 1892 mundo
289 1828 455 1912 spirituali
471 1848 591 1892 omnes
604 1829 857 1911 conjungantur
869 1822 1057 1894 secun'dum
1072 1829 1267 1896 affefliones

147 1923 309 1997 internas,
327 1932 362 1987 et
380 1941 449 1986 non
468 1924 656 1987 secundum
674 1936 850 2002 externas,
872 1927 934 1989 nisi
953 1926 1017 1990 hae
1038 1946 1141 1990 unum
1162 1938 1267 2010 agant

148 2036 225 2080 cum
245 2018 397 2082 internis.

211 2128 305 2198 ²74·
329 2113 404 2198 (iii.)
431 2114 530 2194 Quod
536 2115 607 2178 sint
615 2126 772 2180 externae
782 2114 983 2199 affelir'ones,
994 2117 1172 2181 secundum
1183 2137 1267 2200 quas

148 2208 364 2272 matrimonia
389 2210 603 2274 communiter
629 2211 873 2275 contrahuntur
897 2212 932 2274 in
959 2213 1089 2287 mundo,
1114 2223 1167 2277 est
1190 2213 1267 2295 quia

148 2303 346 2369 affetliones
368 2306 525 2369 internae
547 2327 624 2370 raro
647 2306 890 2383 consuluntur;
921 2317 956 2370 et
978 2308 1006 2369 si
1033 2307 1265 2381 consuluntur,

148 2421 254 2482 usque
274 2420 342 2464 non
359 2401 494 2465 videtur
510 2400 697 2464 similitudo
716 2401 850 2464 illarum
866 2403 900 2464 in
919 2402 1055 2477 femina,
1073 2403 1158 2466 haec
1178 2404 1267 2466 enim

147 2516 192 2558 ex
213 2497 330 2559 nativa
347 2496 427 2558 dote
443 2496 587 2560 retrahit
604 2497 757 2559 internas
777 2497 809 2559 in
827 2497 1019 2578 penetralia
1035 2499 1161 2560 mentis
1177 2518 1267 2560 suae.

148 2588 360 2653 Affedliones
379 2600 557 2665 externae,
577 2612 665 2674 quae
684 2592 774 2654 viros
794 2592 836 2654 ad
857 2591 1130 2655 contrahendum
1150 2592 1267 2655 matri·

148 2686 263 2749 monia
285 2685 461 2758 inducunt,
481 2696 561 2749 sunt
582 2685 694 2766 plures
706 2708 714 2764 ;
738 2687 846 2769 prima
865 2685 998 2750 affedtio
1022 2686 1119 2767 hujus
1143 2685 1267 2750 saeculi

147 2779 263 2842 estrei
279 2778 452 2842 familiaris
471 2779 694 2860 amplificatio
714 2802 774 2861 per
789 2802 883 2863 opes,
902 2790 974 2843 tam
994 2791 1031 2844 ut
1051 2779 1266 2862 locupleten-

148 2883 212 2949 tur,
237 2893 338 2956 quam
366 2883 403 2936 ut
434 2883 620 2956 suppetant
644 2876 783 2955 copiae;
817 2874 928 2937 altera
954 2884 1007 2938 est
1033 2876 1199 2956 aspiratio
1225 2874 1266 2938 ad

147 2967 306 3042 honores,
331 2966 385 3030 vel
419 2977 455 3030 ut
490 2969 815 3051 magnipendantur,
841 2969 894 3032 vel
929 2978 965 3031 ut
996 2969 1030 3031 in
1060 2968 1267 3051 amplificato

147 3072 244 3125 statu
267 3062 422 3126 fortunae
446 3063 536 3126 sint:
562 3074 697 3145 praeter
720 3064 782 3126 has
806 3075 884 3128 sunt
906 3064 1020 3127 variae
1044 3062 1267 3146 pellediiones

48 3194 50 3196 -
148 3167 185 3220 et
204 3157 526 3239 concupiscentiae;
550 3158 614 3221 hae
635 3178 697 3221 nec
718 3159 803 3222 dant
828 3159 940 3221 locum
961 3158 1168 3241 explorandi
1185 3179 1266 3223 con·

148 3252 339 3314 venientias
358 3251 573 3316 affeftionum
599 3253 819 3317 internarum.
865 3254 921 3316 Ex
946 3254 997 3316 his
1021 3255 1138 3335 paucis
1158 3263 1265 3335 patet,

147 3349 237 3430 quod
258 3350 477 3411 matrimonia
496 3350 724 3413 communiter
744 3350 991 3413 contrahantur
1010 3351 1043 3412 in
1063 3350 1191 3413 mundo
1214 3369 1265 3413 se·

146 3443 295 3507 cundum
315 3441 512 3507 affetliones
531 3454 707 3507 externas.

210 3550 303 3618 ²75·
335 3536 409 3620 (iv.)
436 3537 507 3601 Sed
528 3539 618 3620 quod
643 3539 763 3601 sinon
790 3539 940 3601 internae
961 3538 1162 3622 affelliones,
1186 3557 1268 3620 quae

146 3635 348 3718 conjungunt
362 3643 494 3708 mentes,
511 3634 635 3708 insunt,
650 3635 864 3697 matrimonia
880 3635 914 3698 in
930 3635 1023 3696 domo
1038 3634 1268 3697 solvantur.-

148 3727 281 3791 Dicitur
303 3728 337 3790 in
356 3729 470 3801 domo,
491 3729 568 3811 quia
591 3730 749 3811 privatim
769 3730 859 3793 inter
882 3729 978 3807 illos;
1003 3729 1093 3811 quod
1118 3728 1167 3805 fit,
1188 3731 1267 3793 dum

147 3823 244 3906 primi
260 3822 395 3903 calores
406 3825 540 3886 accensi
555 3833 711 3906 tempore
724 3824 1014 3907 desponsationis,
1029 3834 1065 3888 et
1081 3823 1267 3905 flagrantes

147 3919 228 3981 dum
248 3919 378 3982 instant
399 3920 549 4001 nuptiae,
567 3920 757 3982 successive
774 3929 896 4002 postea
913 3929 1054 4001 propter
1070 3919 1266 4001 discrepan-

147 4014 232 4076 tiam
265 4010 482 4076 affeflionum
519 4013 740 4088 internarum,
775 4013 1026 4088 defervescunt,
1061 4023 1096 4076 et
1130 4014 1267 4077 demum

147 4110 277 4172 abeunt
300 4109 333 4172 in
357 4109 501 4189 frigora:
535 4109 625 4190 quod
650 4118 732 4171 ωηο
756 4106 953 4171 afseitiones
977 4119 1157 4183 externae,
1182 4128 1267 4192 quae

146 4204 356 4267 induxerunt
375 4214 411 4267 et
431 4200 681 4266 allestaverunt
700 4202 777 4266 illos
801 4203 844 4265 ad
868 4204 1135 4277 matrimonium,
1153 4204 1267 4285 dispa-

147 4309 275 4373 rentur,
301 4308 337 4363 ut
371 4318 433 4362 nec
467 4297 614 4380 amplius
647 4295 869 4378 conjungant,
901 4308 1020 4361 notum
1054 4307 1118 4360 est.
1166 4294 1267 4377 Quod

148 4395 273 4477 frigora
303 4395 501 4458 oboriantur
523 4415 569 4456 ex
594 4393 694 4455 variis
723 4393 835 4456 causis
864 4393 1019 4467 internis,
1043 4395 1208 4470 externis,
1233 4400 1268 4456 et
