2782 5026
142 412 188 496 64
495 426 677 478 DELICIAE
699 426 929 480 snetuu'rms

141 597 255 683 quoad
266 595 414 680 aliquam
428 578 561 680 partem
575 596 692 680 colligi
704 605 820 680 potest
832 618 877 662 ex
894 598 1065 664 historicis
1075 599 1171 665 vitae
1181 621 1260 685 quo·

140 694 285 758 tundam
315 712 446 774 regum,
468 691 629 774 judicum,
657 704 693 757 et
723 695 926 775 sapientum,
955 696 1011 778 qui
1039 698 1157 760 vocati
1186 710 1260 761 sunt

140 787 252 869 sophi,
272 788 306 850 in
326 785 469 851 Graecia
488 796 524 850 et
543 787 643 850 alibi:
677 788 769 870 quod
785 798 900 852 autem
920 788 985 852 hoc
1005 790 1180 853 saeculum
1196 810 1260 854 non

140 883 358 956 consisteret,
382 882 471 945 sicut
493 881 617 945 ferrum
644 882 678 945 in
709 903 746 946 se
776 885 946 958 consistit,
969 884 1030 947 sed
1054 886 1147 967 quod
1171 885 1262 950 fieret

140 980 228 1042 sicut
245 976 367 1041 serrum
383 977 612 1040 commixtum
629 997 706 1040 cum
722 976 854 1059 argilla,
872 1000 957 1061 quae
976 999 1046 1042 non
1065 979 1260 1055 cohaerent,

140 1074 346 1156 praedicitur
374 1093 394 1136 a
423 1072 563 1135 Daniele
586 1071 675 1155 (cap.
699 1074 730 1136 ii.
754 1070 849 1155 Ιι143).
894 1074 992 1138 Nunc
1015 1076 1094 1158 quia
1116 1077 1260 1150 saecula,

139 1189 226 1250 quae
242 1169 419 1231 nominata
435 1179 514 1231 sunt
530 1169 575 1231 ab
590 1189 683 1242 auro,
697 1180 855 1250 argento,
873 1178 909 1233 et
925 1189 1039 1251 cupro,
1057 1181 1141 1234 ante
1157 1173 1260 1253 scrip·

139 1272 291 1326 turarum
307 1273 466 1345 tempora
482 1264 616 1326 luerunt
633 1261 818 1338 transadta,
836 1274 871 1327 et
887 1265 934 1327 sic
950 1265 1104 1346 cognitio
1121 1266 1164 1328 de
1181 1286 1260 1330 con·

136 1357 237 1440 jugiis
260 1357 395 1421 illorum
423 1377 491 1420 non
522 1357 644 1420 dabilis
674 1369 728 1421 est
759 1359 792 1420 in
822 1359 931 1434 terris,
956 1360 1082 1441 placuit
1114 1360 1261 1424 Domino

137 1473 198 1535 per
217 1452 427 1535 spiritualem
443 1453 533 1515 viam
553 1451 634 1514 mihi
650 1453 779 1533 aperire
796 1452 864 1528 illa,
883 1455 1100 1534 perducendo
1120 1456 1164 1518 ad
1184 1476 1259 1520 cae·

137 1549 190 1611 los
210 1549 266 1612 ubi
285 1538 456 1611 do'micilia
475 1547 608 1610 illorum
625 1558 716 1622 sunt,
734 1559 771 1611 ut
790 1569 834 1611 ex
855 1549 920 1611 iliis
936 1560 1096 1613 oretenus
1113 1551 1157 1614 ibi
1177 1552 1259 1615 hau·

137 1643 249 1718 rirem,
270 1642 384 1725 qualia
401 1642 536 1705 fuerant
555 1643 645 1724 apud
665 1643 743 1706 illos
762 1641 930 1725 conjugia,
951 1664 1028 1708 cum
1045 1646 1208 1710 vixerunt
1226 1646 1258 1710 in

136 1738 205 1800 suis
228 1739 340 1802 aevis:
369 1756 489 1801 omnes
508 1737 610 1811 enirn,
631 1739 820 1820 quicunque
844 1759 865 1801 a
887 1740 1060 1802 creatione
1079 1740 1259 1804 obiverant

136 1853 156 1896 e
172 1834 302 1896 mundo
315 1833 472 1907 naturali,
487 1833 520 1895 in
534 1833 663 1895 mundo
678 1832 845 1914 spirituali
861 1843 952 1908 sunt,
965 1844 1001 1896 et
1014 1853 1134 1898 omnes
1146 1836 1257 1918 quoad

135 1947 270 1992 amores
286 1928 335 1990 sui
352 1927 479 1990 similes
496 1937 585 2002 sunt,
603 1936 640 1990 et
656 1938 858 2008 permanent
877 1927 910 1989 in
926 1938 1114 1992 aeternum.
1161 1929 1257 2003 Haec

136 2024 214 2106 quia
229 2023 319 2085 scitu
334 2030 371 2086 et
387 2021 497 2085 relatu
513 2022 619 2102 digna
635 2031 725 2095 sunt,
739 2032 775 2085 et
791 2019 1012 2085 sanititatem
1025 2022 1257 2105 conjugiorum

136 2116 352 2192 confirmant,
372 2116 475 2179 velim
495 2116 564 2191 illa,
585 2116 697 2199 qualia
715 2117 749 2179 in
765 2116 861 2197 vigili
880 2117 1000 2198 spiritu
1019 2116 1099 2179 mihi
1119 2128 1258 2183 ostensa

136 2224 226 2290 sunt,
244 2223 280 2278 et
300 2222 421 2296 postea
440 2213 472 2275 in
492 2211 691 2275 memoriam
711 2231 771 2293 per
786 2210 947 2292 angelum
963 2221 1137 2287 revocata,
1154 2225 1191 2277 et
1210 2215 1257 2279 sic

135 2308 318 2390 descripta,
338 2309 439 2372 edere
458 2309 492 2370 in
512 2306 702 2389 publicum:
727 2315 763 2369 et
782 2307 859 2388 quia
877 2316 957 2369 sunt
975 2327 994 2368 e
1014 2306 1143 2370 mundo
1160 2309 1257 2389 spiri·

133 2404 228 2468 tuali.
246 2405 333 2468 sicut
352 2403 480 2487 reliqua
495 2412 575 2485 post
592 2399 859 2466 transactionum
876 2403 1000 2482 capita,
1017 2401 1108 2465 volui
1125 2402 1257 2484 dispes-

134 2519 212 2563 cere
245 2498 304 2562 illa
339 2500 372 2562 in
410 2519 472 2562 sex
507 2497 744 2562 Memorabilia
777 2497 965 2560 secundum
998 2496 1257 2579 progressiones

133 2604 297 2659 aetatum.

631 2710 759 2725 —

196 2812 265 2884 74.
294 2799 414 2863 *Haec
431 2820 493 2863 sex
511 2798 758 2874 Memorabilia,
775 2818 862 2881 quae
878 2806 958 2860 sunt
976 2817 995 2860 e
1014 2795 1142 2861 mundo
1157 2799 1255 2880 spiri·

133 2897 216 2960 tuali
240 2896 282 2958 de
305 2914 421 2957 amore
440 2893 634 2975 coniugiali,
654 2894 809 2957 revelant
829 2893 938 2975 qualis
957 2893 1013 2956 ille
1031 2911 1128 2955 amor
1145 2890 1256 2956 luerat

131 2993 165 3055 in
186 2990 300 3073 primis
316 2990 418 3063 aevis,
439 3000 475 3052 et
494 2989 602 3071 qualis
621 3000 700 3071 post
719 2989 787 3063 illa,
805 3000 841 3053 et
860 2987 968 3070 qualis
987 2987 1089 3050 hodie
1107 2998 1183 3067 est;
1208 3009 1255 3053 ex

131 3085 253 3169 quibus
272 3094 411 3147 constat
430 3084 521 3166 quod
541 3082 598 3147 ille
615 3103 710 3146 amor
729 3105 749 3146 a
767 3081 953 3146 sanctitate
973 3091 1008 3145 et
1026 3083 1174 3164 puritate
1194 3102 1255 3149 sua

131 3179 322 3243 successive
345 3179 535 3253 recesserit,
560 3199 664 3260 usque
688 3179 768 3241 dum
791 3175 898 3240 ladius
925 3186 978 3240 est
1008 3178 1253 3258 scortatorius;

130 3274 192 3338 sed
208 3275 299 3358 quod
319 3283 435 3337 tamen
455 3274 498 3337 sit
515 3294 592 3354 spes
608 3271 814 3337 reductionis
829 3272 899 3354 ejus
917 3273 951 3335 in
967 3273 1175 3355 primaevam
1193 3294 1253 3337 seu

129 3370 305 3452 antiquam
323 3388 419 3431 suam
436 3365 666 3432 sanctitatem.

193 3479 262 3548 75·
293 3464 438 3526 Primum
459 3462 682 3526 Memorabile
694 3483 747 3526 :-

182 3594 343 3667 Quondam
365 3611 433 3650 curn
457 3596 618 3650 meditatus
643 3612 709 3650 sum
737 3595 775 3651 de
801 3611 903 3650 amore
926 3594 1096 3667 conjugiali,
1115 3597 1252 3666 captavit

129 3685 261 3729 mentem
275 3674 454 3729 desiderium
468 3674 580 3730 sciendi
596 3675 692 3746 qualis
708 3675 757 3730 ille
771 3691 855 3730 amor
868 3675 963 3729 luerat
977 3674 1057 3744 apud
1073 3674 1141 3730 illos
1153 3676 1205 3746 qui
1220 3676 1251 3731 iu

127 3755 238 3808 saeculo
257 3771 346 3807 aureo
364 3753 510 3815 vixerunt,
524 3764 555 3808 et
575 3764 680 3824 postea
698 3755 794 3826 qualis
814 3755 893 3823 apud
915 3753 982 3807 illos
999 3753 1050 3823 qui
1072 3753 1102 3807 in
1121 3755 1250 3811 saeculis

128 3833 330 3904 sequentihus,
340 3849 416 3903 quae
426 3849 463 3887 ex
472 3843 606 3903 argento,
616 3848 717 3903 cupro,
728 3843 758 3888 et
771 3833 858 3895 lerro,
868 3843 1030 3887 vocantur:
1048 3842 1079 3887 et
1088 3833 1250 3902 quianovi,

127 3914 208 3983 quod
225 3928 338 3975 omnes,
351 3911 402 3982 qui
419 3912 449 3966 in
466 3912 523 3968 illis
538 3912 663 3967 saeculis
678 3914 754 3967 bene
769 3913 915 3973 vixerunt,
932 3912 961 3966 in
977 3911 1067 3966 caelis
1082 3911 1152 3974 sint,
1164 3912 1249 3967 oravi

126 3994 165 4047 ed
180 3991 344 4047 Dominum
358 4001 391 4045 ut
406 3992 508 4046 liceret
521 3991 594 4045 mihi
608 4008 676 4046 curn
690 3992 748 4046 illis
761 3991 842 4062 loqui
856 4002 887 4046 et
901 3990 1016 4047 instrui.

182 4071 219 4126 Et
231 4087 301 4127 ecce
313 4070 431 4124 adstitit
443 4070 516 4124 mihi
529 4071 660 4141 angelus,
674 4082 704 4125 et
717 4071 801 4134 dixit,
810 4070 944 4126 “Missus
957 4086 1023 4125 sum
1035 4086 1055 4125 a
1068 4068 1202 4126 Domino
1214 4079 1249 4126 ut

126 4150 182 4207 sim
196 4148 305 4205 dudior
316 4159 347 4204 et
359 4164 475 4212 comes;
494 4165 528 4203 ac
541 4149 669 4219 primum
683 4160 714 4204 te
724 4151 833 4205 ducam
846 4160 877 4204 et
890 4150 1057 4205 comitabor
1065 4149 1103 4204 ad
1117 4149 1184 4204 illos
1194 4149 1246 4220 qui

125 4229 265 4284 vixerunt
277 4228 375 4299 primo
388 4243 463 4282 aevo
475 4245 529 4284 seu
544 4230 671 4291 saeculo,
684 4230 764 4301 quod
781 4239 907 4283 vocatur
921 4229 1071 4284 aureum.”
1109 4228 1147 4282 Et
1161 4227 1246 4292 dixit,

149 4405 167 4440 ⁸
184 4405 265 4455 Nora
283 4404 496 4455 mimula-Ab
505 4405 613 4454 Auctore
623 4405 663 4454 hle
672 4407 837 4468 paragraphus
846 4407 920 4467 siguls
930 4406 1048 4454 citationis
1057 4405 1164 4454 lucium
1173 4411 1217 4456 et
